@BOOK{Becker1990,
    author = {Becker, Thomas},
    year = {1990},
    title = {{Analogie} und morphologische {Theorie}},
    address = {München},
    publisher = {Fink},
    url = {https://fis.uni-bamberg.de/handle/uniba/1870}
}

@INCOLLECTION{Becker1993a,
    author = {Becker, Thomas},
    year = {1993},
    title = {Back-formation, cross-formation, and `bracketing paradoxes' in paradigmatic morphology},
    booktitle = {Yearbook of morphology},
    editor = {Booij, Geert and van Marle, Jaap},
    pages = {1-25},
    address = {Dordrecht},
    publisher = {Kluwer},
    doi = {10.1007/978-94-017-3712-8_1}
}

@ARTICLE{Becker1993b,
    author = {Becker, Thomas},
    year = {1993},
    title = {Morphologische {Ersetzungsbildungen} im {Deutschen}},
    journal = {Zeitschrift für Sprachwissenschaft},
    editor = {Booij, Geert and van Marle, Jaap},
    pages = {185-217},
    volume = {12},
    number = {2},
    doi = {10.1515/zfsw.1993.12.2.185}
}

@INCOLLECTION{Bierwisch1983,
    author = {Manfred Bierwisch},
    year = {1983},
    title = {Semantische und konzeptuelle {Repräsentation} lexikalischer {Einheiten}},
    booktitle = {Untersuchungen zur {Semantik}},
    editor = {Růžička, Rudolf and Wolfgang Motsch},
    pages = {61-99},
    address = {Berlin},
    publisher = {Akademie-Verlag},
    series = {Studia grammatica 22}
}

@INCOLLECTION{Bierwisch1997,
    author = {Manfred Bierwisch},
    year = {1997},
    title = {Lexical information from a minimalist point of view},
    booktitle = {The role of economy principles in linguistic theory},
    editor = {Wilder, Chris and Hans-Martin Gärtner and Manfred Bierwisch},
    pages = {227–266},
    address = {Berlin},
    publisher = {Akademie-Verlag},
    doi = {10.1515/9783050072173-010},
    series = {Studia grammatica 40}
}

@INCOLLECTION{Bierwisch2007,
    author = {Manfred Bierwisch},
    year = {2007},
    title = {{Semantic Form} as interface},
    booktitle = {Interfaces and interface conditions},
    editor = {Späth, Andreas},
    pages = {1–32},
    address = {Berlin},
    publisher = {Mouton de Gruyter},
    series = {Language, Context and Cognition 6},
    doi = {10.1515/9783110926002}
}

@BOOK{Biskup2019,
    author = {Petr Biskup},
    year = {2019},
    title = {Prepositions and verbal prefixes: {The} case of {Slavic}},
    series = {Linguistik Aktuell/Linguistics Today 255},
    address = {Amsterdam, Philadelphia},
    publisher = {John Benjamins},
    doi = {10.1075/la.255}
}

@BOOK{Bochner1993,
    author = {Bochner, Harry},
    year = {1993},
    title = {Simplicity in generative morphology},
    address = {Berlin},
    publisher = {De Gruyter},
    doi = {10.1515/9783110889307},
    series = {Publications in Language Sciences 37}
}

@ARTICLE{Bybee.Slobin1982,
    author = {Bybee, Joan L. and Slobin, Dan I.},
    year = {1982},
    title = {Rules and schemas in the development and use of the {English} past tense},
    journal = {Language},
    volume = {58},
    pages = {265-289},
    number = {2},
    doi = {10.1353/lan.1982.0021}
}

@BOOK{Culicover.Jackendoff2005,
    author = {Culicover, Peter W. and Ray Jackendoff},
    year = {2005},
    title = {Simpler syntax},
    doi = {10.1093/acprof:oso/9780199271092.001.0001},
    address = {Oxford},
    publisher = {Oxford University Press}
}

@BOOK{Culicover.Nowak2003,
    author = {Culicover, Peter W. and Andrzej Nowak},
    year = {2003},
    title = {Dynamical grammar},
    address = {Oxford},
    publisher = {Oxford University Press}
}

@INCOLLECTION{Despic2020,
    author = {Despić, Miloje},
    year = {2020},
    title = {On negative imperatives, aspect and {Agree}},
    booktitle = {Current developments in {Slavic} linguistics. {Twenty} years after (based on selected papers from {FDSL 11})},
    editor = {Teodora Radeva-Bork and Peter Kosta},
    pages = {173–183},
    address = {Berlin, Bern, Bruxelles, New York, Oxford, Warszawa, Wien},
    publisher = {Peter Lang},
    series = {Potsdam Linguistic Investigations 29},
%    DOI =  {10.3726/978-3-653-07147-4}
}

@article{Hanulikova.Hamann2010,
    author = {Hanuliková, Adriana and Silke Hamann},
    year = {2010},
    title = {Slovak},
    journal = {Journal of the International Phonetic Association: Illustrations of the IPA},
    volume = {40},
    number = {3},
pages = {373--378},
    doi = {10.1017/S0025100310000162}
}

@BOOK{Haspelmath2002,
    author = {Martin Haspelmath},
    year = {2002},
    title = {Understanding morphology},
    address = {London},
    publisher = {Arnold},
    series = {Understanding Language Series},
    doi = {10.5281/zenodo.1236482}
}

@BOOK{HaspelmathSims2010,
    author = {Martin Haspelmath and Sims, Andrea D.},
    year = {2010},
    title = {Understanding morphology},
    address = {London},
    publisher = {Hodder Education},
    series = {Understanding Language Series},
    edition = {2},
    doi = {10.4324/9780203776506}
}

@ARTICLE{Hay2001,
    author = {Hay, Jennifer},
    year = {2001},
    title = {Lexical frequency in morphology: {Is} everything relative?},
    journal = {Linguistics},
    volume = {39},
    number = {6},
    pages = {1041-1070},
    doi = {10.1515/ling.2001.041}
}

@BOOK{Jackendoff2002,
    author = {Jackendoff, Ray},
    year = {2002},
    title = {Foundations of Language: {B}rain, Meaning, Grammar, Evolution},
    address = {Oxford},
    publisher = {Oxford University Press},
    doi = {10.1093/acprof:oso/9780198270126.001.0001}
}

@ARTICLE{Jackendoff2007,
    author = {Ray Jackendoff},
    year = {2007},
    title = {A {Parallel Architecture} perspective on language processing},
    journal = {Brain Research},
    volume = {1146},
    pages = {2-22},
    doi = {10.1016/j.brainres.2006.08.111}
}

@BOOK{Jackendoff2010,
    author = {Ray Jackendoff},
    year = {2010},
    title = {Meaning and the lexicon: {The} {Parallel Architecture} 1975--2010},
    address = {Oxford},
    publisher = {Oxford University Press}
}

@ARTICLE{Jackendoff.Audring2016,
  author = {Ray Jackendoff and Jenny Audring},
  year = {2016},
  title = {Morphological schemas: {Morphological} and psycholinguistic issues},
  journal = {The Mental Lexicon},
  volume = {11},
  number = {3},
  pages = {467-493},
  doi = {10.1075/ml.11.3.06jac}
}

@INCOLLECTION{Jackendoff.Audring2018,
  author = {Ray Jackendoff and Jenny Audring},
  year = {2018},
  title = {Relational Morphology in the {Parallel Architecture}},
  booktitle = {The {Oxford} Handbook of Morphological Theory},
  editor = {Jenny Audring and Francesca Masini},
  doi = {10.1093/oxfordhb/9780199668984.013.33},
  address = {Oxford},
pages = {390--408},
  publisher = {Oxford University Press}
}

%@ARTICLE{Jakobson1936,
%    author = {Roman Jakobson},
%    year = {1936},
%    title = {Beitrag zur allgemeinen {Kasuslehre}},
%    journal = {Travaux du Cercle Linguistique de Prague},
%    volume = {6},
%    pages = {240-288}
%}

%@INCOLLECTION{Jakobson1984,
%    author = {Roman Jakobson},
%    year = {1984},
%    booktitle = {Roman {Jakobson}, {Russian} and {Slavic} Grammar: {Studies} 1931--1981},
%    title = {Contribution to the General Theory of Case: {General} Meanings of the {Russian} Cases},
%    pages = {59-103},
%    editor = {Waugh, Linda R. and Halle, Morris},
%    address = {Berlin},
%    publisher = {Mouton de Gruyter}
%}

%@MISC{Kwapiszewski2021,
%    author = {Arkadiusz Kwapiszewski},
%    year = {2021},
%    title = {Fusion, Adjacency and Accessibility: {Secondary imperfectives} in {Polish}},
%    note = {Poster},
%    url = {https://www.researchgate.net/publication/350277518}
%}

%@INCOLLECTION{Lehfeldt.Kempgen1999,
%    author = {Werner Lehfeldt and Sebastian Kempgen},
%    year = {1999},
%    title = {Formenbildung},
%    booktitle = {Handbuch der sprachwissenschaftlichen {RUSSISTIK} und ihrer {Grenzdisziplinen}},
%    editor = {Helmut Jachnow},
%    pages = {109-149},
%    address = {Wiesbaden},
%    publisher = {Harrassowitz},
%    series = {Slavistische Studienbücher, Neue Folge 8}
%}

@incollection{Libben2007,
    author = {Gary Libben},
    year = {2007},
    editor = {Gary Libben and Gonia Jarema},
    title = {Why study compounds? {An} overview of the issues},
    booktitle = {The Representation and Processing of Compound Words},
    address = {Oxford},
    publisher = {Oxford University Press},
    pages = {1-21},
    doi = {10.1093/acprof:oso/9780199228911.001.0001}
}

%@BOOK{Panzer1999,
%    author = {Panzer, Baldur},
%    year = {1999},
%   edition = {3},
%    title = {Die slavischen {Sprachen} in {Gegenwart} und {Geschichte}: {Sprachstrukturen} und {Verwandtschaft}},
%    series = {Heidelberger Publikationen zur Slavistik A: Linguistische Reihe 3},
%    address = {Frankfurt am Main},
%    publisher = {Peter Lang} 
%}

%@article{Pavlik2004,
%    author = {Radoslav Pavlík},
%    year = {2004},
%    title = {Slovenské hlásky a medzinárodná fonetická abeceda},
%    journal = {Jazykovedný časopis},
%    volume = {55},
%    number = {2},
%    pages = {87-109}
%}

@INPROCEEDINGS{Pitsch2013,
    author = {Hagen Pitsch},
    year = {2013},
    title = {Verb stems in {Russian} and {BYT'}},
    editor = {Uwe Junghanns and Dorothee Fehrmann and Denisa Lenertová and Hagen Pitsch},
    booktitle = {{Formal Description of Slavic Languages}: {Proceedings} of {FDSL 9}},
    series = {Linguistics International 28},
    address = {Frankfurt am Main},
    publisher = {Peter Lang},
    pages = {211–235},
    doi = {10.3726/978-3-653-02735-8}
}

@ARTICLE{Pitsch2015,
    author = {Pitsch, Hagen},
    year = {2015},
    title = {Finiteness, Operators and Auxiliaries in {North} {Slavic}},
    journal = {Linguistische Berichte},
    volume = {241},
    pages = {49-79}
}

@BOOK{Pitsch2017,
    author = {Hagen Pitsch},
    year = {2017},
    title = {Kopula, {Auxiliar}, {Prädikativ}: {Zur} {Satzstruktur} in nordslavischen {Sprachen}},
    series = {Specimina Philologiae Slavicae 196},
    address = {Frankfurt am Main},
    publisher = {Peter Lang},
    doi = {10.3726/b12286}
}

@INCOLLECTION{Rumelhart1980,
    author = {Rumelhart, David E.},
    year = {1980},
    title = {Schemata: {The} Building Blocks of Cognition},
    booktitle = {Theoretical Issues in Reading Comprehension: {Perspectives} from Cognitive Psychology, Linguistics, Artificial Intelligence and Education},
    editor = {Rand J. Spiro and Bertram C. Bruce and William F. Brewer},
    pages = {33-58},
    address = {Hillsdale, NJ},
    publisher = {Lawrence Erlbaum Associates}
}

%@incollection{Schenker1993,
%    author = {Schenker, Alexander M.},
%    year = {1993},
%    title = {Proto-Slavic}, 
%    editor = {Comrie, Bernard and Corbett, Greville G.},
%    booktitle = {The {Slavonic} Languages},
%    address = {London, New York},
%    publisher = {Routledge},
%    pages = {60-121}
%}


@incollection{Short1993,
    author = {Short, David},
    year = {1993},
    title = {Slovak}, 
    editor = {Comrie, Bernard and Corbett, Greville G.},
    booktitle = {The {Slavonic} Languages},
    address = {London, New York},
    publisher = {Routledge},
    pages = {533-592}
}

@ARTICLE{Svenonius2004,
    author = {Svenonius, Peter},
    year = {2004},
    title = {Slavic prefixes inside and outside the {VP}},
    journal = {Nordlyd},
    volume = {32},
    number = {2},
    doi = {10.7557/12.68},
    pages = {205–253}
}

@BOOK{Tomasello2003,
    author = {Tomasello, Michael},
    year = {2003},
    title = {Constructing a language: {A} Usage-Based Theory of Language Acquisition},
    address = {Cambridge, MA},
    publisher = {Harvard University Press},
    doi = {10.2307/j.ctv26070v8}
}

%@BOOK{TownsendJanda1996,
%    author = {Townsend, Charles E. and Janda, Laura A.},
%    year = {1996},
%    title = {Common and Comparative {Slavic}: {Phonology} and Inflection},
%    address = {Columbus, OH},
%    publisher = {Slavica}
%}

%@INCOLLECTION{Zimmermann2003,
%  author = {Ilse Zimmermann},
%  year = {2003},
%  title = {German participle {II} constructions as adjuncts},
%  editor = {Ewald Lang and Claudia Maienborn and Cathrine Fabricius-Hansen},
%  booktitle = {Modifying adjuncts},
%  series = {Interface Explorations 4},
%  pages = {627-650},
%  doi = {10.1515/9783110894646.627},
%  address = {Berlin},
%  publisher = {De Gruyter Mouton}
%}

@INCOLLECTION{Zimmermann2009,
  Title     = {Satzmodus},
  Author    = {Zimmermann, Ilse},
  Booktitle = {The {Slavic} languages: {An} International Handbook of their Structure, their History and their Investigation},
  Address   = {Berlin, New York},
  Publisher = {Mouton de Gruyter},
  Year      = {2009},
  Editor    = {Sebastian Kempgen and Peter Kosta and Tilman Berger and Karl Gutschmidt},
  Pages     = {484-504},
  series    = {Handbooks of Linguistics and Communication Science (HSK) 32/1},
  Volume    = {1},
  doi = {10.1515/9783110214475.1.7.484}
}

@INCOLLECTION{Zimmermann2013,
  author = {Ilse Zimmermann},
  year = {2013},
  title = {Selektion und {Interpretation} morpho-syntaktischer {Einheiten}},
  editor = {Härtl, Holden},
  booktitle = {Interfaces of morphology},
  series = {},
  pages = {217–228},
  doi = {10.1524/9783050063799.217},
  address = {Berlin},
  publisher = {Akademie-Verlag}
}

@MISC{Zimmermann2019,
  author = {Ilse Zimmermann},
  year = {2019},
  title = {Verbflexion des {Spanischen} im {Rahmen} eines deklarativen lexikalistischen {Morphologiekonzepts}},
  note = {Unpublished ms. based on a talk held at the ZAS Berlin, November 7, 2019}
}

