
@book{lewis_latin_1879,
	address = {Oxford},
	edition = {Founded on Andrews' edition of Freund's Latin dictionary. Revised, enlarged, and in great part rewritten},
	title = {A {Latin} dictionary},
	publisher = {Clarendon Press},
	author = {Lewis, Charlton T. and Short, Charles},
	year = {1879},
}

@book{almasi_latin_2015,
	address = {Leiden \& Boston},
	series = {Central and {Eastern} {Europe}},
	title = {Latin at the crossroads of identity: {The} evolution of linguistic nationalism in the {Kingdom} of {Hungary}},
	number = {5},
	publisher = {Brill},
	author = {Almási, Gábor and Šubarić, Lav},
	year = {2015},
	keywords = {Altaic \& East Asian Languages, Area Studies, History, Languages and Linguistics, Modern History, Slavic and Eurasian Studies, Social History, Uralic},
}

@book{herkel_jan_2009,
	address = {Bratislava},
	title = {Ján {Herkeľ} a jeho dielo: {Základy} všeobecného slovanského jazyka odvodené zo živých rečí a podložené zdravými zásadami logiky},
	shorttitle = {Ján {Herkeľ} a jeho dielo},
	publisher = {Univerzita Komenského},
	author = {Herkel', Ján},
	translator = {Buzássyová, Ľudmila},
	year = {2009},
	options = {useauthor=false, usetranslator=true},
}

@book{bibliander_optimo_1542,
	address = {Basel},
	title = {De optimo genere grammaticorum {Hebraicorum} commentarius},
	publisher = {Hieronymus Curio},
	author = {Bibliander, Theodore},
	year = {1542},
}

@article{haugen_dialect_1966,
	title = {Dialect, language, nation},
	volume = {68},
	number = {4},
	journal = {American Anthropologist},
	author = {Haugen, Einar},
	year = {1966},
	keywords = {concept},
	pages = {922--935},
}

@book{migne_patrologiae_1857,
	address = {Paris},
	title = {Patrologiae cursus completus (series {Graeca})},
	publisher = {Migne},
	editor = {Migne, Jean-Paul},
	year = {1857–1866},
}

@book{de_vaan_etymological_2008,
	address = {Leiden \& Boston},
	series = {Leiden {Indo}-{European} etymological dictionary series},
	title = {Etymological dictionary of {Latin} and the other {Italic} languages},
	number = {7},
	publisher = {Brill},
	author = {{de Vaan}, {Michiel}},
	editor = {Lubotsky, Alexander},
	year = {2008},
}

@book{swiggers_grammaire_1986,
	address = {Lille},
	title = {Grammaire et théorie du langage au 18e siècle. “{Mot}”, “temps” et “mode” dans l'encyclopédie méthodique},
	shorttitle = {Grammaire et théorie du langage au dix-huitième siècle},
	publisher = {Presses Universitaires de Lille},
	author = {Swiggers, Pierre},
	year = {1986},
}

@book{herder_abhandlung_1772,
	address = {Berlin},
	title = {Abhandlung über den {Ursprung} der {Sprache}, welche den von der {Königl}. {Academie} der {Wissenschaften} für das {Jahr} 1770 gesezten {Preis} erhalten hat},
	publisher = {Voß},
	author = {Herder, Johann Gottfried},
	year = {1772},
}

@book{stroh_latein_2013,
	address = {Berlin},
	title = {Latein ist tot, es lebe {Latein}. {Kleine} {Geschichte} einer großen {Sprache}},
	publisher = {List},
	author = {Stroh, Wilfried},
	year = {2013},
}

@book{maczynski_lexicon_1564,
	address = {Kaliningrad},
	title = {Lexicon {Latinopolonicum} ex optimis {Latinae} linguae scriptoribus concinnatum},
	publisher = {Ioannes Daubmann},
	author = {Mączyński, Jan},
	year = {1564},
}

@article{van_hal_genie_2013,
	title = {Génie de la langue: {The} genesis and early career of a key notion in early modern {European} learning},
	volume = {56},
	shorttitle = {Génie de la langue},
	number = {2},
	journal = {Language \& History},
	author = {{Van Hal}, {Toon}},
	year = {2013},
	pages = {81--97},
}

@book{eco_search_1995,
	address = {Oxford \& Malden},
	series = {The making of {Europe}},
	title = {The search for the perfect language},
	publisher = {Blackwell},
	author = {Eco, Umberto},
	translator = {Fentress, James},
	year = {1995},
	keywords = {History / Europe / General, Language and culture, Language and culture - Europe, Language and culture/ Europe, Language and languages, Language Arts \& Disciplines / General, Language Arts \& Disciplines / Linguistics / General, Language, Universal},
}

@book{joseph_eloquence_1987,
	address = {London},
	series = {Open linguistics series},
	title = {Eloquence and power: {The} rise of language standards and standard languages},
	publisher = {Frances Pinter},
	author = {Joseph, John Earl},
	year = {1987},
	keywords = {Language Arts \& Disciplines / Linguistics / General, Dialectology, Language Arts \& Disciplines / Linguistics, Standard language},
}

@incollection{leerssen_imagology_2007,
	address = {Amsterdam \& New York},
	title = {Imagology: {History} and method},
	booktitle = {Imagology: {The} cultural construction and literary representation of national characters: {A} critical survey},
	publisher = {Rodopi},
	author = {Leerssen, Joep},
	editor = {Beller, Manfred and Leerssen, Joep},
	year = {2007},
	keywords = {Social Science / Popular Culture, Social Science / Sociology / General},
	pages = {17--32},
}

@incollection{hasler_reichtum_2009,
	address = {Berlin \& New York},
	title = {Reichtum},
	volume = {1},
	booktitle = {Lexikon sprachtheoretischer {Grundbegriffe} des 17. und 18. {Jahrhunderts}},
	publisher = {Walter de Gruyter},
	author = {Haßler, Gerda},
	editor = {Haßler, Gerda and Neis, Cordula},
	year = {2009},
	keywords = {concept, Language Arts \& Disciplines / Linguistics / General, Linguistics},
	pages = {930--945},
}

@article{seldeslachts_every_2022,
	title = {“{Every} fox praises its own tail”: {Jan} {Blahoslav} (1523–1571) on {Slavic} dialects},
	volume = {67},
	number = {1},
	journal = {Zeitschrift für Slawistik},
	author = {{Seldeslachts}, {Herman} and {Van Rooy}, {Raf}},
	year = {2022},
	pages = {1--43},
}

@incollection{hullen_characterization_2001,
	address = {Berlin \& New York},
	series = {Handbooks of linguistics and communication science},
	title = {Characterization and evaluation of languages in the renaissance and in the early modern period},
	volume = {1},
	number = {20},
	booktitle = {Language typology and language universals {\textbar} {Sprachtypologie} und sprachliche {Universalien} {\textbar} {La} typologie et les universaux linguistiques [...]},
	publisher = {Walter de Gruyter},
	author = {Hüllen, Werner},
	editor = {Haspelmath, Martin and König, Ekkehard and Oesterreicher, Wulf and Raible, Wolfgang},
	year = {2001},
	pages = {234--249},
}

@book{bodin_methodus_1566,
	address = {Paris},
	title = {Methodus, ad facilem historiarum cognitionem},
	publisher = {Martinum Iuuenem},
	author = {Bodin, Jean},
	year = {1566},
}

@incollection{van_hal__2013,
	address = {Frankfurt am Main, Berlin, Bern, Bruxelles, New York, Oxford \& Wien},
	title = {Γλῶττα καὶ δίαιτα {\textbar} {Lingua} et mores {\textbar} {Sprache} und {Sitten}: {Eine} jahrhundertelange {Verbindung}},
	shorttitle = {Γλῶττα και δίαιτα {\textbar} {Lingua} et mores {\textbar} {Sprache} und {Sitten}},
	booktitle = {Angewandte {Linguistik} {\textbar} {Linguistique} appliquée: {Zwischen} {Theorien}, {Konzepten} und der {Beschreibung} sprachlicher {Äußerungen} {\textbar} {Entre} théories, concepts et la description des expressions linguistiques},
	publisher = {Peter Lang},
	author = {{Van Hal}, {Toon}},
	editor = {Große, S. and Hennemann, A. and Plötner, K. and Wagner, S.},
	year = {2013},
	pages = {21--30},
}

@article{van_rooy_regional_2018,
	title = {Regional language variation in {European} thought before 1500: {A} historical sketch reflecting current research},
	volume = {28},
	number = {2},
	journal = {Beiträge zur Geschichte der Sprachwissenschaft},
	author = {{Van Rooy}, {Raf}},
	year = {2018},
	pages = {167--216},
}

@book{arnauld_grammaire_1660,
	address = {Paris},
	title = {Grammaire generale et raisonnée},
	publisher = {Chez Pierre le Petit},
	author = {Arnauld, Antoine and Lancelot, Claude},
	year = {1660},
	keywords = {aorist, article, case, dual, neuter gender, optative},
}

@incollection{swiggers_indo-european_2017,
	address = {Berlin \& Boston},
	series = {Handbooks of linguistics and communication science},
	title = {Indo-{European} linguistics in the 19th and 20th centuries: {Beginnings}, establishment, remodeling, refinement, and extension(s)},
	volume = {1},
	number = {41.1},
	booktitle = {Handbook of comparative and historical {Indo}-{European} linguistics},
	publisher = {De Gruyter Mouton},
	author = {Swiggers, Pierre},
	editor = {Klein, Jared and Joseph, Brian and Fritz, Matthias},
	collaborator = {Wenthe, Mark},
	year = {2017},
	keywords = {Language Arts \& Disciplines / Linguistics / General, Foreign Language Study / General, Language Arts \& Disciplines / Linguistics / Historical \& Comparative},
	pages = {171--210},
}

@incollection{swiggers_lelaboration_1996,
	address = {Tübingen},
	series = {Geschichte der {Sprachtheorie}},
	title = {L'élaboration de la linguistique comparative. {Comparaison} et typologie des langues jusq'au début du {XIXe} siècle},
	number = {5},
	booktitle = {Sprachtheorien der {Neuzeit} {II}. {Von} der {Grammaire} de {Port}-{Royal} (1660) zur {Konstitution} moderner linguistischer {Disziplinen}},
	publisher = {Gunter Narr},
	author = {Swiggers, Pierre and Desmet, Piet},
	editor = {Schmitter, Peter},
	year = {1996},
	pages = {122--177},
}

@book{lardet_jules-cesar_2019,
	address = {Geneva},
	series = {Travaux d'humanisme et renaissance},
	title = {Jules-{César} {Scaliger}. {De} causis linguae {Latinae}. {Des} causes de la langue latine},
	shorttitle = {Des causes de la langue latine/{De} causis linguae {Latinae}},
	number = {594},
	publisher = {Droz},
	editor = {Lardet, Pierre and Clerico, Geneviève and Colombat, Bernard},
	year = {2019},
	keywords = {Language Arts \& Disciplines / Linguistics / General, History / Europe / Renaissance, History / Modern / 16th Century, Literary Criticism / Medieval, Philosophy / Essays},
}

@book{aussant_grammaire_2021,
	address = {Paris},
	series = {special issue of histoire épistémologie langage},
	title = {La grammaire grecque étendue},
	number = {43.1},
	publisher = {Société d’Histoire et d’Epistémologie des Sciences du Langage},
	editor = {Aussant, Émilie and Dumarty, Lionel},
	year = {2021},
}

@book{bartelink_hieronymus_1980,
	address = {Leiden},
	series = {Mnemosyne. {Supplements}},
	title = {Hieronymus. {Liber} de optimo genere interpretandi ({Epistula} 57): {Ein} {Kommentar}},
	shorttitle = {Liber de optimo genere interpretandi ({Epistula} 57)},
	number = {61},
	publisher = {Brill},
	author = {Bartelink, G.J.M.},
	year = {1980},
	keywords = {Classical Studies, Greek \& Latin Literature},
}

@article{buzassyova_wissenschaftliche_2012,
	title = {Wissenschaftliche {Kompetenzen} und philologische {Arbeitsweise} von {Ján} {Herkeľ} im {Werk} {Elementa} universalis linguae {Slavicae}},
	volume = {33-34},
	journal = {Graecolatina et Orientalia},
	author = {Buzássyová, Ľudmila},
	year = {2012},
	pages = {129--144},
}

@book{kopitar_grammatik_1808,
	address = {Ljubljana},
	title = {Grammatik der slavischen {Sprache} in {Krain}, {Kärnten} und {Steyermark}},
	publisher = {Korn},
	author = {Kopitar, Jernej},
	year = {1808},
}

@book{gambarota_irresistible_2011,
	address = {Toronto, Buffalo \& London},
	title = {Irresistible signs: {The} genius of language and {Italian} national identity},
	publisher = {University of Toronto Press},
	author = {Gambarota, Paola},
	year = {2011},
}

@book{siouffi_genie_2010,
	address = {Paris},
	title = {Le génie de la langue française: Études sur les structures imaginaires de la description linguistique à l'âge classique},
	shorttitle = {Le génie de la langue française},
	publisher = {Honoré Champion},
	author = {Siouffi, Gilles},
	year = {2010},
}

@book{dobrovsky_institutiones_1822,
	address = {Vienna},
	title = {Institutiones linguae {Slavicae} dialecti veteris, quae quum apud {Russos}, {Serbos} aliosque ritus {Graeci}, tum apud {Dalmatas} {Glagolitas} ritus {Latini} {Slavos} in libris sacris obtinet},
	shorttitle = {Institutiones linguae {Slavicae} dialecti veteris},
	publisher = {Schmid},
	author = {Dobrovský, Josef},
	year = {1822},
}

@book{bernolak_grammatica_1790,
	address = {Bratislava},
	title = {Grammatica {Slavica}},
	publisher = {Landerer},
	author = {Bernolák, Anton},
	year = {1790},
}

@book{dainko_lehrbuch_1824,
	address = {Grätz},
	title = {Lehrbuch der windischen {Sprache}: {Ein} {Versuch} zur gründlichen {Erlernung} derselben für {Deutsche}, zur vollkommeneren {Kenntniß} für {Slowenen}},
	shorttitle = {Lehrbuch der windischen {Sprache}},
	publisher = {Kienreich},
	author = {Dainko, Peter},
	year = {1824},
}

@book{adamowicz_praktische_1796,
	address = {Berlin \& Warsaw},
	title = {Praktische polnische {Grammatik} für {Deutsche}, welche diese {Sprache} auf eine leichte {Art} gründlich erlernen wollen},
	shorttitle = {Praktische polnische {Grammatik} für {Deutsche}},
	publisher = {[s.n.]},
	author = {Adamowicz, Alexander},
	year = {1796},
}

@article{van_rooy__2019,
	title = {Διάλεκτος, \textit{dialectus}, dialect: {A} word’s curious journey from {Ancient} {Greek} to ({Neo}-){Latin} and beyond},
	volume = {78},
	number = {3},
	journal = {Latomus: Revue d'études latines},
	author = {{Van Rooy}, {Raf}},
	year = {2019},
	pages = {733--770},
}

@book{van_rooy_language_2020,
	address = {Oxford},
	title = {Language or dialect? {The} history of a conceptual pair},
	shorttitle = {Language or dialect?},
	publisher = {Oxford University Press},
	author = {{Van Rooy}, {Raf}},
	year = {2020},
}

@article{maxwell_effacing_2018,
	title = {Effacing {Panslavism}: linguistic classification and historiographic misrepresentation},
	volume = {46},
	shorttitle = {Effacing {Panslavism}},
	number = {4},
	journal = {Nationalities Papers},
	author = {Maxwell, Alexander},
	year = {2018},
	keywords = {Slavic languages, Croatian history, linguistic classification, Panslavism, Slovak history},
	pages = {633--653},
}

@article{maxwell_pan-nationalism_2022,
	title = {Pan-{Nationalism} as a category in theory and practice},
	volume = {28},
	number = {1},
	journal = {Nationalism and Ethnic Politics},
	author = {Maxwell, Alexander},
	year = {2022},
	pages = {1--19},
}

@article{maxwell_greece_2022,
	title = {Greece and {Germany} as models for {Habsburg} {Panslavs}},
	volume = {28},
	number = {1},
	journal = {Nationalism and Ethnic Politics},
	author = {Maxwell, Alexander},
	year = {2022},
	pages = {20--39},
}

@book{kamusella_politics_2021,
	address = {Abingdon \& New York},
	title = {Politics and the {Slavic} languages},
	publisher = {Routledge},
	author = {Kamusella, Tomasz},
	year = {2021},
}

@book{fernandez_marcos_theodoreti_1979,
	address = {Madrid},
	series = {Textos y estudios «{Cardenal} {Cisneros}»},
	title = {Theodoreti {Cyrensis} quaestiones in octateuchum. {Editio} critica},
	editor = {Fernández Marcos, Natalio and Sáenz-Badillos, Angel},
	year = {1979},
}

@book{of_saxony_epistolae_1529,
	address = {Leipzig},
	title = {Epistolae atque libelli aliquot, co[n]tinentes controuersiam, quæ inter {Nobilem} \& {Illustrem} {Principem} {D}. {Georgium} {Saxoniæ} {Ducem} etc. \& {M}. {Lutherum} [...] versata est [...]},
	author = {{George of Saxony}},
	year = {1529},
}

@article{anon_notitle_19501951,
	volume = {16},
	number = {1},
	journal = {Slovenská reč},
	author = {{Anon.}},
	year = {1950–1951},
	pages = {32},
}

@article{anon_notitle_19491950,
	volume = {15},
	number = {6},
	journal = {Slovenská reč},
	author = {{Anon.}},	
	year = {1949–1950},
	pages = {192},
}

@incollection{moraczewski_manifest_1848,
	address = {Poznań},
	title = {Manifest {Zjazdu} {Słowiańskiego} do {Ludów} {Europy}},
	booktitle = {Opis pierwszego zjazdu słowiańskiego},
	publisher = {Kamieński i Spółka},
	editor = {Moraczewski, Jędrzej},
	year = {1848},
	pages = {99--111},
}

@book{agnew_origins_1993,
	address = {Pittsburgh},
	series = {Pitt series in {Russian} and {East} {European} studies},
	title = {Origins of the {Czech} national renascence},
	publisher = {University of Pittsburgh Press},
	author = {Agnew, Hugh},
	year = {1993},
}

@article{anon__1840,
	title = {A’ hazánkbani tótosdás ügyében},
	number = {102},
	journal = {Társalkodó [from 19 December 1840]},
	author = {{Anon.}},
	year = {1840},
	pages = {405--406},
}

@article{anon__1840-1,
	title = {A’ {Panszlaviszmus}’ cseh-szláv hősei {Lőcsen} [sic]},
	number = {92},
	journal = {Társalkodó [from 14 November 1840]},
	author = {{Anon.}},
	year = {1840},
	pages = {365--367},
}

@article{anon_az_1842,
	title = {Az ág. hitv. bányakerületi közgyülés},
	number = {56, 57, 58},
	journal = {Jelenkor [from 13 July 1842, 16 July 1842, and 20 July 1842]},
	author = {{Anon.}},
	year = {1842},
	pages = {261, 265--266, 271--272},
}

@article{anon_slawischen_1843,
	title = {Die slawischen {Tendenzen} in {Böhmen}},
	volume = {2},
	journal = {Die Grenzboten: Zeitschrift für Politik, Literatur und Kunst},
	author = {{Anon.}},
	year = {1843},
	pages = {1483--1489},
}

@article{anon_stellung_1844,
	title = {Die {Stellung} der {Czechen} und der {Deutschen} in {Böhmen}},
	number = {3},
	journal = {Deutsche Vierteljahrs-Schrift},
	author = {{Anon.}},
	year = {1844},
	pages = {121--162},
}

@article{anon_eastern_1850,
	title = {Eastern {Europe} and {British} policy},
	volume = {11},
	journal = {British Quarterly Review},
	author = {{Anon.}},
	year = {1850},
	pages = {230--265},
}

@article{anon_eastern_1850-1,
	title = {Eastern {Europe} and {British} policy},
	number = {314},
	journal = {Littell’s Living Age},
	author = {{Anon.}},
	year = {1850},
	pages = {327--352},
}

@article{anon_gg_1825,
	title = {{GG}. {Prenumeranti}},
	volume = {3},
	journal = {Serbske Lětopisi},
	author = {{Anon.}},
	year = {1825},
	pages = {no page numbers, entry for \textit{Budimъ}},
}

@article{anon_gg_1826,
	title = {{GG}. {Prenumeranti}},
	volume = {2},
	number = {6},
	journal = {Serbske Lětopisi},
	author = {{Anon.}},
	year = {1826},
	pages = {no page numbers, entry for \textit{Peshta}},
}

@article{anon_gmena_1829,
	title = {Gména pp. {Předplatitelů}},
	volume = {3},
	journal = {Časopis Českého Musea},
	author = {{Anon.}},
	year = {1829},
	pages = {133--144},
}

@article{anon_gmena_1833,
	title = {Gména pp. {Předplatitelů}},
	volume = {7},
	journal = {Časopis Českého Musea},
	author = {{Anon.}},
	year = {1833},
	pages = {no page numbers},
}

@article{anon_griechenland_1844,
	title = {Griechenland},
	number = {29},
	journal = {Wiener Zeitung [from 29 January 1844]},
	author = {{Anon.}},
	year = {1844},
	pages = {227},
}

@article{anon_hamuljakova_1863,
	title = {Hamuljákova listáreň},
	volume = {2},
	number = {2},
	journal = {Sokol: obrázkový časopis pre zábavu a poučenie [from 30 January 1863]},
	author = {{Anon.}},
	year = {1863},
	pages = {38--41},
}

@incollection{anon_imena_1827,
	address = {Vienna},
	title = {Imena {GG}. {Prenumeranta}},
	booktitle = {Danica: {Zabavnik} za {Godina} 1827},
	publisher = {Imperial Press},
	author = {{Anon.}},
	year = {1827},
	pages = {151--162},
}

@incollection{anon_imena_1829,
	address = {Budapest},
	title = {Imena {GG}. {Prenumeranta}},
	booktitle = {Danica: {Zabavnik} za {Godina} 1829},
	publisher = {University Press},
	author = {{Anon.}},
	year = {1829},
	pages = {no page numbers},
}

@incollection{anon_imena_1826,
	address = {Vienna},
	title = {Imena {GG}. {Prenumeranta}},
	booktitle = {Danica: {Zabavnik} za {Godina} 1826},
	publisher = {Imperial Press},
	author = {{Anon.}},
	year = {1826},
	pages = {121--133},
}

@incollection{anon_imena_1828,
	address = {Vienna},
	title = {Imena {GG}. {Prenumeranta}},
	booktitle = {Danica: {Zabavnik} za {Godina} 1828},
	publisher = {Imperial Press},
	author = {{Anon.}},
	year = {1828},
	pages = {no page numbers},
}

@article{anon_kroatien_1845,
	title = {Kroatien und {Slawonien}},
	volume = {20},
	number = {103},
	journal = {Agramer politische Zeitung [from 24 December 1845]},
	author = {{Anon.}},
	year = {1845},
	pages = {469--471},
}

@article{anon_lxxv_1843,
	title = {{LXXV}. {Kerületi} ülés},
	number = {291},
	journal = {Pesti Hirlap [from 15 October 1843]},
	author = {{Anon.}},
	year = {1843},
	pages = {703--705},
}

@article{anon_magyar_1843,
	title = {Magyar önálló kereskedés megalapításáról},
	number = {213},
	journal = {Pesti Hirlap [from 15 January 1843]},
	author = {{Anon.}},
	year = {1843},
	pages = {38},
}

@article{anon_magyar_1841,
	title = {Magyar tudós társaság ülési 1841},
	number = {13},
	journal = {Pesti Hirlap [from 3 March 1841]},
	author = {{Anon.}},
	year = {1841},
	pages = {98},
}

@article{anon_magyarorszag_1842,
	title = {Magyarország és {Erdély}},
	number = {94},
	journal = {Hirnök [from 28 November 1842]},
	author = {{Anon.}},
	year = {1842},
	pages = {1},
}

@article{anon_magyarorszag_1842-1,
	title = {Magyarország és {Erdély}},
	number = {182},
	journal = {Pesti Hirlap [from 29 September 1842]},
	author = {{Anon.}},
	year = {1842},
	pages = {689--690},
}

@article{anon_megyei_1842,
	title = {Megyei dolgok},
	number = {176},
	journal = {Pesti Hirlap [from 8 September 1842]},
	author = {{Anon.}},
	year = {1842},
	pages = {640--641},
}

@article{anon_orosz-es_1842,
	title = {Orosz-es {Lengyelország}},
	number = {23},
	journal = {Világ [from 19 March 1842]},
	author = {{Anon.}},
	year = {1842},
	pages = {186},
}

@article{anon_orszaggyules_1844,
	title = {Országgyülés},
	number = {369, 370},
	journal = {Pesti Hirlap [from 14 July 1844, 18 July 1844]},
	author = {{Anon.}},
	year = {1844},
	pages = {478--480, 486--487},
}

@article{anon_poznamenanj_1830,
	title = {Poznamenánj pp. {Předplatitelů}},
	volume = {4},
	journal = {Časopis Českého Musea},
	author = {{Anon.}},
	year = {1830},
	pages = {486--492},
}

@article{anon_pp_1832,
	title = {Pp předplatitelé na Časopis},
	volume = {6},
	journal = {Časopis Českého Musea},
	author = {{Anon.}},
	year = {1832},
	pages = {489--494},
}

@article{anon_recurs_1843,
	title = {Recurs, whelchen einige slovakische {Seelsorger} und {Schullehrer} im {Mai} des {Jahres} 1842 in {Wien} eingereicht},
	volume = {1},
	journal = {Vierteljahrsschrift aus und für Ungarn},
	author = {{Anon.}},
	year = {1843},
	pages = {186--203},
}

@article{anon_reviews_1849,
	title = {Reviews},
	number = {1135},
	journal = {The Atheneum},
	author = {{Anon.}},
	year = {1849},
	pages = {853--855},
}

@incollection{anon_sitzung_1872,
	address = {Prague},
	title = {Sitzung der {Classe} für {Philosophie}, {Geschichte} und {Philologie} am 31 {Juli} 1871},
	booktitle = {Sitzungsberichte der königl. böhmischen {Gesellschaft} der {Wissenschaften} in {Prag}, {Jahrgang} 1871, {Juli}-{Dezember}},
	publisher = {[s.n.]},
	author = {{Anon.}},
	year = {1872},
	pages = {47--63},
}

@article{anon_szabolcs_1841,
	title = {Szabolcs},
	volume = {1},
	number = {21},
	journal = {Nemzeti ujság [from 13 March 1841]},
	author = {{Anon.}},
	year = {1841},
	pages = {81--82},
}

@article{anon_ueber_1846,
	title = {Ueber befestigte {Centralpunkte}},
	number = {168},
	journal = {Illustrierte Zeitung [from 19 September 1846]},
	author = {{Anon.}},
	year = {1846},
	pages = {186--187},
}

@article{anon_uvodom_1954,
	title = {Úvodom},
	volume = {1},
	journal = {Slovenská literatúra},
	author = {{Anon.}},
	year = {1954},
	pages = {3--4},
}

@article{anon_videki_1841,
	title = {Vidéki levéltárcza},
	number = {52},
	journal = {Pesti Hirlap [from 30 June 1841]},
	author = {{Anon.}},
	year = {1841},
	pages = {437},
}

@article{anon_vortag_1844,
	title = {Vortrag des {Ablegaten} von {Kroatien}, {Herrn} {Hermann} v. {Busan}},
	journal = {Agramer Zeitung [from 13 November 1844, 20 November 1844]},
	author = {{Anon.}},
	year = {1844},
	pages = {368--370, 378},
}

@article{anon_z_1827,
	title = {Z {Wiedena}},
	number = {21},
	journal = {Rozmaitości [from 25 May 1827]},
	author = {{Anon.}},
	year = {1827},
	pages = {180},
}

@article{anon_literatur_1842,
	title = {Literatur der {Presse}},
	volume = {3},
	number = {101–102},
	journal = {Allgemeine Presse Zeitung [from 20 December 1842]},
	author = {{Anon.}},
	year = {1842},
	pages = {929--933},
}

@article{anon_alexander_1863,
	title = {Alexander {Rudnay}},
	volume = {2},
	number = {6},
	journal = {Sokol: obrázkový časopis pre zábavu a poučenie [from 30 March 1863]},
	author = {{Anon. [“M.V.”]}},
	year = {1863},
	pages = {99--103, 122--125},
}

@book{appel_language_1987,
	address = {Amsterdam},
	title = {Language contact and bilingualism},
	publisher = {Amsterdam Academic Archive},
	author = {Appel, René and Muysken, Pieter},
	year = {1987},
}

@article{arato_plan_1971,
	title = {Plan eines slawischen vergleichenden {Wörterbuches}},
	number = {17},
	journal = {Studia Slavica},
	author = {Arató, Endre},
	year = {1971},
	pages = {249--280},
}

@article{arato_slavic_1976,
	title = {The {Slavic} thought: {Its} varieties with the {Slavonic} peoples in the first half of the 19th century},
	volume = {22},
	number = {1–2},
	journal = {Acta historica Academiae Scientiarum Hungaricae},
	author = {Arató, Endre},
	year = {1976},
	pages = {73--98},
}

@book{atkin_wiley-blackwell_2011,
	address = {Oxford},
	title = {The {Wiley}-{Blackwell} dictionary of modern {European} history since 1789},
	publisher = {Wiley Blackwell},
	author = {Atkin, Nicholas and Biddiss, Michael and Tallett, Frank},
	year = {2011},
}

@book{auer_liberal_2004,
	address = {London},
	title = {Liberal nationalism in {Central} {Europe}},
	publisher = {Routledge Curzon},
	author = {Auer, Stefan},
	year = {2004},
}

@article{auty_internal_1967,
	title = {Internal and external factors in the development of {Slavonic} literary languages},
	volume = {7},
	journal = {Studia z filologii polskiej i słowiańskiej},
	author = {Auty, Richard},
	year = {1967},
	pages = {191--202},
}

@article{auty_orthographical_1968,
	title = {Orthographical innovations and controversies among the {Western} and {Southern} {Slavs} during the {Slavonic} national revival},
	volume = {46},
	number = {107},
	journal = {Slavonic and East European Review},
	author = {Auty, Richard},
	year = {1968},
	pages = {324--332},
}

@article{auty_linguistic_1958,
	title = {The linguistic revival among the {Slavs} of the {Austrian} {Empire}, 1780-1850: The role of individuals in the codification and acceptance of new literary languages},
	volume = {53},
	number = {3},
	journal = {Modern Language Review},
	author = {Auty, Richard},
	year = {1958},
	pages = {392--404},
}

@article{basaj_projektach_1985,
	title = {A projektach pisma dla lingua slavica},
	volume = {32},
	journal = {Prace filologiczne},
	author = {Basaj, Mieczysław},
	year = {1985},
	pages = {35--43},
}

@article{batowski_poles_1948,
	title = {The {Poles} and their fellow {Slavs} in 1848},
	volume = {27},
	number = {69},
	journal = {Slavonic and East European Review},
	author = {Batowski, Henryk},
	year = {1948},
	pages = {404--413},
}

@book{bauer_nationalitatenfrage_1907,
	address = {Vienna},
	title = {Die {Nationalitätenfrage} und die {Sozialdemokratie}},
	publisher = {Brand},
	author = {Bauer, Otto},
	year = {1907},
}

@article{baziur_slowacka_2016,
	title = {słowacka a polityka narodowościowa {Królestwa} {Węgier} w latach  1848 – 1918},
	volume = {50},
	journal = {Athanaeum: Polskie studia politologiczne},
	author = {Baziur, Grzegorz},
	year = {2016},
	pages = {158--176},
}

@book{bekesy_nyelvbeke_1843,
	address = {Levoča},
	title = {A {Nyelvbéke} {Magyarországban}},
	publisher = {Wertmüller},
	author = {Békésy, Pál},
	year = {1843},
}

@incollection{bel_praefatio_1746,
	address = {Bratislava},
	title = {Praefatio},
	booktitle = {Grammatica {Slavico}-{Bohemica}},
	publisher = {Royerianis},
	author = {Bel, Matej},
	editor = {Doležal, Pavel},
	year = {1746},
	pages = {ix (unnumbered pages)},
}

@book{bernolak_dissertatio_1787,
	address = {Bratislava},
	title = {Dissertatio philologico-critica de literis {Slavorum}, de divisione illarum, nec non accentibus, cum adnexa lingvae slavonicae per regnum {Hungariae} usitatae compendiosa simul, et facili {Orthographia}, {Ad} systema {Scholarum} {Nationalium} in {Ditionibus} {Caesareo}-{Regiis} introductum plene accomodata, in usum omnium lingvae hujus cultorum a patriis philologis publicae luci data},
	shorttitle = {Dissertatio philologico-critica de literis {Slavorum}},
	publisher = {Landerer},
	author = {Bernolák, Anton},
	year = {1787},
}

@book{bernolak_schlowakische_1817,
	address = {Budapest},
	title = {Schlowakische {Grammatik}},
	publisher = {University Library},
	author = {Bernolák, Anton},
	year = {1817},
}

@book{bernolak_slowar_18251827,
	address = {Budapest},
	title = {Slowár {Slowenskí}-Česko-{Laťinsko}-{Německo}-{Uherski} seu {Lexicon} {Slavicum}},
	publisher = {University Press},
	author = {Bernolák, Anton},
	year = {1825–1827},
}

@book{biedermann_polen_1967,
	address = {Erlangen},
	title = {Polen im {Urteil} der nationalpreußischen {Historiographie} des 19. {Jahrhunderts}},
	publisher = {Hogl},
	author = {Biedermann, Gerd},
	year = {1967},
}

@article{brubaker_national_1995,
	title = {National minorities, nationalizing states, and external national homelands in the new {Europe}},
	volume = {124},
	number = {2},
	journal = {Daedalus},
	author = {Brubaker, Rogers},
	year = {1995},
	pages = {107--132},
}

@article{brubaker_nationalizing_1996,
	title = {Nationalizing states in the old ‘new {Europe}’–and the new},
	volume = {19},
	number = {2},
	journal = {Ethnic and Racial studies},
	author = {Brubaker, Rogers},
	year = {1996},
	pages = {411--437},
}

@article{brubaker_nationalizing_2011,
	title = {Nationalizing states revisited: {Projects} and processes of nationalization in post-{Soviet} states},
	volume = {34},
	number = {11},
	journal = {Ethnic and Racial studies},
	author = {Brubaker, Rogers},
	year = {2011},
	pages = {1785--1814},
}

@article{butvin_problematika_1978,
	title = {Problematika kultúrnych vzťahov {Slovákov} k ostatným {Slovanom} v porevolučných rokoch a v prvej fáze dualizmu (1848-1890) zo strateľom na jej úzky vzťach k vývinu slovenskej otázky},
	number = {27},
	journal = {Zborník Filozofickej fakulty Univerzity Komenského: Historica},
	author = {Butvin, Jozef},
	year = {1978},
	pages = {103--146},
}

@incollection{buzassyova_gramaticke_2002,
	address = {Bratislava},
	title = {Gramatické myslenie {Jána} {Herkeľa} v diele {Elementa} universalis linguae {Slavicae}},
	booktitle = {Varia 9},
	publisher = {Slovenská jazykovedná spoločnosť, Slovak Academy of Sciences},
	author = {Buzássyová, Ľudmila},
	year = {2002},
	pages = {42--45},
}

@book{caplovic_slawismus_1842,
	address = {Leipzig},
	title = {Slawismus und {Pseudomagyarismus}},
	publisher = {Wigand},
	author = {Čaplovič, Ján},
	year = {1842},
}

@incollection{cechvala_michal_1970,
	address = {Martin},
	title = {Michal {Godra} a jeho účasť na alamanchu {Zora}},
	booktitle = {Biografické štúdie},
	volume = {1},
	publisher = {Matica Slovenská},
	author = {Čechvala, Milan},
	year = {1970},
	pages = {120--131},
}

@book{chlebowczyk_procesy_1975,
	address = {Kraków},
	title = {Procesy narodotwórcze we wschodniej {Europie} środkowej w dobie kapitalizmu},
	publisher = {Państwowe Wydawnictwo Naukowe},
	author = {Chlebowczyk, Józef},
	year = {1975},
}

@article{chmelensky_literatura_1836,
	title = {Literatura rok 1836},
	volume = {10},
	number = {2},
	journal = {Časopis Českého Musea},
	author = {Chmelenský, Josef},
	year = {1836},
	pages = {207--219},
}

@incollection{churkina_vopros_1998,
	address = {Moscow},
	title = {Vopros ob obshcheslavjanskom literaturnom jazyke (konec {XVIII}-{XIX} v.)},
	booktitle = {Slavjanskaja ideja: istorija i sovremennost’},
	publisher = {Institute of Slavic Studies, Russian Academy of Sciences},
	author = {Churkina, Iskra},
	editor = {Djakov, Vladimir},
	year = {1998},
	pages = {22--36},
}

@incollection{corbett_introduction_1993,
	address = {London},
	title = {Introduction},
	booktitle = {The {Slavonic} languages},
	publisher = {Routledge},
	author = {Corbett, Greville and Comrie, Bernard},
	editor = {Corbett, Greville and Comrie, Bernard},
	year = {1993},
	pages = {1--19},
}

@book{czambel_slovensky_1890,
	address = {Budapest},
	title = {Slovenský pravopis: historicko-kritické nákres},
	publisher = {Hornanszky},
	author = {Czambel, Samuel},
	year = {1890},
}

@book{danilievskij_rossija_1871,
	address = {Saint Petersburg},
	title = {Rossija i {Evropa}: {Vzgliad} na kul'turnoistoricheskiye i politicheskiye otnosheniya slavjanskogo mira k {Germano}-{Romanskomu}},
	publisher = {Obshchestvenniaja Polbza},
	author = {Danilevskij, Nikolaj},
	year = {1871},
}

@incollection{dernalowicz_slavophilie_2002,
	address = {Paris},
	title = {La slavophilie avant les cours de {Mickiewicz} au {Collège} de {France}},
	booktitle = {Mickiewicz, {La} {France} et l’{Europe}},
	publisher = {Institut d’études slaves},
	author = {Dernałowicz, Maria},
	editor = {Coquin, François-Xavier},
	year = {2002},
	pages = {166--171},
}

@book{dolezal_grammatica_1746,
	address = {Bratislava},
	title = {Grammatica {Slavico}-{Bohemica}},
	publisher = {Royerianis},
	author = {Doležal, Pavel },
	editor = {Doležal, Pavel},
	year = {1746},
}

@incollection{dolgan_vzajemni_1995,
	address = {Brno},
	title = {Vzajemni ali skupni slovanski jezik, kakor ga je oblikoval {Matija} {Majar} {Ziljski}},
	booktitle = {Studia {Balkanica} {Bohemo}-{Slovaca}},
	publisher = {Masarykova univerzita},
	author = {Dolgan, Milan},
	year = {1995},
	pages = {69--75},
}

@article{dorula_slovencina_2011,
	title = {Slovenčina a bibličtina v evanjelickej cirkvi na {Slovensku}},
	volume = {46},
	number = {1},
	journal = {Slavica Slovaca},
	author = {Doruľa, Ján},
	year = {2011},
	pages = {3--9},
}

@book{dragosavljevic_postanak_1840,
	address = {Belgrade},
	title = {Postanak slavenski slova ili pismenost kakva e i kavka treba da e u srbskom ezyku},
	shorttitle = {Slavenski {Slova} ili pisemnost’},
	publisher = {Serbian Royal Library},
	author = {Dragosavljević, Adam},
	year = {1840},
}

@incollection{durovic_kodifikacia_2007,
	address = {Bratislava},
	title = {Kodifikácia novej spisovnej slovenčiny: predpoklady a kompromisy},
	booktitle = {Ľudovít {Štúr} a reč slovenská},
	publisher = {Veda},
	author = {Ďurovič, Ľubomír},
	editor = {Ondrejovič, Slavomír},
	year = {2007},
	pages = {21--34},
}

@book{fadner_seventy_1962,
	address = {Washington, D.C.},
	title = {Seventy years of {Pan}-{Slavism} in {Russia}: {Karamzin} to {Danilevskii}, 1800-1870},
	publisher = {Georgetown University Press},
	author = {Fadner, Frank},
	year = {1962},
}

@incollection{ferguson_language_1968,
	address = {New York},
	title = {Language development},
	booktitle = {Language problems of developing nation},
	publisher = {John Wiley},
	author = {Ferguson, Charles},
	editor = {Fishman, Joshua and Ferguson, Charles and Gupta, Jyotirindra Das},
	year = {1968},
	pages = {28--33},
}

@book{fisher_political_2006,
	address = {New York},
	title = {Political change in post-communist {Slovakia} and {Croatia}},
	publisher = {Palgrave},
	author = {Fisher, Sharon},
	year = {2006},
}

@book{flajshans_ceska_1911a,
	address = {Prague},
	title = {Česká přisloví: Sbírka příslovi, průpovědí a pořekadel lidu českého v {Čechách}},
	publisher = {Šimáčka},
	author = {Flajšhans, Václav},
	year = {1911},
	volume = {1},
}

@book{flajshans_ceska_1911b,
	address = {Prague},
	title = {Česká přisloví: Sbírka příslovi, průpovědí a pořekadel lidu českého v {Čechách}},
	publisher = {Šimáčka},
	author = {Flajšhans, Václav},
	year = {1911},
	volume = {2},
}

@book{fowler_english_1859,
	address = {New York},
	title = {English grammar: {The} {English} language in its elements and forms},
	publisher = {Harper},
	author = {Fowler, William},
	year = {1859},
}

@book{gerometta_altere_1876,
	address = {Prague},
	title = {Ältere und neuere {Magyarisirungs}-{Versuche} in {Ungarn}},
	publisher = {Urbánek},
	author = {Gerometta, Jan},
	year = {1876},
}

@incollection{godra_basne_1835,
	address = {Budapest},
	title = {Básně, nápisy, hračka so samohláskami},
	booktitle = {Zora: {Almanach} za roku 1835},
	publisher = {University Press},
	author = {Godra, Michal},
	year = {1835},
	pages = {268--281},
}

@mastersthesis{grebmeier_origins_1951,
	title = {The origins and development of the nationality problems in {Austria} to 1849},
	school = {Stanford University, Department of History},
	author = {Grebmeier, Ralph},
	year = {1951},
}

@book{grellman_statistische_1795,
	address = {Göttingen},
	title = {Statistische {Aufklärung} über wichtige {Theile} und {Gegenstände} der Österreischischen {Monarchie}},
	volume = {3},
	publisher = {Vendenhoek \& Ruprecht},
	author = {Grellmann, Heinrich Moritz Gottlieb},
	year = {1795},
}

@incollection{habovstiakova_almanach_1970,
	address = {Martin},
	title = {Almanach {Zora} z jazykového hľadiska},
	booktitle = {Biografické štúdie},
	volume = {1},
	publisher = {Matica Slovenská},
	author = {Habovštiaková, Katarína},
	year = {1970},
	pages = {95--106},
}

@article{hantsch_pan-slavism_1965,
	title = {Pan-{Slavism}, {Austro}-{Slavism}, {Neo}-{Slavism}: {The} all {Slav} congresses and the nationality problems of {Austria}-{Hungary}},
	volume = {1},
	journal = {Austrian History Yearbook},
	author = {Hantsch, Hugo},
	year = {1965},
	pages = {23--37},
}

@article{hantsch_panslawismus_1965,
	title = {Panslawismus, {Neoslawismus}, {Austroslawismus}},
	volume = {10},
	number = {1–2},
	journal = {Der Donauraum},
	author = {Hantsch, Hugo},
	year = {1965},
	pages = {94--105},
}

@incollection{hanusem_clovekoslovi_1867,
	address = {Brno},
	title = {Člověkosloví a vychovatelství},
	booktitle = {Čteni poučné a zábavn},
	publisher = {Matica Moravské},
	author = {Hanusem, J.J.},
	year = {1867},
	pages = {165--193},
}

@incollection{haraksim_slovak_2011,
	address = {Cambridge},
	title = {Slovak {Slavism} and {Panslavism}},
	booktitle = {Slovakia in history},
	publisher = {Cambridge University Press},
	author = {Haraksim, Ľudovít},
	editor = {Teich, Mikuláš and Kováč, Dušan and Brown, Martin},
	year = {2011},
	pages = {101--119},
}

@book{hattala_grammatica_1850,
	address = {Banská Štiavnica},
	title = {Grammatica linguae slovenicæ collatæ cum proxime cognata bohemica},
	shorttitle = {Grammatica linguae slovenicæ},
	publisher = {Lorber},
	author = {Hattala, Martin},
	year = {1850},
}

@book{hattala_mluvnica_1865,
	address = {Banská Bystrica},
	title = {Mluvnica jazyka slovenského},
	publisher = {Krčméry},
	author = {Hattala, Martin},
	year = {1865},
}

@article{herkel_jegyzesek_1969,
	title = {Jegyzések a’ {Tudományos} {Gyüjteménynek} 1825dik esztendei folytatásáról szőlő jelentéshez / {Poznámky} k oznámeniu o pokračovaní 1826 ročníka {Tudományos} {Gyüjtemény}},
	volume = {14},
	journal = {Historické štúdie},
	author = {Herkel, Jan},
	translator = {Havaš, J[ozef?]},
	year = {1969},
	pages = {224--235},
}

@incollection{herkel_prameny_1836,
	address = {Budapest},
	title = {Pramény},
	booktitle = {Zora, {Almanach} na rok 1836},
	publisher = {University Press},
	author = {Herkel, Jan},
	year = {1836},
	pages = {209--215},
}

@book{hodza_slowak_1848,
	address = {Prague},
	title = {Der {Slowak}: {Beiträge} zur {Beleuchtung} der slawischen {Frage} in {Ungarn}},
	publisher = {Slavische Centralblätter},
	author = {Hodža, Michal},
	year = {1848},
}

@book{hoitsy_apologie_1843,
	address = {Leipzig},
	title = {Apologie des ungrischen {Slawismus}},
	publisher = {Vlockmar},
	author = {Hoitsy, Samuel},
	year = {1843},
}

@book{hoitsy_sollen_1833,
	address = {Karlovac},
	title = {Sollen wir {Magyaren} werden? {Sechs} {Briefe} geschrieben aus {Pesth}},
	publisher = {Prettner},
	author = {Hoitsy, Samuel},
	year = {1833},
}

@incollection{holly_selanki_1835,
	address = {Budapest},
	title = {Selanki},
	booktitle = {Zora: {Almanach} za roku 1835},
	publisher = {University Press},
	author = {Hollý, Ján},
	year = {1835},
	pages = {5--70},
}

@book{horacek_jazykove_1928,
	address = {Prague},
	title = {Jazykové právo Československé {Republiky}: {Kritická} studie},
	publisher = {Knihovna sborníku věd právních a státních},
	author = {Horáček, Cyril},
	year = {1928},
}

@article{horak_heritage_1963,
	title = {Heritage of {Lenin}’s coexistence},
	volume = {19–20},
	journal = {The Ukrainian Quarterly},
	author = {Horak, Stephen},
	year = {1963},
	pages = {133--143},
}

@book{hroch_social_1985,
	address = {Cambridge},
	title = {Social preconditions of national revival in {Europe}: {A} comparative analysis of the social composition of patriotic groups among the smaller {European} nations},
	publisher = {Cambridge University Press},
	author = {Hroch, Miroslav},
	year = {1985},
}

@article{hroch_social_1994,
	title = {The social interpretation of linguistic demands in {European} national movements},
	number = {94/1},
	journal = {EUI Working Paper},
	author = {Hroch, Miroslav},
	year = {1994},
}

@incollection{hroch_social_2007,
	address = {Aldershot},
	title = {The social interpretation of linguistic demands in {European} national movements},
	booktitle = {Comparative studies in modern {European} history: {Nation}, nationalism and social change},
	publisher = {Ashgate},
	author = {Hroch, Miroslav},
	editor = {Hroch, Miroslav},
	year = {2007},
	pages = {67--96},
}

@incollection{janda_slavic_2006,
	address = {Amsterdam},
	title = {Slavic languages},
	volume = {11},
	number = {11},
	booktitle = {Encyclopedia of language and linguistics: {Sca}-{Spe}},
	publisher = {Elsevier},
	author = {Janda, Laura},
	editor = {Brown, Keith},
	year = {2006},
	pages = {415--418},
}

@article{janosik_na_1938,
	title = {Na vysvetlenie},
	volume = {8},
	number = {8–10},
	journal = {Slovenská reč},
	author = {Jánošík, Anton},
	year = {1938–1939},
	pages = {209--210},
}

@incollection{jona_ludovit_1956,
	address = {Bratislava},
	title = {Ľudovít {Štúr} kodifikátor spisovnej slovenčiny},
	booktitle = {Ľudovít {Štúr}: {Život} a dielo 1815-1856},
	publisher = {SAV},
	author = {Jóna, Eugen},
	editor = {Matula, Vladimir},
	year = {1956},
	pages = {197--213},
}

@article{jona_pavel_1978,
	title = {Pavel {Doležal} a jeho gramatika},
	volume = {43},
	number = {5},
	journal = {Slovenská reč},
	author = {Jóna, Eugen},
	year = {1978},
	pages = {257--266},
}

@article{jopson_introduction_1934,
	title = {Introduction to {G}. {Bozhovitch}’s Story ‘{The} lair’},
	volume = {1},
	number = {2–4},
	journal = {The European Quarterly},
	author = {Jopson, Norman},
	year = {1934},
	pages = {210},
}

@book{judson_habsburg_2016,
	address = {Cambridge},
	title = {The {Habsburg} {Empire}: {A} new history},
	publisher = {Harvard University Press},
	author = {Judson, Pieter},
	year = {2016},
}

@article{kacirek_community_2016,
	title = {Community life of {Slovaks} in {Budapest} between 1850 and 1875},
	volume = {4},
	number = {2},
	journal = {Central European Papers},
	author = {Kačírek, Ľuboš},
	year = {2016},
	pages = {68--79},
}

@book{kerecman_historia_2011,
	address = {Bratislava},
	title = {História advokácie na {Slovensku}},
	publisher = {Eurokódex},
	author = {Kerecman, Peter and Manik, Rudolf},
	year = {2011},
}

@book{kirschbaum_anton_1964,
	address = {Cleveland},
	title = {Anton {Bernolák}, {The} first codifier of the {Slovak} language (1762-1812)},
	publisher = {Jednota Press, Slovak Institute},
	author = {Kirschbaum, Josef M.},
	year = {1964},
}

@book{kirschbaum_pan-slavism_1966,
	address = {Winnipeg \& Cleveland},
	title = {Pan-{Slavism} in {Slovak} literature: {Ján} {Kollár} – {Slovak} poet of {Panslavism}},
	publisher = {Slovak Institute},
	author = {Kirschbaum, Josef M.},
	year = {1966},
}

@incollection{kirschbaum_slovak_1975,
	address = {Winnipeg},
	title = {Chapter {III}},
	booktitle = {Slovak language and literature: essays},
	publisher = {University of Manitoba},
	author = {Kirschbaum, Josef M.},
	year = {1975},
	pages = {39--104},
}

@article{kirschbaum_federalism_1977,
	title = {Federalism in {Slovak} communist politics},
	volume = {19},
	number = {4},
	journal = {Canadian Slavonic Papers},
	author = {Kirschbaum, Stanislav},
	year = {1977},
	pages = {444--467},
}

@book{kirschbaum_historical_2014,
	address = {Lanham},
	title = {Historical dictionary of {Slovakia}},
	publisher = {Scarecrow},
	author = {Kirschbaum, Stanislav},
	year = {2014},
}

@book{kirschbaum_z_2010,
	address = {Lanham},
	title = {The {A} to {Z} of {Slovakia}},
	publisher = {Scarecrow},
	author = {Kirschbaum, Stanislav},
	year = {2010},
}

@book{kis_emlekezesei_1890,
	address = {Berlin},
	title = {Emlékezései életéből: {Maga} által feljegyezve},
	publisher = {Franklin},
	author = {Kis, Janos},
	year = {1890},
}

@article{kloss_abstand_1993,
	title = {Abstand languages and ausbau languages},
	volume = {35},
	number = {1, 4},
	journal = {Anthropological Linguistics},
	author = {Kloss, Heinz},
	year = {1993},
	pages = {158--170},
}

@article{kloss_abstandsprachen_1967,
	title = {Abstandsprachen and {Ausbausprachen}},
	volume = {9},
	number = {7},
	journal = {Anthropological Linguistics},
	author = {Kloss, Heinz},
	year = {1967},
	pages = {29--41},
}

@incollection{kloss_abstandsprachen_1976,
	address = {Wiesbaden},
	title = {Abstandsprachen und {Ausbausprachen}},
	booktitle = {Zur {Theorie} des {Dialekts}: {Aufsätze} aus 100 {Jahren} {Forschung} mit biographischen {Anmerkungen} zu den {Autoren}},
	publisher = {Steiner},
	author = {Kloss, Heinz},
	editor = {{Göschel}, {Joachim} and {Nail}, {Norbert} and {van der Elst}, {Gaston}},
	year = {1976},
	pages = {301--322},
}

@incollection{koch_slavism_1962,
	address = {Wiesbaden},
	title = {Slavism und {Slavismus} im polnischen {Nationalbewußtsein} 1794 bis 1848},
	booktitle = {Kleine {Schriften} zur {Kirchen}- und {Geistesgeschichte} {Osteuropas}},
	publisher = {Hassarowitz},
	author = {Koch, Hans},
	editor = {Koch, Hans},
	year = {1962},
	pages = {108--161},
}

@book{kohn_panslavism_1953,
	address = {Notre Dame},
	title = {Pan-Slavism: {Its} history and ideology},
	publisher = {University of Notre Dame},
	author = {Kohn, Hans},
	year = {1953},
}

@book{kola_slowianofilstwo_2004,
	address = {Łódź},
	title = {Słowianofilstwo czeskie i rosyjskie w ujęciu porównawczym},
	publisher = {Ibidem},
	author = {Kola, Adam},
	year = {2004},
}

@incollection{kollar_etwas_1821,
	address = {Aarau},
	title = {Etwas über die {Magyarisirung} der {Slaven} in {Ungarn}},
	booktitle = {Überlieferungen zur {Geschichte} unserer {Zeit}, {Jahrgang} 1821},
	publisher = {Sauerlander},
	author = {Kollár, Jan},
	editor = {Zschokke, Heinrich},
	year = {1821},
	pages = {552--558},
}

@incollection{kollar_kocel_1840,
	address = {Budapest},
	title = {Kocel, {Knjže} nitranské slowenské},
	booktitle = {Zora: {Almanach} za roku 1840},
	publisher = {University Press},
	author = {Kollár, Jan},
	year = {1840},
	pages = {275--280},
}

@book{kollar_narodinie_1835,
	address = {Budapest},
	title = {Národinié zpiewanky čili pjsně swětské {Slowákůw} w {Uhrách}},
	publisher = {Král. universická tiskárna},
	author = {Kollár, Jan},
	volume = {2},
	year = {1835},
}

@incollection{kollar_puwod_1840,
	address = {Budapest},
	title = {Půwod {Lipska}},
	booktitle = {Zora: {Almanach} za roku 1840},
	publisher = {University Press},
	author = {Kollár, Jan},
	year = {1840},
	pages = {7--10, 275--280},
}

@book{kollar_reciprocity_2009,
	address = {Bloomington},
	title = {Reciprocity between the various tribes and dialects of the {Slavic} nation},
	publisher = {Slavica},
	author = {Kollár, Jan},
	translator = {Maxwell, Alexander},
	year = {2009},
}

@book{kollar_rozprawy_1830,
	address = {Budapest},
	title = {Rozprawy o gmenách počatkách i starožitnostech národu slawského a geho kmenů},
	publisher = {University Press},
	author = {Kollár, Jan},
	year = {1830},
}

@book{kollar_slawy_1832,
	address = {Prague},
	title = {Sláwy dcera: lyricko-epická báseň w pěti zpěwjch},
	publisher = {Trattner a Károly},
	author = {Kollár, Jan},
	year = {1832},
}

@book{kollar_slawy_1824,
	address = {Budapest},
	title = {Sláwy dcera: we třech zpěwjch},
	publisher = {Royal University Press},
	author = {Kollár, Jan},
	year = {1824},
}

@book{kollar_uber_1837,
	address = {Budapest},
	title = {Über die literarische {Wechselseitigkeit} zwischen den verschiedenen {Stämmen} und {Mundarten} der slawischen {Nation}},
	publisher = {Trattner-Károlyi},
	author = {Kollár, Jan},
	year = {1837},
}

@book{kollar_wyklad_1832,
	address = {Budapest},
	title = {Wýklad čili {Přjmětky} a {Wyswětliwky} ku {Sláwy} {Dceře}},
	publisher = {Trattner},
	author = {Kollár, Jan},
	year = {1832},
}

@article{kopitar_patriotische_1810,
	title = {Patriotische {Phantasien} eines {Slaven}},
	volume = {3},
	number = {9},
	journal = {Vaterländische Blätter für den österreichischen Kaiserstaat [from 5 June 1810]},
	author = {Kopitar, Jernej},
	year = {1810},
	pages = {87--93},
}

@article{kopp_east_1992,
	title = {The {East} {European} revolutions and education in {Czechoslovakia}},
	volume = {36},
	number = {1},
	journal = {Comparative Education Review},
	author = {{von Kopp}, {Botho}},
	year = {1992},
	pages = {101--113},
}

@book{kotvan_bibliografia_1957,
	address = {Martin},
	title = {Bibliografia {Bernolákovcov}},
	publisher = {Matica Slovenská},
	author = {Kotvan, Imrich},
	year = {1957},
}

@incollection{kouril_magyars_2019,
	address = {Leiden},
	title = {The {Magyars} and their contribution to the collapse and fall of {Great} {Moravia}: {Allies}, neighbours, enemies},
	booktitle = {The fall of {Great} {Moravia}: {Who} was buried in grave {H153} at {Pohansko} near {Břeclav}?},
	publisher = {Brill},
	author = {Kouřil, Pavel},
	editor = {Macháček, Jiří and Wihoda, Martin},
	year = {2019},
	pages = {62--93},
}

@book{kovac_dejiny_1999,
	address = {Prague},
	title = {Dějiny {Slovenska}},
	publisher = {Lidové noviny},
	author = {Kováč, Dušan},
	year = {1999},
}

@book{krasinski_panslavism_1848,
	address = {London},
	title = {Panslavism and {Germanism}},
	publisher = {Newby},
	author = {Krasiński, Walerjan},
	year = {1848},
}

@incollection{krosny_panslavism_2004,
	address = {New York},
	title = {Panslavism},
	booktitle = {Encyclopedia of the {Romantic} era, 1760–1850},
	publisher = {Taylor and Francis},
	author = {Krosny, Katharina},
	editor = {Murray, Christopher John},
	year = {2004},
	pages = {849--850},
}

@article{krusinsky_prispevky_1928,
	title = {Príspevky k poezii {Vajanského}},
	volume = {8},
	number = {1},
	journal = {Sborník Spolku profesorov Slovákov},
	author = {Krušinský, R.},
	year = {1928},
	pages = {18--24},
}

@incollection{kubon_comparison_2014,
	address = {Doha},
	title = {A comparison of {MT} methods for closely related languages: {A} case study on {Czech}-{Slovak} language pair},
	booktitle = {Proceedings of the {EMNLP}’2014 workshop on language technology for closely related languages and language variants},
	publisher = {Association for Computational Linguistics},
	author = {Kuboň, Vladislav and Vičič, Jernej},
	editor = {Nakov, Preslav and Osenova, Petya and Vertan, Cristina},
	year = {2014},
	pages = {92--98},
}

@book{kulikovskij_ocherk_1885,
	address = {Warsaw},
	title = {Ocherk istorii popytok reshenija voprosa ob edinom literaturnom jazyke u slavjan},
	publisher = {Kowalewski},
	author = {Kulikovskij, Platon},
	year = {1885},
}

@incollection{kulmer_speech_1843,
	address = {Budapest},
	title = {Speech of 17 {August} 1843},
	booktitle = {Méltóságos {Fő}-rendeknél tartatott {Országos} ülések {Naplója}},
	publisher = {Landerer},
	author = {Kulmer, Ferencz},
	year = {1843},
	pages = {163},
}

@article{kun_classification_1982,
	title = {On the classification of early {Panslavism}},
	volume = {28},
	journal = {Studia Slavica},
	author = {Kun, Mikló},
	year = {1982},
	pages = {175--196},
}

@incollection{kuzmany_pjsen_1835,
	address = {Budapest},
	title = {Pjseň prostonárodnjá},
	booktitle = {Zora: {Almanach} za roku 1835},
	publisher = {University Press},
	author = {Kuzmány, Karol},
	year = {1835},
	pages = {167--168},
}

@book{kuzmin_vyvoj_1981,
	address = {Prague},
	title = {Vývoj školství a vydělání v československu},
	publisher = {Akademia},
	author = {Kuzmin, Michail},
	year = {1981},
}

@article{laszlo_evangelikus_2004,
	title = {Evangélikus társasélet a reformkori {Pest}-{Budán}},
	volume = {12},
	number = {46},
	journal = {Budapesti Negyed},
	author = {László, Ferenc},
	year = {2004},
	pages = {165--184},
}

@book{lazari_idei_2009,
	address = {Warsaw},
	title = {Idei v {Rossii} / {Idee} w {Rosji} / {Ideas} in {Russia}},
	publisher = {Semper},
	author = {{de Lazari}, {Andrzej}},
	year = {2009},
	volume = {7},
}

@incollection{leshchilovskaja_idei_1977,
	address = {Moscow},
	title = {Idei edinenija slavjanskikh kul’tur v pervoj polovine {XIX} v.},
	booktitle = {Formirovanie natsional’nykh kul’tur v stranakh {Tsentral}’noi i {Iugo}-{Vostochnoi} {Evropy}},
	publisher = {Nauka},
	author = {Leshchilovskaja, Inna},
	year = {1977},
	pages = {114--126},
}

@article{lewaszkiewicz_miedzy_2014,
	title = {Między ideą wspólnego języka słowiańskiego i słowiańskimi mikrojęzykami literackimi},
	volume = {27},
	journal = {Poznańskie Spotkania Językoznawcze},
	author = {Lewaszkiewicz, Tadeusz},
	year = {2014},
	pages = {73--84},
}

@book{lichard_rozhowor_1861,
	address = {Budapest},
	title = {Rozhowor o {Memorandum} národa slowenského},
	publisher = {University Press},
	author = {Lichard, Daniel},
	year = {1861},
}

@article{lifanov_almanach_2010,
	title = {Almanach {Zora} a štúdium dejiny spisovnej slovenčiny},
	volume = {20},
	number = {4},
	journal = {Opera Slavica},
	author = {Lifanov, Konstantin},
	year = {2010},
	pages = {34--42},
}

@incollection{lindner_cechisches_1873,
	address = {Vienna},
	title = {Čechisches {Schulwesen}},
	volume = {2},
	number = {2},
	booktitle = {Bericht über österreichisches {Unterrichtswesen}},
	publisher = {Hölder},
	author = {Lindner, Gustav},
	editor = {Schwab, Erasmus and Ficker, Adolf},
	year = {1873},
	pages = {489--518},
}

@book{lipson_russian_1981,
	address = {Bloomington},
	title = {A {Russian} course},
	publisher = {Slavica},
	author = {Lipson, Alexander},
	year = {1981},
}

@book{locher_nationale_1931,
	address = {Haarlem},
	title = {Die nationale {Differenzierung} und {Integrierung} der {Slovaken} und {Tschechen} in ihrem geschichtlichen {Verlauf} bis 1848},
	publisher = {Tjeenk und zoon},
	author = {Locher, Theodore},
	year = {1931},
}

@book{lodge_french_1993,
	address = {London},
	title = {French: {From} dialect to standard},
	publisher = {Routledge},
	author = {Lodge, R. Anthony},
	year = {1993},
}

@article{lucewicz_ideja_2015,
	title = {Ideja vseslavjanskogo edinstva i {Pervyj} {Slavjanskij} congress v {Ispovedi} {Mihaila} {Bakunina}},
	volume = {20},
	journal = {Acta Polono-Ruthenica},
	author = {Łucewicz, Ludmiła},
	year = {2015},
	pages = {67--74},
}

@article{lukacs_sprachenkampf_1843,
	title = {Der {Sprachenkampf} in {Ungarn} [{Schluß}]},
	volume = {2},
	number = {141},
	journal = {Beilage zur Allgemeinen Zeitung München [from 21 May 1843]},
	author = {Lukács, Móric},
	year = {1843},
	pages = {1088--1090},
}

@incollection{macho_jazyk_2002,
	address = {Martin},
	title = {Jazyk a národ v obranných spisoch {Jána} {Kollára} a {Jána} {Herkeľa}},
	booktitle = {Biografické štúdie},
	volume = {28},
	publisher = {Slovenská národná knižnica},
	author = {Macho, Peter},
	year = {2002},
	pages = {15--24},
}

@article{macho_k_2001,
	title = {K problémom prekladu a interpretácie {Herkeľovej} národnej obrany z roku 1826},
	volume = {49},
	number = {4},
	journal = {Historický časopis},
	author = {Macho, Peter},
	year = {2001},
	pages = {609--620},
}

@book{mackenzie_across_1862,
	address = {Cambridge},
	title = {Across the {Carpathians}},
	publisher = {Macmillan},
	author = {Mackenzie, Georgina Muir and Irby, Adelina Paulina},
	year = {1862},
}

@article{mares_extreme_2009,
	title = {The extreme right in {Eastern} {Europe} and territorial issues},
	volume = {11},
	number = {2–3},
	journal = {Středoevropské politické studie},
	author = {Mareš, Miroslav},
	year = {2009},
	pages = {82--106},
}

@book{masnicius_zprawa_1696,
	address = {Levoča},
	title = {Zpráwa {Pjsma} {Slowenského}, gak se ma dobře psati, čjsti, y tisknauti},
	publisher = {Brewera},
	author = {Masnicius, Tobias},
	year = {1696},
}

@article{matovcik_jan_1961,
	title = {Ján {Herkel}’ a jeho jazykovedné dielo},
	volume = {12},
	number = {1},
	journal = {Jazykovedný časopis},
	author = {Maťovčík, Augustín},
	year = {1961},
	pages = {62--70},
}

@book{matovcik_martin_1971,
	address = {Liptovský Mikuláš},
	title = {Martin {Hamuljak} (1789-1859)},
	publisher = {SAV},
	author = {Maťovčík, Augustín},
	year = {1971},
}

@article{matovcik_neznama_1969,
	title = {Neznáma národná obrana {Jána} {Herkeľa} z roku 1826},
	volume = {14},
	journal = {Historické štúdie},
	author = {Maťovčík, Augustín},
	year = {1969},
	pages = {223--226},
}

@incollection{matovcik_poznamky_2002,
	address = {Martin},
	title = {Poznámky k životu a slovanskej koncepcii {Jána} {Herkeľa}},
	booktitle = {Biografické štúdie},
	volume = {28},
	publisher = {Matica Slovenská},
	author = {Maťovčík, Augustín},
	year = {2002},
	pages = {11--14},
}

@article{matovcik_prispevok_1964,
	title = {Príspevok k život a dielu {Jána} {Herkeľa}},
	volume = {9},
	journal = {Historické štúdie},
	author = {Maťovčík, Augustín},
	year = {1964},
	pages = {5--28},
}

@incollection{matovcik_vzajomna_1965,
	address = {Martin},
	title = {Vzájomná spolupráca a priateľstvo {Pavla} {Jozefa} {Šafárika} s {Martinom} {Hamuljakom}},
	booktitle = {Listy {Pavla} {Jozefa} {Šafárika} {Martinovi} {Hamuljakovi}},
	publisher = {Matica Slovenská},
	author = {Maťovčík, Augustín},
	editor = {Maťovčík, Augustín},
	year = {1965},
	pages = {5--25},
}

@book{matovcik_listy_1965,
	address = {Martin},
	title = {Listy {Pavla} {Jozefa} {Šafárika} {Martinovi} {Hamuljakovi}},
	publisher = {Matica Slovenská},
	editor = {Maťovčík, Augustín},
	year = {1965},
}

@book{maxwell_choosing_2009,
	address = {London},
	title = {Choosing {Slovakia}},
	publisher = {I.B. Tauris},
	author = {Maxwell, Alexander},
	year = {2009},
}

@book{maxwell_everyday_2019,
	address = {Berlin},
	title = {Everyday nationalism in {Hungary}},
	publisher = {De Gruyter},
	author = {Maxwell, Alexander},
	year = {2019},
}

@article{maxwell_objectivefacts_2023,
    title = {Objective facts, consensus opinions and the study of {Slovak} {Panslavism}},
	volume = {71},
	number = {4},
	journal = {Historický časopis},
	author = {Maxwell, Alexander},
	year = {2023},
	pages = {723--747},
}

@article{maxwell_taxonomies_2015,
	title = {Taxonomies of the {Slavic} world since the enlightenment: {Schematizing} perceptions of {Slavic} ethnonyms in a chart},
	volume = {58},
	number = {1},
	journal = {Language and History},
	author = {Maxwell, Alexander},
	year = {2015},
	pages = {24--54},
}

@article{maxwell_walerjan_2008,
	title = {Walerjan {Krasiński}’s {Panslavism} and {Germanism} (1848): {Polish} goals in a {Panslav} context},
	volume = {42},
	journal = {New Zealand Journal of Slavonic Studies},
	author = {Maxwell, Alexander},
	year = {2008},
	pages = {101--120},
}

@book{mcgregor_linguistics_2015,
	address = {London},
	title = {Linguistics: {An} introduction},
	publisher = {Bloomsbury},
	author = {McGregor, William},
	year = {2015},
}

@article{melczer_czafolat_1848,
	title = {Czáfolat a {Panszlavismus} ügyében},
	volume = {7},
	number = {29},
	journal = {(addendum to the) Protestáns egyházi és iskolai lap [from 9 July 1848]},
	author = {Melczer, János},
	year = {1848},
	pages = {1--4},
}

@book{melichercik_slovenske_1953,
	address = {Bratislava},
	title = {Slovenské ľudové príslovia},
	publisher = {Slovenské vydavatel̕stvo krásnej literatúry},
	author = {Melicherčík, Andrej and Pauliny, Eugen},
	year = {1953},
}

@book{meyer_wiederbelebung_2014,
	address = {Bamberg},
	title = {Wiederbelebung einer {Utopie}: {Probleme} und {Perspektiven} slavischer {Plansprachen}},
	publisher = {University of Bamberg},
	author = {Meyer, Anna-Marie},
	year = {2014},
}

@book{mikus_pride_1973,
	address = {Cleveland},
	title = {Pride in {Slovak} origin},
	publisher = {First Catholic Slovak Union},
	author = {Mikuš, Josef},
	year = {1973},
}

@book{milewski_introduction_1973,
	address = {Hague},
	title = {Introduction to the study of language},
	publisher = {Mouton},
	author = {Milewski, Tadeusz},
	year = {1973},
}

@incollection{nabelkova_slovencina_1999,
	address = {Bratislava},
	title = {Slovenčina a čeština dnes: {Kontakt} či konflikt},
	booktitle = {Slovenčina v kontaktoch  a  konfliktoch s inými jazykmi},
	publisher = {Veda},
	author = {Nábělková, Mira},
	editor = {Ondrejovič, Slavomír},
	year = {1999},
	pages = {75--93},
}

@book{nabelkova_slovencina_2008,
	address = {Bratislava},
	title = {Slovenčina a čestina v kontakte},
	publisher = {Veda},
	author = {Nábělková, Mira},
	year = {2008},
}

@incollection{nabelkova_sucasne_2003,
	address = {Brno},
	title = {Súčasné kontexty slovensko-českej a česko-slovenskej medzijazykovosti},
	booktitle = {Česko-slovenské vztahy v slovanských a středoevropských souvislostech},
	publisher = {Ústav slavistiky Masarykova univerzita},
	author = {Nábělková, Mira},
	editor = {Pospíšil, Ivo and Zelenka, Miloš},
	year = {2003},
	pages = {89--122},
}

@incollection{nabelkova_case_2014,
	address = {Berlin},
	title = {The case of {Czech}-{Slovak} language contact and contact-induced phenomena},
	booktitle = {Congruence in contact-induced language change},
	publisher = {De Gruyter},
	author = {Nábělková, Mira},
	editor = {Besters-Dilger, Juliane and Dermarkar, Cynthia and Pfänder, Stefan and Rabus, Achim},
	year = {2014},
	pages = {61--92},
}

@book{nielsen_dialect_2005,
	address = {Odense},
	title = {From dialect to standard: {English} in {England}, 1154-1776},
	publisher = {University Press of Southern Denmark},
	author = {Nielsen, Hans Friede},
	year = {2005},
}

@incollection{niemcewicz_duma_1820,
	address = {Warsaw},
	title = {Duma z ruskiego},
	booktitle = {Bayki i powieści},
	publisher = {Glücksberg},
	author = {Niemcewicz, Julian Ursyn},
	year = {1820},
}

@article{nosak_slowenka_1842,
	title = {Slowenka},
	volume = {1},
	journal = {Nitra: dar dcerám a synům Slovenska, Moravy, Čech a Slezska obětovaný},
	author = {Nosák, Bohuslav},
	year = {1842},
	pages = {162--165},
}

@incollection{obradovic_imena_1826,
	address = {Budapest},
	title = {Imena {GG}. {Prenumeranta}},
	booktitle = {Hristoifïa sirěchъ blagi obzchai},
	publisher = {University Library},
	author = {Obradović, Dositej},
	year = {1826},
	pages = {no page numbers, entry for \textit{Peshta}},
}

@book{ormis_o_1973,
	address = {Bratislava},
	title = {O reč a národ: {Slovenské} národné obrany z rokov 1832-1848},
	publisher = {Slovenská Akadémie Vied},
	author = {Ormis, Ján},
	year = {1973},
}

@book{osmanczyk_encylopedia_2003,
	address = {New York},
	title = {Encylopedia of the {United} {Nations} and internation agreements, {N} to {S}},
	publisher = {Routledge},
	author = {Osmańczyk, Edmund Jan},
	year = {2003},
	volume = {3},
}

@incollection{pacic_dodatak_1827,
	address = {Budapest},
	title = {Dodatakъ {Predchisdenika}},
	booktitle = {Sočinenija pesnoslovska {Jovana} {Pačića}},
	publisher = {University Press},
	author = {Pačić, Jovan},
	year = {1827},
	pages = {no page numbers, entry for \textit{Budimъ}},
}

@book{palkovic_bestreitung_1830,
	address = {Bratislava},
	title = {Bestreitung der {Neuerungen} in der böhmischen {Orthographie}, mit {Berücksichtigung} der jüngst von {Hn}. {Prof}. {Joseph} {Jungmann} herausgegebenen {Beleuchtung} dieser {Streitfrage}},
	shorttitle = {Bestreitung der {Neuerungen} in der böhmischen {Orthographie}},
	publisher = {Belnay’s Erben},
	author = {Palkovič, Juraj},
	year = {1830},
}

@book{palkovic_bohmisch-deutsch-lateinisches_18201821,
	address = {Prague \& Bratislava},
	title = {Böhmisch-deutsch-lateinisches {Wörterbuch} mit {Beyfügung} der den {Slowaken} und {Mähren} eigenen {Ausdrücke} und {Redensarten}},
	volumes = {2},
	shorttitle = {Böhmisch-deutsch-lateinisches {Wörterbuch}},
	publisher = {Fürsterzbischöfische Buchdruckerei; Belnay’s Erben},
	author = {Palkovič, Juraj},
	year = {1820–1821},
}

@book{palkovic_tatranka_1832,
	address = {Bratislava},
	title = {Tatranka: {Spis} pokračugjcý rozličného obsahu, pro učené, přeučené a neučené},
	publisher = {Belnay’s Erben},
	author = {Palkovič, Juraj},
	year = {1832–1834},
}

@book{palkovic_wytah_1808,
	address = {Bratislava},
	title = {Wýtah z artykulå snémownjch, to gest, z práw a zřizenj zemských {Králowstwj} {Vherského} na obecnich geho sněmich neb dyetách od počátku stoletj {XIXho} wydaných},
	shorttitle = {Wýtah z artykulů snémownjch},
	publisher = {Weber},
	author = {Palkovič, Juraj},
	year = {1808},
}

@article{pavlenko_panslavizm_2016,
	title = {Panslavizm i ego modeli},
	number = {5},
	journal = {Novaja i novejshaja istorija},
	author = {Pavlenko, Olga},
	year = {2016},
	pages = {3--15},
}

@book{petro_history_1995,
	address = {Montreal},
	title = {History of {Slovak} literature},
	publisher = {McGill-Queens University Press},
	author = {Petro, Peter},
	year = {1995},
}

@book{petrovich_emergence_1956,
	address = {New York},
	title = {The emergence of {Russian} {Panslavism}},
	publisher = {Columbia University Press},
	author = {Petrovich, Michael},
	year = {1956},
}

@book{picht_m_1969,
	address = {Stuttgart},
	title = {M. {P}. {Pogodin} und die slavische {Frage}: {Ein} {Beitrag} zur {Geschichte} des {Panslavismus}},
	publisher = {Klett},
	author = {Picht, Ulrich},
	year = {1969},
}

@article{pisna_druhy_2013,
	title = {Druhý život {Kralické} bible v 18. a na začátku 19. století – edice hallská a prešpurská},
	volume = {5},
	number = {2},
	journal = {Historie–Otázky–Problémy},
	author = {Pišna, Jan},
	year = {2013},
	pages = {175--193},
}

@book{pokrivcakova_clil_2013,
	address = {Hradec Králové},
	title = {{CLIL} research in {Slovakia}},
	publisher = {Gaudeamus},
	author = {Pokrivčáková, Silvia},
	year = {2013},
}

@book{precechtel_ceskoslovansky_1872,
	address = {Kroměříž},
	title = {Českoslovanský {Plutarch}},
	publisher = {Šperlin},
	author = {Přecechtěl, Rupert},
	year = {1872},
	volume = {2},
}

@article{pulszky__1842,
	title = {A’ {Szlávok} literariai viszonsságáról},
	number = {183},
	journal = {Pesti Hirlap [from 2 October 1842]},
	author = {Pulszky, Ferenc},
	year = {1842},
	pages = {702--703},
}

@book{pulszky_memoirs_1850,
	address = {Philadelphia},
	title = {Memoirs of a {Hungarian} lady},
	publisher = {Lea and Blanchard},
	author = {Pulszky, Therese},
	year = {1850},
}

@book{pynsent_questions_1994,
	address = {Budapest},
	title = {Questions of identity: {Czech} and {Slovak} ideas of nationality and personality},
	publisher = {CEU Press},
	author = {Pynsent, Robert},
	year = {1994},
}

@book{radlinsky_sobranie_1852,
	address = {Budapest},
	title = {Sobranie {Russkich} propovedej},
	publisher = {Martin Bagó},
	author = {Radlinský, Andrej},
	year = {1852},
}

@book{robinson_historical_1850,
	address = {New York},
	title = {Historical view of the language and literature of the {Slavic} nations},
	publisher = {Putnam},
	author = {Robinson, Therese},
	year = {1850},
}

@book{roth_sprachkampf_1842,
	address = {Kronstadt},
	title = {Der {Sprachkampf} in {Siebenbürgen}: {Eine} {Beleuchtung} des {Woher} und {Wohin}},
	publisher = {Gött},
	author = {Roth, Stephen Ludwig},
	year = {1842},
}

@book{roth_sprachkampf_1847,
	address = {Leipzig},
	title = {Der {Sprachkampf} und seine {Bedeutung} in {Siebenbürgen}},
	publisher = {Köhler},
	author = {Roth, Stephen Ludwig},
	year = {1847},
}

@article{roucek_soviet_1953,
	title = {Soviet nationality policy: {Pan}-{Slavism} as an ideological weapon},
	volume = {3},
	number = {4},
	journal = {Problems of communism},
	author = {Roucek, Joseph},
	year = {1953},
	pages = {20--28},
}

@book{ruttkay_dejiny_1999,
	address = {Trnava},
	title = {Dejiny slovenského novinárstva do roku 1918},
	publisher = {Cyril and Methodius University Press},
	author = {Ruttkay, Fráňo},
	year = {1999},
}

@book{safarik_slowansky_1842,
	address = {Prague},
	title = {Slowanský {Národopis}},
	publisher = {Wydawatele},
	author = {Šafařík, Pavel},
	year = {1842},
	volume = {1},
}

@book{safarik_geschichte_1826,
	address = {Budapest},
	title = {Geschichte der slawischen {Sprache} und {Literatur}: {Nach} allen {Mundarten}},
	publisher = {University Press},
	author = {Šafařík, Pavel},
	year = {1826},
}

@incollection{salzmann_sociolinguistic_1971,
	address = {Amherst},
	series = {Anthropology department research reports},
	title = {Some sociolinguistic observations on the relationship between {Czech} and {Slovak}},
	number = {9},
	booktitle = {The limits of integration: {Ethnicity} and nationalism in modern {Europe}},
	publisher = {University of Massachusetts, Amherst},
	author = {Salzmann, Zdeněk},
	editor = {Pi-Sunyer, Oriol},
	year = {1971},
	pages = {1--42},
}

@book{sebik_strucne_1940,
	address = {Pittsburgh},
	title = {Stručné dejiny slovákov: podla̕ uvedených prameñov},
	shorttitle = {Stručné dejiny slovákov},
	publisher = {Slovenského Hlásnika},
	author = {Šebík, Michal},
	year = {1940},
}

@article{sefcik_buzassyova_2010,
	title = {Buzássyová, Ľudmila {Ján} {Herkeľ} a jeho dielo: základy všeobecného slovanského jazyka odvodené zo živých rečí a podložené zdravými zásadami logiky},
	volume = {58},
	number = {1–2},
	journal = {Linguistica Brunensia},
	author = {Šefčík, Ondřej},
	year = {2010},
	pages = {376--377},
}

@article{slapnicka_sprache_1974,
	title = {Die {Sprache} des österreichischen {Reichsgesetzblattes}},
	volume = {23},
	number = {3},
	journal = {Zeitschrift für Ostforschung},
	author = {Slapnicka, Helmut},
	year = {1974},
	pages = {440--454},
}

@book{smirnov_istoricheskij_2000,
	address = {Moscow},
	title = {Istoricheskij vyzov slavjanskomu soobshhestvu},
	publisher = {[s.n.]},
	author = {Smirnov, K.A. and Kataeva, O.B.},
	year = {2000},
}

@article{sores_ismet_1844,
	title = {Ismét egy adat az {Allgem}. {Zeitung} költeményeiről},
	number = {324},
	journal = {Pesti Hirlap [from 8 February 1844]},
	author = {Sörés, András},
	year = {1844},
	pages = {88--89},
}

@book{spinei_great_2003,
	address = {Amsterdam},
	title = {The great migrations in the east and south east of {Europe} from the ninth to the thirteenth century},
	publisher = {Hakkert},
	author = {Spinei, Victor},
	year = {2003},
}

@incollection{stolarik_introduction_2010,
	address = {Mundelein, IL},
	title = {Introduction},
	booktitle = {The {Prague} {Spring} and the {Warsaw} {Pact} invasion of {Czechoslovakia}, 1968},
	publisher = {Bolchazy-Carducci},
	author = {Stolarik, Marián Mark},
	editor = {Stolarik, Marián Mark},
	year = {2010},
	pages = {vi--xxxiv},
}

@incollection{stolz_chapter_2009,
	address = {Hague},
	title = {A chapter in marginal possession: on being six(ty) in {Europe} (and beyond)},
	booktitle = {Form and function in language research},
	publisher = {Mouton de Gruyter},
	author = {Stolz, Christel and Stolz, Thomas},
	editor = {Helmbrecht, Johannes and Nishina, Yoko and Shin, Yong-Min and Skopeteas, Stavros and Verhoeven, Elisabeth},
	year = {2009},
	pages = {69--90},
}

@book{stur_beschwerden_1843,
	address = {Leipzig},
	title = {Beschwerden und {Klagen} der {Slaven} in {Ungarn}},
	publisher = {Binder},
	author = {Štúr, Ľudovít},
	year = {1843},
}

@book{stur_neunzehnte_1845,
	address = {Vienna},
	title = {Das neunzehnte {Jahrhundert} und der {Magyarismus}: {Eine} {Rechtfertigungsschrift}},
	publisher = {Wenedikt},
	author = {Štúr, Ľudovít},
	year = {1845},
}

@article{stur_sprachenkampf_1843,
	title = {Der {Sprachenkampf} in {Ungarn}},
	number = {139, 140, 141},
	journal = {Beilage zur [Augsburger] Allgemeinen Zeitung [from 19 May 1843, 20 May 1843 and 21 May 1843]},
	author = {Štúr, Ľudovít},
	year = {1843},
	pages = {1070--1092, 1077--1078, 1088--1090},
}

@book{stur_narecja_1846,
	address = {Bratislava},
	title = {Nárečja slovenskuo alebo potreba písaňje v tomto nárečí},
	publisher = {Wigand},
	author = {Štúr, Ľudovít},
	year = {1846},
}

@book{stur_nauka_1846,
	address = {Bratislava},
	title = {Nauka reči slovenskej},
	publisher = {Tatrin},
	author = {Štúr, Ľudovít},
	year = {1846},
}

@book{sugar_history_1990,
	address = {Bloomington},
	title = {A history of {Hungary}},
	publisher = {Indiana University Press},
	author = {Sugar, Peter and Hanak, Péter},
	year = {1990},
}

@book{suhajda_magyarismus_1834,
	address = {Leipzig},
	title = {Der {Magyarismus} in {Ungarn}},
	publisher = {Drobisch},
	author = {Šuhajda, Ľudovít},
	year = {1834},
}

@article{swadesh_perspectives_1954,
	title = {Perspectives and problems of {Amerindian} comparative linguistics},
	volume = {10},
	number = {2–3},
	journal = {Word},
	author = {Swadesh, Morris},
	year = {1954},
	pages = {306--332},
}

@incollection{szuhany_odplata_1835,
	address = {Budapest},
	title = {Odplata za poroctwj},
	booktitle = {Zora: {Almanach} za roku 1835},
	publisher = {University Press},
	author = {Sucháň, Martin},
	year = {1835},
	pages = {157--166},
}

@article{taborsky_czechoslovakias_1973,
	title = {Czechoslovakia’s abnormal ‘normalization’},
	volume = {64},
	number = {381},
	journal = {Current History},
	author = {Taborsky, Edward},
	year = {1973},
	pages = {207--211},
}

@article{teleki_hungary_1849,
	title = {Hungary: {The} case of {Hungary} stated},
	journal = {The Eclectic Magazine of Foreign Literature, Science and Art},
	author = {Teleki, László},
	year = {1849},
	pages = {1--26},
}

@article{tenora_vyznam_1885,
    title = {Význam ideje Cyrillo‐Methodějské v dobách novějších},
	volume = {2},
	number = {3, 4, 6, 7},
	journal = {Hlídka literární},
	author = {Tenora, Jan},
	year = {1885},
	pages = {35‐-37, 49‐-51, 83‐-85, 101‐-102},
}

@article{thaisz_jelentes_1825,
	title = {Jelentés a {Tudományos} {Gyűjteménynek} 1826-dik esztendei {Folytatásáról}},
	volume = {9},
	number = {11},
	journal = {Tudományos Gyüjtemény},
	author = {Thaisz, András and Trattner, Mátyás},
	year = {1825},
	pages = {118--127},
}

@book{thun_stellung_1843,
	address = {Prague},
	title = {Die {Stellung} der {Slowaken} in {Ungarn}},
	publisher = {Calve},
	author = {Thun, Leo},
	year = {1843},
}

@article{treimer_johannes_1931,
	title = {Johannes {Herkel}: {Zur} {Grundlegung} seines literarischen und {Lebensbildes}},
	volume = {7},
	number = {4},
	journal = {Jahrbücher für Kultur und Geschichte der Slaven},
	author = {Treimer, Karl},
	year = {1931},
	pages = {399--406},
}

@article{urhegyi_almanach_1984,
	title = {Der {Almanach} {Zora}},
	volume = {30},
	journal = {Studia Slavica},
	author = {Űrhegyi, Emília},
	year = {1984},
	pages = {209--224},
}

@article{van_hal_differing_2017,
	title = {‘{Differing} only in dialect,’ or, how collocations can co-shape concepts},
	volume = {56},
	journal = {Language and Communication},
	author = {{Van Hal}, {Toon} and {Van Rooy}, {Raf}},
	year = {2017},
	pages = {95--109},
}

@incollection{van_marle_dialect_2014,
	address = {London},
	title = {Dialect versus standard language: nature versus culture},
	booktitle = {Taming the vernacular: {From} dialect to written standard language},
	publisher = {Routledge},
	author = {{van Marle}, {Jaap}},
	editor = {Cheshire, Jenny and Stein, Dieter},
	year = {2014},
	pages = {13--34},
}

@book{vasmer_russisches_1958,
	address = {Heidelberg},
	title = {Russisches etymologisches {Wörterbuch}},
	publisher = {Winter},
	author = {Vasmer, Max},
	year = {1958},
	volume = {3},
}

@article{vavro_jan_1961,
	title = {Jan {Herkeľ} a {Šafárikova} kritika jeho všeslovanskej gramatiky},
	volume = {2},
	journal = {Sborník Filozofickej fakulty Univerzity P.J. Šafárika},
	author = {Vavro, Josef},
	year = {1961},
	pages = {195--209},
}

@book{thomasek_sprachkampf_1841,
	address = {Agram},
	title = {Der {Sprachkampf} in {Ungarn}},
	publisher = {Illyrische National Typographie von Dr. Ljudevit Gaj},
	author = {Thomášek, Johann},
	year = {1841},
}

@book{vorbis_evangelisch-lutherische_1861,
	address = {Nördlingen},
	title = {Die evangelisch-lutherische {Kirche} {Ungarns} in ihre geschichtlichen {Entwickelung}},
	publisher = {Beck},
	author = {Vorbis, Johannes},
	year = {1861},
}

@article{vorbis_lutherischen_1862,
	title = {Die lutherischen {Slovaken}, ein {Märtyrervolk}},
	volume = {41},
	number = {31},
	journal = {Allgemeine Kirchenzeitung [from 16 April 1862]},
	author = {Vorbis, Johannes},
	year = {1862},
	pages = {485--492},
}

@article{vyvijalova_snahy_1960,
	title = {Snahy o založenie slovenských novín a časopisu v tridsiatych rokoch 19. storočí a v prvej polovici 19. storočia},
	volume = {6},
	journal = {Historické štúdie},
	author = {Vyvíjalová, Mária},
	year = {1960},
	pages = {121--170},
}

@incollection{vyvijalova_spolok_1970,
	address = {Martin},
	title = {Spolok milovníkov reči a literatúry slovenskej},
	booktitle = {Biografické štúdie},
	volume = {1},
	publisher = {Matica Slovenská},
	author = {Vyvíjalová, Mária},
	year = {1970},
	pages = {53--68},
}

@book{walicki_history_1979,
	address = {Stanford},
	title = {A history of {Russian} thought: {From} the enlightenment to {Marxism}},
	publisher = {Stanford University Press},
	author = {Walicki, Andrej},
    translator = {Andrews-Rusiecka, Hilda},
	year = {1979},
}

@book{walicki_rosyjska_1973,
	address = {Warsaw},
	title = {Rosyjska filozofia i myśl społeczna od oświecenie do marksiymu},
	publisher = {Wiedza Powszechna},
	author = {Walicki, Andrej},
	year = {1973},
}

@book{wesselenyi_stimme_1844,
	address = {Leipzig},
	title = {Eine {Stimme} über die ungarische und slavische {Nationalität}},
	publisher = {Vogel},
	author = {Wessélenyi, Miklós},
	year = {1844},
}

@book{wesselenyi_szozat_1843,
	address = {Leipzig},
	title = {Szózat a, magyar es szlav nemzetiseg’ ügyeben},
	publisher = {Wigand},
	author = {Wessélenyi, Miklós},
	year = {1843},
}

@book{wurm_new_1975,
	address = {Canberra},
	title = {New {Guinea} area languages and language study: {Papuan} languages and the {New} {Guinea} linguistic scene},
	publisher = {Australian National University},
	author = {Wurm, Stephen},
	year = {1975},
}

@incollection{wurzbach_wenckheim_1886,
	address = {Vienna},
	title = {Wenckheim, {Joseph}},
	volume = {54},
	number = {54},
	booktitle = {Biographisches {Lexikon} des {Kaiserthums} {Oesterreich}},
	publisher = {Staatsdruckerei},
	author = {{von Wurzbach}, {Constant}},
	editor = {{von Wurzbach}, {Constant}},
	year = {1886},
	pages = {270},
}

@incollection{zaborsky_predmluva_1851,
	address = {Vienna},
	title = {Predmluva},
	booktitle = {Žehry: {Básně} a dvě řeči},
	publisher = {Mechitaristů},
	author = {Záborsky, Jonáš},
	editor = {Záborsky, Jonáš},
	year = {1851},
	pages = {i--ii},
}

@article{zajc_panslavizem_2009,
	title = {Panslavizem, panslavizem, bi se kričalo od vseh strani!’ {K} zgodovini slovanstva, slovenstva in nemškega strahu pred panslavizmom 1788-1861},
	volume = {49},
	number = {1},
	journal = {Prispevki za novejšo zgodovino},
	author = {Zajc, Marko},
	year = {2009},
	pages = {31--42},
}

@incollection{zelo_slawy_1840,
	address = {Budapest},
	title = {Sláwy dcera a starožitnosti},
	booktitle = {Zora: {Almanach} za roku 1840},
	publisher = {University Press},
	author = {\v{Z}elo, Ljudevit},
	year = {1840},
	pages = {23--24},
}

@article{zigo_sturova_2005,
	title = {Štúrova kodifikácia spisovnej slovenčiny a jej reforma},
	volume = {70},
	number = {5},
	journal = {Slovenská reč},
	author = {Žigo, Pavol},
	year = {2005},
	pages = {265--275},
}

@book{zlidnev_formirovanie_1977,
	address = {Moscow},
	title = {Formirovanie nacional’nyh kul’tur v stranah {Central}’noj i {Jugo}-{Vostochnoj} {Evropy}},
	publisher = {Nauka},
	author = {Zlidnev, Vitalij},
	year = {1977},
}

@article{zoch_abecedny_1853,
	title = {Abecedný seznam spisovatelů slovenských},
	number = {71},
	journal = {Slovenské Noviny},
	author = {Zoch, Ctiboh},
	year = {1853},
	pages = {270},
}

@incollection{zsilak_budai_2017,
	address = {Budapest},
	title = {A {Budai} {Egyetemi} nyomda {Szlovák} kiadványainak nyelvváltozatai},
	booktitle = {Nexus linguarum: köszöntő kötet a 80 éves nyomárkay istván akadémikus tiszteletére},
	publisher = {ELTE, BTK Szláv Filológiai Tanszék},
	author = {Zsilák, Mária},
	editor = {Lukács, István},
	year = {2017},
	pages = {385--394},
}

@article{noauthor_zakon_1995,
	title = {Zákon č. 270/1995 {Z}. z. {Zákon} {Národnej} rady {Slovenskej} republiky o štátnom jazyku {Slovenskej} republiky},
	url = {https://www.zakonypreludi.sk/zz/1995-270},
	urldate = {2023-05-08},
	number = {270/1995},
	journal = {Zbierka zákonov},
	year = {1995},
	pages = {1999--2002},
}

@article{noauthor_zakon_1999,
	title = {Zákon č. 184/1999 {Z}. z. {Zákon} o používaní jazykov národnostných menšín},
	url = {https://www.zakonypreludi.sk/zz/1999-184},
	urldate = {2023-05-08},
	number = {184/1999},
	journal = {Zbierka zákonov},
	year = {1999},
	pages = {1418--1419},
}

@article{noauthor_zakon_2009,
	title = {Zákon č. 318/2009 {Z}. z. {Zákon}, ktorým sa mení a dopĺňa zákon {Národnej} rady {Slovenskej} republiky č. 270/1995 {Z}. z. o štátnom jazyku {Slovenskej} republiky v znení neskorších predpisov a o zmene a doplnení niektorých zákonov},
	url = {https://www.zakonypreludi.sk/zz/2009-318},
	urldate = {2023-05-08},
	number = {318/2009},
	journal = {Zbierka zákonov},
	year = {2009},
	pages = {2362--2367},
}

@article{noauthor_zakon_2011,
	title = {Zákon č. 35/2011 {Z}. z. {Zákon}, ktorým sa mení a dopĺňa zákon {Národnej} rady {Slovenskej} republiky č. 270/1995 {Z}. z. o štátnom jazyku {Slovenskej} republiky v znení neskorších predpisov},
	url = {https://www.zakonypreludi.sk/zz/2011-35},
	urldate = {2023-05-08},
	number = {35/2011},
	journal = {Zbierka zákonov},
	year = {2011},
	pages = {388--389},
}

@book{sakcinski_arkiv_1875,
	address = {Zagreb},
	title = {Arkiv za povjestnicu jugoslavensku},
	publisher = {Albrecht},
	editor = {Sakcinski, Ivan},
	year = {1875},
}

@book{kisfaludy_aurora_1822,
	address = {Budapest},
	title = {Aurora - hazai almanach},
	publisher = {Trattner},
	editor = {Kisfaludy, Károly},
	year = {1822},
}

@book{noauthor_bayki_1820,
	address = {Warsaw},
	title = {Bayki i powieści},
	publisher = {Glücksberg},
	year = {1820},
}

@book{schwab_bericht_1873,
	address = {Vienna},
	title = {Bericht über österreichisches {Unterrichtswesen}},
	volume = {2},
	publisher = {Hölder},
	editor = {Schwab, Erasmus and Ficker, Adolf},
	year = {1873},
}

@book{pospisil_cesko-slovenske_2003,
	address = {Brno},
	title = {Česko-slovenské vztahy v slovanských a středoevropských souvislostech},
	publisher = {Ústav slavistiky Masarykova univerzita},
	editor = {Pospíšil, Ivo and Zelenka, Miloš},
	year = {2003},
}

@book{hroch_comparative_2007,
	address = {Aldershot},
	title = {Comparative studies in modern {European} history: {Nation}, nationalism and social change},
	publisher = {Ashgate},
	editor = {Hroch, Miroslav},
	year = {2007},
}

@book{besters-dilger_congruence_2014,
	address = {Berlin},
	title = {Congruence in contact-induced language change},
	publisher = {De Gruyter},
	editor = {Besters-Dilger, Juliane and Dermarkar, Cynthia and Pfänder, Stefan and Rabus, Achim},
	year = {2014},
}

@book{noauthor_cteni_1867,
	address = {Brno},
	title = {Čteni poučné a zábavn},
	publisher = {Matica Moravské},
	year = {1867},
}

@book{noauthor_danica_1826,
	address = {Vienna},
	title = {Danica: {Zabavnik} za {Godina} 1826},
	publisher = {Imperial Press},
	year = {1826},
}

@book{noauthor_danica_1827,
	address = {Vienna},
	title = {Danica: {Zabavnik} za {Godina} 1827},
	publisher = {Imperial Press},
	year = {1827},
}

@book{noauthor_danica_1828,
	address = {Vienna},
	title = {Danica: {Zabavnik} za {Godina} 1828},
	publisher = {Imperial Press},
	year = {1828},
}

@book{noauthor_danica_1829,
	address = {Budapest},
	title = {Danica: {Zabavnik} za {Godina} 1829},
	publisher = {University Press},
	year = {1829},
}

@book{pisut_dejiny_1960,
	address = {Bratislava},
	title = {Dejiny slovenskej literatúry: {Literatúra} národného obrodenia},
	publisher = {SAV},
	editor = {Pišút, Milan and Rosenbaum, Karol and Kochol, Viktor},
	year = {1960},
}

@incollection{brown_slavic_2006,
	address = {Amsterdam},
	title = {Slavic languages},
	volume = {11},
	booktitle = {Encyclopedia of language and linguistics: {Sca}-{Spe}},
	publisher = {Elsevier},
	editor = {Brown, Keith},
	author = {Brown, Keith},
	year = {2006},
	pages = {415--418},
}

@book{murray_encyclopedia_2004,
	address = {New York},
	title = {Encyclopedia of the {Romantic} era, 1760–1850},
	publisher = {Taylor and Francis},
	editor = {Murray, Christopher John},
	year = {2004},
}

@book{helmbrecht_form_2009,
	address = {Hague},
	title = {Form and function in language research},
	publisher = {Mouton de Gruyter},
	editor = {Helmbrecht, Johannes and Nishina, Yoko and Shin, Yong-Min and Skopeteas, Stavros and Verhoeven, Elisabeth},
	year = {2009},
}

@book{noauthor_formirovanie_1977,
	address = {Moscow},
	title = {Formirovanie natsional’nykh kul’tur v stranakh {Tsentral}’noi i {Iugo}-{Vostochnoi} {Evropy}},
	publisher = {Nauka},
	year = {1977},
}

@book{noauthor_hristoifisirech_1826,
	address = {Budapest},
	title = {Hristoifïa sirěchъ blagi obzchai},
	publisher = {University Library},
	year = {1826},
}

@book{koch_kleine_1962,
	address = {Wiesbaden},
	title = {Kleine {Schriften} zur {Kirchen}- und {Geistesgeschichte} {Osteuropas}},
	publisher = {Hassarowitz},
	editor = {Koch, Hans},
	year = {1962},
}

@book{francev_korespondence_1927,
	address = {Prague},
	title = {Korespondence {Pavla} {Josefa} {Šafaříka}},
	publisher = {Česká akademia věd a umění},
	editor = {Francev, Vladimir},
	year = {1927},
	volume = {1},
}

@book{patera_korrespondence_1913,
	address = {Prague},
	title = {Korrespondence {Josefa} {Dobrovského} {IV}, {Vzájemné} listy {Josefa} {Dobrovského} a {Jiřího} {Ribaye} z let 1783-1810},
	publisher = {Czech Academy of Sciences and Arts},
	editor = {Patera, Adolf},
	year = {1913},
}

@book{zbirt_bibliograficky_1895,
	address = {Prague},
	title = {Bibliografický přehled českých národních písní},
	publisher = {Czech Academy of Sciences and Arts},
	author = {Zbírt, Čeněk},
	year = {1895},
}

@book{fishman_language_1968,
	address = {New York},
	title = {Language problems of developing nations},
	publisher = {John Wiley},
	editor = {Fishman, Joshua and Ferguson, Charles and Gupta, Jyotirindra Das},
	year = {1968},
}

@book{ambrus_listy_1991,
	address = {Martin},
	title = {Listy {Jána} {Kollára}},
	publisher = {Matica Slovenská},
	editor = {Ambruš, Jozef},
	year = {1991},
}

@book{ondrejovic_ludovit_2007,
	address = {Bratislava},
	title = {Ľudovít {Štúr} a reč slovenská},
	publisher = {Veda},
	editor = {Ondrejovič, Slavomír},
	year = {2007},
}

@book{matula_ludovit_1956,
	address = {Bratislava},
	title = {Ľudovít {Štúr}: {Život} a dielo 1815-1856},
	publisher = {SAV},
	editor = {Matula, Vladimir},
	year = {1956},
}

@book{noauthor_meltosagos_1843,
	address = {Budapest},
	title = {Méltóságos {Fő}-rendeknél tartatott {Országos} ülések {Naplója}},
	publisher = {Landerer},
	year = {1843},
}

@book{coquin_mickiewicz_2002,
	address = {Paris},
	title = {Mickiewicz, {La} {France} et l’{Europe}},
	publisher = {Institut d’études slaves},
	editor = {Coquin, François-Xavier},
	year = {2002},
}

@book{lukacs_nexus_2017,
	address = {Budapest},
	title = {Nexus linguarum: köszöntő kötet a 80 éves nyomárkay istván akadémikus tiszteletére},
	publisher = {ELTE, BTK Szláv Filológiai Tanszék},
	editor = {Lukács, István},
	year = {2017},
}

@book{rosenbaum_o_1954,
	address = {Bratislava},
	title = {O literárnej vzájemnosti},
	publisher = {Slovak Academy of Sciences},
	editor = {Rosenbaum, Karol},
	year = {1954},
}

@book{santiago_oecd_2016,
	address = {Paris},
	title = {{OECD} reviews of school resources: {Slovak} {Republic} 2015},
	publisher = {OECD Publishing},
	editor = {Santiago, Paulo and Halász, Gábor and Levačić, Rosalind and Shewbridge, Claire},
	year = {2016},
}

@book{moraczewski_opis_1848,
	address = {Poznań},
	title = {Opis pierwszego zjazdu słowiańskiego},
	publisher = {Kamieński i Spółka},
	editor = {Moraczewski, Jędrzej},
	year = {1848},
}

@book{jagic_pisma_1895,
	address = {Saint Petersburg},
	title = {Pisma {Dobrovskago} i {Kopitara}},
	publisher = {Imperial Academy of Sciences},
	editor = {Jagić, Vatroslav},
	year = {1895},
}

@book{nakov_proceedings_2014,
	address = {Doha},
	title = {Proceedings of the {EMNLP}’2014 workshop on language technology for closely related languages and language variants},
	publisher = {Association for Computational Linguistics},
	editor = {Nakov, Preslav and Osenova, Petya and Vertan, Cristina},
	year = {2014},
}

@book{noauthor_sitzungsberichte_1872,
	address = {Prague},
	title = {Sitzungsberichte der königl. böhmischen {Gesellschaft} der {Wissenschaften} in {Prag}, {Jahrgang} 1871, {Juli}-{Dezember}},
	publisher = {[s.n.]},
	year = {1872},
}

@book{djakov_slavjanskaja_1998,
	address = {Moscow},
	title = {Slavjanskaja ideja: istorija i sovremennost’},
	publisher = {Institute of Slavic Studies, Russian Academy of Sciences},
	editor = {Djakov, Vladimir},
	year = {1998},
}

@book{teich_slovakia_2011,
	address = {Cambridge},
	title = {Slovakia in {History}},
	publisher = {Cambridge University Press},
	editor = {Teich, Mikuláš and Kováč, Dušan and Brown, Martin},
	year = {2011},
}

@book{ondrejovic_slovencina_1999,
	address = {Bratislava},
	title = {Slovenčina v kontaktoch  a  konfliktoch s inými jazykmi},
	publisher = {Veda},
	editor = {Ondrejovič, Slavomír},
	year = {1999},
}

@book{simpson_compact_1991,
	address = {Oxford},
	edition = {2},
	title = {The compact {Oxford} {English} dictionary},
	publisher = {Oxford University Press},
	editor = {Simpson, John and Weiner, Edmund},
	year = {1991},
}

@book{maxwell_comparative_2012,
	address = {London},
	title = {The comparative approach to national movements: {Miroslav} {Hroch} and nationalism studies},
	publisher = {Routledge},
	editor = {Maxwell, Alexander},
	year = {2012},
}

@book{machacek_fall_2019,
	address = {Leiden},
	title = {The {Fall} of {Great} {Moravia}: {Who} {Was} {Buried} in {Grave} {H153} at {Pohansko} near {Břeclav}?},
	publisher = {Brill},
	editor = {Macháček, Jiří and Wihoda, Martin},
	year = {2019},
}

@book{stolarik_prague_2010,
	address = {Mundelein, IL},
	title = {The {Prague} {Spring} and the {Warsaw} {Pact} {Invasion} of {Czechoslovakia}, 1968},
	publisher = {Bolchazy-Carducci},
	editor = {Stolarik, Marián Mark},
	year = {2010},
}

@book{corbett_slavonic_1993,
	address = {London},
	title = {The {Slavonic} languages},
	publisher = {Routledge},
	editor = {Corbett, Greville and Comrie, Bernard},
	year = {1993},
}

@book{zschokke_uberlieferungen_1821,
	address = {Aarau},
	title = {Überlieferungen zur {Geschichte} unserer {Zeit}, {Jahrgang} 1821},
	publisher = {Sauerlander},
	editor = {Zschokke, Heinrich},
	year = {1821},
}

@article{noauthor_ustava_1992,
	title = {Ústava Slovenskej republiky},
	year = {1992},
 	pages = {§6(1)},
 	number = {460},
 	journal = {Zbierka zákonov Slovenskej republiky},
}

@article{noauthor_ustava_1968,
	title = {Ústavní zákon ze dne 27. října 1968},
	year = {1968},
 	pages = {381--403, §6(1)},
 	number = {143},
 	journal = {Sbírka zákonů Československé socialistické republiky},
}

@book{cuellar_world_1999,
	address = {New York},
	title = {World encyclopedia of peace},
	publisher = {Oceania},
	editor = {{de Cuéllar}, {Javier Pérez}},
	year = {1999},
	volume = {4},
}

@book{noauthor_zbornik_1978,
	title = {Zborník {Filozofickej} fakulty {Univerzity} {Komenského}: {Historica}},
	volume = {27},
	year = {1978},
}

@book{zaborsky_zehry_1851,
	address = {Vienna},
	title = {Žehry: {Básně} a dvě řeči},
	publisher = {Mechitaristů},
	editor = {Záborsky, Jonáš},
	year = {1851},
}

@book{noauthor_zora_1836,
	address = {Budapest},
	title = {Zora, {Almanach} na rok 1836},
	publisher = {University Press},
	year = {1836},
}

@book{noauthor_zora_1835,
	address = {Budapest},
	title = {Zora: {Almanach} za roku 1835},
	publisher = {University Press},
	year = {1835},
}

@book{noauthor_zora_1840,
	address = {Budapest},
	title = {Zora: {Almanach} za roku 1840},
	publisher = {University Press},
	year = {1840},
}

@book{goschel_zur_1976,
	address = {Wiesbaden},
	title = {Zur {Theorie} des {Dialekts}: {Aufsätze} aus 100 {Jahren} {Forschung} mit biographischen {Anmerkungen} zu den {Autoren}},
	publisher = {Steiner},
	editor = {{Göschel}, {Joachim} and {Nail}, {Norbert} and {van der Elst}, {Gaston}},
	year = {1976},
}

@book{dobrovsky_ausfuhrliches_1809,
	address = {Prague},
	title = {Ausführliches {Lehrgebäude} der böhmischen {Sprache}, zur gründlichen {Erlernung} derselben für {Deutsche}, zur vollkommenern {Kenntniß} für {Böhmen}},
	shorttitle = {Ausführliches {Lehrgebäude} der böhmischen {Sprache}},
	publisher = {Herrl},
	author = {Dobrovský, Josef},
	year = {1809},
}

@book{dobrovsky_lehrgebaude_1819,
	address = {Prague},
	title = {Lehrgebäude der böhmischen {Sprache}. {Zum} {Theile} verkürzt, zum {Teile} umgearbeitet und vermehrt.},
	shorttitle = {Lehrgebäude der böhmischen {Sprache}},
	publisher = {Haase},
	author = {Dobrovský, Josef},
	year = {1819},
}

@book{linde_slownik_18071814,
	address = {Warsaw},
	title = {Słownik języka polskiego},
	publisher = {Drukarnia XX. Piiarów},
	author = {Linde, Samuel Gottlieb},
	volumes = {6},
	year = {1807–1814},
}

@book{bandtkie_polnische_1824,
	address = {Wrocław},
	title = {Polnische {Grammatik} für {Deutsche}, welche die polnische {Sprache} gründlich erlernen wollen, nebst einem kleinen etymologischen {Wörterbuche}},
	shorttitle = {Polnische {Grammatik} für {Deutsche}},
	publisher = {Korn},
	author = {Bandtkie, Jerzy Samuel},
	year = {1824},
}

@book{dobrovsky_entwurf_1813,
	address = {Prague},
	title = {Entwurf zu einem allgemeinen {Etymologikon} der slawischen {Sprachen}},
	publisher = {Haase},
	author = {Dobrovský, Josef},
	year = {1813},
}

@book{puchmayer_lehrgebaude_1820,
	address = {Prague},
	title = {Lehrgebäude der russischen {Sprache}},
	publisher = {Haase},
	author = {Puchmajer, Antonín Jaroslav},
	year = {1820},
}

@book{bandtkie_polnische_1808,
	address = {Wrocław},
	title = {Polnische {Grammatik} für {Deutsche}, welche die polnische {Sprache} gründlich erlernen wollen, nebst einem kleinen etymologischen {Wörterbuche}},
	shorttitle = {Polnische {Grammatik} für {Deutsche}},
	publisher = {Korn},
	author = {Bandtkie, Jerzy Samuel},
	year = {1808},
}

@book{karadzic_srpski_1818,
	address = {Vienna},
	title = {Srpski rječnik},
	publisher = {Armenian Monastery},
	author = {Karadžić, Vuk},
	year = {1818},
}

@book{celakovsky_slowanske_1822,
	address = {Prague},
	title = {Slowanské národnj pjsně},
	publisher = {Fetterlowé},
	author = {Čelakovský, František},
	year = {1822},
	volume = {1},
}

@book{celakovsky_slowanske_1825,
	address = {Prague},
	title = {Slowanské národnj pjsně},
	publisher = {Fetterlowé},
	author = {Čelakovský, František},
	year = {1825},
	volume = {2},
}

@book{lanosovic_anleitung_1795,
	address = {Budapest},
	title = {Anleitung zur slavonischen {Sprachlehre}},
	publisher = {University Press},
	author = {Lanosović, Marijan},
	year = {1795},
}

@book{moneta_polnische_1805,
	address = {Wrocław},
	title = {Polnische {Grammatik}},
	publisher = {Korn the Elder},
	author = {Moneta, Johann},
	editor = {Vogel, Daniel},
	year = {1805},
}

@book{adamowicz_praktische_1796-1,
	address = {Vienna \& Prague},
	title = {Praktische polnische {Grammatik} für {Teutsche}, welche diese {Sprache} auf eine leichte {Art} gründlich erlernen wollen},
	shorttitle = {Praktische polnische {Grammatik} für {Teutsche}},
	publisher = {Schönfeld},
	author = {Adamowicz, Alexander},
	year = {1796},
}

@book{pratsch_i_1806,
	address = {Saint Petersburg},
	title = {Sobranie russkihъ narodnyhъ pěsenъ sъ ihъ golosami},
	publisher = {Court Printer},
	author = {Pratsch, Ivan},
	year = {1806},
	volume = {1},
}

@book{pratsch__1821,
	address = {Moscow},
	title = {Novějshіj izbrannyj pěsennik},
	publisher = {Universitetskaja Tipografija},
	author = {Pratsch, Ivan},
	year = {1821},
}

@book{pratsch__1819,
	address = {Saint Petersburg},
	title = {Novejshij vseobshhij i polnyj pěsennikъ},
	publisher = {Glazunov},
	author = {Pratsch, Ivan},
	year = {1819},
}

@book{heym_russische_1794,
	address = {Riga},
	title = {Russische {Sprachlehre} für {Deutsche}},
	publisher = {Hartknoch},
	author = {Heym, Johann},
	year = {1794},
}

@book{vlast_zhemchuhy_1923,
	address = {Lviv},
	title = {Zhemchuhy, zbirnyk ukraïns’kykh liubovnykh pisen’},
	publisher = {Ruchaj},
	author = {Vlast, Iurii},
	year = {1923},
}

@book{rudnyckyj_readings_1958,
	address = {Winnipeg},
	title = {Readings in {Canadian} {Slavic} folklore},
	publisher = {University of Manitoba Press},
	author = {Rudnyc’kyj, Jaroslav},
	year = {1958},
	volume = {2},
}

@book{niemcewicz_bayki_1820,
	address = {Warsaw},
	booktitle = {Bayki i powieści},
	publisher = {Glücksberg},
	author = {Niemcewicz, Julian Ursyn},
	year = {1820},
	volume = {2},
}

@book{karadzic_narodne_1824,
	address = {Leipzig},
	title = {Narodne srpske pjesme: {Različne} ženske pjesme},
	publisher = {Breitkopf \& Härtel},
	author = {Karadžić, Vuk},
	year = {1824},
	volume = {1},
}

@book{relkovic_nova_1767,
	address = {Zagreb},
	title = {Nova slavonska, i nimacska grammatika / {Neue} slavonisch, und deutsche {Grammatik}},
	publisher = {Jandera},
	author = {Relković, Matija Antun},
	year = {1767},
}

@book{klaproth_tripartitum_1820,
	address = {Viennae},
	title = {Tripartitum seu de analogia linguarum libellus},
	publisher = {Beck},
	author = {{Klaproth}, {Julius Heinrich} and {von Merian}, {Andreas}},
	year = {1820},
}

@book{gundulic_osmanida_1826,
	address = {Dubrovnik},
	title = {Osmanida},
	publisher = {Martekini},
	author = {Gundulić, Ivan},
	year = {1826},
}

@book{gundulic_versione_1827,
	address = {Dubrovnik},
	title = {Versione libera dell’{Osmanide}, poema illirico},
	publisher = {Martecchini},
	author = {Gundulić, Ivan},
	year = {1827},
}

@book{zlatar_slavic_1995,
	address = {New York},
	title = {The {Slavic} epic: {Gundulić}’s {Osman}},
	publisher = {Peter Lang},
	author = {Zlatar, Zdenko},
	year = {1995},
}

@article{spet_historie_1977,
	title = {Historie v Časopise {Národního} muzea},
	volume = {146},
	number = {3},
	journal = {Časopis Národního muzea – řada historická},
	author = {Špét, Jiří},
	year = {1977},
	pages = {121--164},
}

@article{woitschova_casopis_2013,
	title = {Časopis {Národního} muzea v letech 1827-2012},
	volume = {100},
	number = {1},
	journal = {Český lid},
	author = {Woitschová, Klára},
	year = {2013},
	pages = {5--26},
}

@article{kimball_serbian_1969,
	title = {The {Serbian} ‘{Matica}’: {Prototype} of {Austro}-{Slav} literary foundations: {The} first fifty years 1826-76},
	volume = {3},
	number = {3},
	journal = {East European Quarterly},
	author = {Kimball, Stanley},
	year = {1969},
	pages = {348--370},
}

@article{anon_gmena_1827,
	title = {Gména {P}. {P}. {Předplatitelů}, {D}. w {Uhřjch}},
	volume = {1},
	number = {1},
	journal = {Časopis Společnosti wlastenského museum w Čechách},
	author = {{Anon.}},
	year = {1827},
	pages = {no page numbers},
}

@book{herkel_elementa_1826,
	address = {Budapest},
	title = {Elementa universalis linguae {Slavicae} e vivis dialectis eruta et sanis logicae principiis suffulta},
	shorttitle = {Elementa universalis linguae {Slavicae}},
	publisher = {University Library},
	author = {Herkel, Jan},
	year = {1826},
}

@book{bartal_glossarium_1901,
	address = {Leipzig},
	title = {Glossarium mediae et infimae {Latinitatis} regni {Hungariae}},
	publisher = {Teubner},
	author = {Bartal, Antal},
	year = {1901},
}
