@book{langsci-current-book, editor = {András Bárány and Theresa Biberauer and Jamie Douglas and Sten Vikner}, title = {{Syntactic architecture and its consequences III}}, subtitle = {{Inside syntax}},year = {2021}, series = {Open Generative Syntax}, number = {11}, location = {Berlin}, publisher = {Language Science Press}, options = {dataonly=true} } 
