@book{langsci-current-book, editor = {Dorothy Kenny}, title = {{机器翻译知识普及}}, subtitle = {{为人工智能时代的用户赋能}},year = {2025}, series = {Translation and Multilingual Natural Language Processing}, number = {23}, location = {Berlin}, publisher = {Language Science Press}, options = {dataonly=true} } 
