@book{langsci-current-book, author = {Clara Stockigt}, title = {{Australian Pama-Nyungan languages}}, subtitle = {{Lineages of early description}},year = {2024}, series = {History and Philosophy of the Language Sciences}, number = {8}, location = {Berlin}, publisher = {Language Science Press}, options = {dataonly=true} } 
