
@book{austin_grammar_2013,
	address = {Cambridge},
	title = {A grammar of \{{Diyari}\}, \{\{{South}\}\} \{\{{Australia}\}\}. \{{Published}\} 1981},
	publisher = {Cambridge University Press},
	author = {Austin, Peter},
	year = {2013},
	annote = {Retrieved from www.academia.edu/2491078/A\_Grammar of Diyari South Australia.},
}

@article{schmidt_review_1946,
	title = {Review of \{{Aranda}\} {Phonetics} and {Grammar}},
	volume = {44},
	url = {http://www.jstor.org/stable/40450781).},
	number = {4},
	journal = {Anthropos},
	author = {Schmidt, Pater Wilhelm},
	year = {1946},
	note = {Number: 4},
	pages = {941--994},
}

@article{kempe_grammar_1891,
	title = {A grammar and vocabulary of the language spoken by the \{{Aborigines}\} of the \{{Macdonnell}\} \{{Ranges}\}, \{\{{South}\}\} \{\{{Australia}\}\}},
	volume = {14},
	journal = {Transactions of the Royal Society of South Australia},
	author = {Kempe, Friedrich Adolf Hermann},
	year = {1891},
	pages = {1--54},
}

@unpublished{teichelmann_dictionary_1857,
	address = {Cape Town},
	title = {Dictionary of the \{{Adelaide}\} dialect},
	author = {Teichelmann, Christian Gottlieb},
	year = {1857},
	annote = {Catalogued by Bleek 1858. No 59.},
}

@book{Varro1996,
	address = {Amsterdam \& Philadelphia},
	series = {Studies in the {History} of the {Language} {Sciences}},
	title = {De lingua \{\{{Latina}\}\} \{{X}\}: \{{A}\} {New} {Critical} {Text} and \{{English}\} {Translation} with {Prolegomena} and {Commentary}},
	volume = {85},
	publisher = {John Benjamins},
	author = {Taylor, Daniel J. and Varro, Marcus T.},
	year = {1996},
	note = {Series Title: Studies in the History of the Language Sciences
Issue: 85},
}

@book{muller_18761887_nodate,
	address = {Vienna},
	title = {Grundriß der {Sprachwissenschaft}},
	publisher = {Hölder},
	author = {Müller, Friedrich},
	year = {1876},
	note = {Publisher: Hölder
Place: Vienna},
}

@article{foster_two_1990,
	title = {Two early reports on the \{{Aborigines}\} of \{\{\{\{{South}\}\}\}\} \{\{\{{Australia}\}\}\}. - reproduction of a '\{{Report}\} on the \{{Aborigines}\} of \{\{\{\{{South}\}\}\}\} \{\{\{{Australia}\}\}\}' presented to the \{{Statistical}\} \{{Society}\} in \{{Adelaide}\} and published in the \{{Register}\} on the 8th \{\vphantom{\}}},
	volume = {28},
	number = {1-2},
	journal = {Journal of the Anthropological Society of South Australia},
	author = {Foster, Robert},
	year = {1990},
	note = {Number: 1-2},
	pages = {38--63},
}

@book{strehlow_galtjindinjamea-pape_1904,
	address = {Tanunda},
	title = {Galtjindinjamea-\{{Pape}\} \{{Aranda}\}-\{{Wolambarinjaka}\} (\{\{{Book}\}\} of instruction of the \{{Aranda}\} \{{Congregation}\}},
	publisher = {G. Auricht},
	author = {Strehlow, Carl Friedrich Theodor},
	year = {1904},
}

@misc{corbett_number_2013,
	title = {Number of genders},
	url = {http://wals.info/chapter/30},
	urldate = {2014-10-21},
	journal = {\{The\} \{World\} \{Atlas\} of \{Language\} \{Structures\} \{Online\} \{Leipzig\}: \{\{Max\}\} \{Planck\} \{Institute\} for \{Evolutionary\} \{Biology\}},
	author = {Corbett, Greville G},
	year = {2013},
}

@article{siebert_sagen_1910,
	title = {Sagen und \{{Sitten}\} der \{{Dieri}\} und \{{Nachbarstämme}\} in \{{Zentral}\}-\{{Australien}\}},
	volume = {97},
	journal = {Globus},
	author = {Siebert, Otto},
	year = {1910},
	pages = {57--59},
}

@book{blake_case_2001,
	address = {Cambridge},
	title = {Case},
	publisher = {Cambridge University Press},
	author = {Blake, Barry J},
	year = {2001},
}

@unpublished{leonhardi_letter_1908-2,
	address = {Alice Springs},
	title = {Letter to \{{Carl}\} \{{Strehlow}\} 24/09/1908 written in \{\{{Germany}\}\}.},
	author = {Leonhardi, Moritz von},
	translator = {The NT Interpreter {and} Translator Service},
	year = {1908},
}

@incollection{ostler_social_2004,
	address = {Amsterdam and Philadelphia},
	title = {The social roots of missionary linguistics},
	booktitle = {Missionary linguistics/ \{{Linguistica}\} \{{Misionera}\}: \{{Selected}\} papers from the first international conference on missionary linguistics},
	publisher = {John Benjamins},
	author = {Ostler, Nicholas},
	editor = {Zwartjes, Otto and Hovdhaugen, Even},
	year = {2004},
	pages = {33--46},
}

@book{Caldwell1856,
	address = {London},
	title = {A comparative grammar of the \{\{{Dravidian}\}\} or \{\{{South}\}\}-\{\{{Indian}\}\} family of languages},
	publisher = {Williams \& Norgate},
	author = {Caldwell, Robert},
	year = {1856},
}

@book{eylmann_eingeborenen_1908,
	address = {Berlin},
	title = {Die \{{Eingeborenen}\} der \{{Kolonie}\} \{{Südaustralien}\}},
	publisher = {Dietrich Reimer},
	author = {Eylmann, Erhard},
	year = {1908},
}

@book{Sommerfelt_1938,
	address = {Oslo},
	title = {\{{La}\} langue et la société: \{\{{C}\}\}aractères sociaux d’une langue de type archaïque},
	publisher = {H. Aschehoug \& Company (W. Nygaard)},
	author = {Sommerfelt, Alf},
	year = {1938},
}

@incollection{Spieseke1878,
	address = {Melbourne},
	title = {Specimen of the language spoken by the {Aboriginal} tribes of {Lake} {Hindmarsh}},
	volume = {II, Language},
	booktitle = {The {Aborigines} of {Victoria}: {With} notes relating to the habits of the natives of other parts of {Australia}},
	publisher = {Government Printer for the Government of Victoria},
	author = {Spieseke, Johann Friedrich Wilhelm},
	collaborator = {Brough Smyth, Robert},
	year = {1878},
	pages = {56--58},
}

@article{elkin_r_1975,
	title = {R. \{{H}\}. \{{Mathews}\}: \{\{{H}\}\}is contribution to \{\{{Aboriginal}\}\} studies},
	volume = {46},
	number = {1},
	journal = {Oceania},
	author = {Elkin, Adolphus P},
	year = {1975},
	note = {Number: 1},
	pages = {1--24},
}

@misc{moorhouse_letter_1840,
	title = {Letter to \{{George}\} \{{Hall}\} \{{Esq}\}, \{{Private}\} \{{Secretary}\}. 18/12/1840 \{{Protector}\} of \{{Aborigines}\}. {Out} letter book, {Vol} {I}},
	url = {https://www.google.com/url?sa=t&rct=j&q=&esrc=s&source=web&cd=&ved=2ahUKEwia5fftnLz5AhWC_DgGHTLuBVAQFnoECAMQAQ&url=https%3A%2F%2Fstudylib.net%2Fdoc%2F9879488%2F188---firstsources.info&usg=AOvVaw3TOngs5_26GBnDbCQHJAgQ},
	urldate = {2016-03-17},
	journal = {First Sources},
	author = {Moorhouse, Matthew},
	year = {1840},
}

@book{Oihenart1656,
	title = {Notitia utriusque {Vasconiae} tum {Ibericae} tum {Aquitanicae}},
	author = {Oihenart, Arnaud},
	year = {1656},
	annote = {1926-1928
Second revised edition. [J. Gorosterratzu, transl.] Revista Internacional de Estudios Vascos, 17-19 . Facsimile. Gasteiz: Eusko Legebiltzarra, 1992.},
}

@mastersthesis{strehlow_aranda_1938,
	title = {Aranda grammar},
	school = {The University of Adelaide},
	author = {Strehlow, Theodor Georg Heinrich},
	year = {1938},
	annote = {published 1944].},
}

@book{luhtala_amsterdam_2005,
	address = {Amsterdam \& Philadelphia},
	series = {\{{Amsterdam}\} \{{Studies}\} in the \{{Theory}\} and \{{History}\} of \{{Linguistic}\} \{{Science}\}},
	title = {Grammar and {Philosophy} in {Late} {Antiquity}: {A} {Study} of {Priscian}'s {Sources}},
	volume = {107},
	publisher = {John Benjamins},
	author = {Luhtala, Aneli},
	year = {2005},
}

@unpublished{kramer_ernst_1931,
	address = {Adelaide},
	title = {\{\{{E}\}rnst\} \{\{{E}\}\}. \{{Kramer}\}'s notebooks primarily relating to the \{{Study}\} of \{{Aranda}\} [\{{Arrernte}\}] language. \{{Unpublished}\} ms. \{\{{South}\}\} \{\{{Australian}\}\} \{{Museum}\} \{{Anthropological}\} \{{Archives}\}. \{\{{AA}\}\} 669/2/1-5 [contains a copy of a lost ms grammar of \{\vphantom{\}}{Arrernt}},
	author = {Kramer, Ernst Eugen},
	year = {1931},
	annote = {Contains a copy of a lost ms grammar of Arrernte by C. Strehlow (c.1907) pp. 3, 5, 7, 11-86, and a copy of lost ms grammar of Arrernte (c.1923) by J.Riedel pp. 87-112, 6, 8, 10
},
}

@incollection{dickson_inpress,
	address = {Oxford},
	title = {Kriol},
	booktitle = {Oxford {Guide} to {Australian} languages},
	publisher = {Oxford University Press},
	author = {Dickson, Greg},
	editor = {Bowern, Claire},
	year = {2022},
	note = {Publication Title: \{Oxford\} Guide to \{Australian\} languages},
}

@incollection{gason_dieyerie_1879,
	address = {Adelaide},
	title = {The \{{Dieyerie}\} dialect},
	booktitle = {The native tribes of {South} {Australia}},
	publisher = {E. S. Wigg \& Son},
	author = {Gason, Samuel},
	collaborator = {Woods, James Dominick},
	year = {1879},
	note = {Publication Title: The \{Dieyerie\} dialect},
	pages = {290--307},
}

@book{proeve_three_1946,
	address = {Tanunda},
	title = {Three missionary pioneers},
	publisher = {Auricht’s Printing Office},
	author = {Proeve, E H},
	year = {1946},
}

@book{taplin_narrinyeri_1874,
	address = {Adelaide},
	title = {The \{\{{Narrinyeri}\}\}: \{{An}\} account of the tribes of \{\{{South}\}\} \{\{{Australian}\}\} \{{Aborigines}\} inhabiting the country around the \{{Lakes}\} \{{Alexandrina}\}, \{\{{Albert}\}\}, and \{{Coorong}\}, and the lower part of the \{{River}\} \{{Murray}\}, their manners and customs, also, \{{An}\} a},
	publisher = {J. T. Shawyer},
	author = {Taplin, George},
	year = {1874},
}

@unpublished{flierl_dieri_1880,
	address = {Adelaide},
	title = {Dieri \{\{{Grammatik}\}\} [\{{Comparative}\} grammar of \{{Diyari}\} and \{{Wangkangurru}\}},
	author = {Flierl, Johann},
	year = {1880},
	annote = {Unpublished ms.
Publisher: Lutheran Archives, Adelaide. Box 22 Immanuel Synod–Bethesda Mission},
}

@book{austin_grammar_1981,
	address = {Cambridge},
	title = {A grammar of \{{Diyari}\}, \{\{{South}\}\} \{\{{Australia}\}\}},
	publisher = {Cambridge University Press},
	author = {Austin, Peter},
	year = {1981},
	annote = {Revised and updated as electronic resource, 2013.},
}

@book{kuhner_elementargrammatik_1841,
	address = {Hannover},
	title = {Elementargrammatik der lateinischen \{\{{Sprache}\}\}},
	publisher = {Hahnsche Hofbuchhandlung. Repr},
	author = {Kühner, Raphael},
	year = {1841},
}

@misc{ganter_eipper_2016,
	title = {Eipper, \{{Christopher}\} (1813-1894},
	url = {http://missionaries.griffith.edu.au/},
	urldate = {2016-10-10},
	journal = {\{\{German\}\} \{Missionaries\} in \{\{Australia\}\} – a web-directory of intercultural encounters},
	author = {Ganter, Regina},
	year = {2016},
}

@unpublished{taplin_vocabulary_1867,
	address = {Adelaide},
	title = {Vocabulary and grammar of the languages of the \{{Aborigines}\} who inhabit the shores of the lakes and lower \{{Murray}\}.},
	author = {Taplin, George},
	year = {1867},
	annote = {Special Collections, University of Adelaide. 499. 6 T17.},
}

@book{dixon_languages_1980,
	address = {Cambridge},
	title = {The languages of \{\{{Australia}\}\}},
	publisher = {Cambridge University Press},
	author = {Dixon, Robert Malcolm Ward},
	year = {1980},
}

@article{ridley_report_1873,
	title = {Report on \{\{{Australian}\}\} \{{Languages}\} and \{{Traditions}\}},
	volume = {2},
	journal = {The Journal of the Anthropological Institute of Great Britain and Ireland},
	author = {Ridley, William},
	year = {1873},
	pages = {275--291},
}

@book{moore_descriptive_1842,
	address = {London},
	title = {A descriptive vocabulary of the language in common use amongst the natives of \{\{{Western}\}\} \{\{{Australia}\}\}},
	publisher = {W. S. Orr \& Co},
	author = {Moore, George Fletcher},
	year = {1842},
}

@misc{Simpson2021,
	title = {Grammars for analysis, grammars for learners},
	url = {https://hiphilangsci.net/2019/05/01/women-botanists-women-linguists/},
	author = {Simpson, Jane},
	note = {Podcasters: \_:n2555
Medium: As episode in podcast: The History and Philosophy of the Languages Sciences},
}

@unpublished{livingstone_notitle_1876-1,
	address = {Melbourbe},
	title = {Untitled [grammatical descriptions of ‘{Minyung}’, {Minjangbal}]},
	author = {Livingstone, Hugh},
	year = {1876},
	annote = {Untitled [grammatical descriptions of ‘Minyung’, Minjangbal] Unpublished ms. Museum Victoria. BSM357=XM6376.},
}

@book{goddard_grammar_1985,
	address = {Alice Springs},
	title = {A \{{Grammar}\} of \{\{{Yankunytjatjara}\}\}},
	publisher = {Institute for Aboriginal development},
	author = {Goddard, Cliff},
	year = {1985},
}

@unpublished{tindale_notes_1937,
	address = {\{Adelaide\}},
	title = {Notes on \{{Wainjiwalku}\} grammar},
	author = {Tindale, Norman Barnett},
	year = {1937},
}

@unpublished{leonhardi_letter_1908,
	address = {Alice Springs},
	title = {Letter to \{{Carl}\} \{{Strehlow}\} 08/03/1908 written in \{\{{Germany}\}\}.},
	author = {Leonhardi, Moritz von},
	translator = {The NT Interpreter {and} Translator Service},
	year = {1908},
}

@article{Champion1939,
	title = {Lancelot {Threlkeld}: \{\{{H}\}\}is life and work 1788–1859},
	volume = {25},
	journal = {Journal and Proceedings of the Australian Historical Society},
	author = {Champion, Ben W},
	year = {1939},
	pages = {341--411},
}

@misc{hall_petrie_1974,
	title = {Thomas ({Tom}) {Petrie} (1831-1910)},
	url = {http://abd.anu.edu.au/biography/petrie-thomas-tom-4395/text7163.},
	urldate = {2015-12-11},
	journal = {Australian Dictionary of Biography, National Centre of Biography, Australian National University},
	author = {Hall, Noeline V},
	year = {1974},
}

@article{mathews_1902b_nodate,
	title = {1902 \{{The}\} \{{Thoorga}\} and other \{\{{Australian}\}\} languages},
	volume = {24},
	journal = {American Antiquarian and Oriental Journal},
	author = {Mathews, Robert Hamilton},
	pages = {101--106},
}

@book{fabricius_forsog_1801,
	address = {Copenhagen},
	title = {Forsøg til en \{{Forbedret}\} \{{Grønlandsk}\} \{{Grammatika}\}},
	publisher = {E. F. Sehnsart},
	author = {Fabricius, Otho},
	year = {1801},
}

@article{whitney_lepsiuss_1861,
	title = {On \{{Lepsius}\}’s standard alphabet},
	volume = {7},
	doi = {URL: http://www.jstor.org/stable/592160},
	journal = {Journal of the American Oriental Society},
	author = {Whitney, William Dwight},
	year = {1861},
	pages = {299--332},
}

@book{brauer_history_1956,
	address = {Adelaide},
	title = {History of the \{{Evangelical}\} \{{Lutheran}\} \{{Church}\}},
	publisher = {Lutheran Publishing House},
	author = {Brauer, Alfred},
	year = {1956},
}

@phdthesis{fesl_study_1995,
	type = {Honours thesis},
	title = {A \{{Study}\} of the \{\{{Aboriginal}\}\} \{{Language}\} of \{{Gippsland}\} based on 19th \{{Century}\} \{{Materials}\}},
	school = {Monash University},
	author = {Fesl, Eve},
	year = {1995},
}

@book{henderson_topics_2013,
	address = {Berlin},
	title = {Topics in \{\{{Eastern}\}\} and \{\{{Central}\}\} \{{Arrernte}\}},
	publisher = {Lincom Europa},
	author = {Henderson, John},
	year = {2013},
}

@book{fraser_introduction_1892,
	address = {Sydney},
	title = {An {Australian} language as spoken by the {Awabakal}, the people of {Awaba}, or {Lake} {Macquarie} (near {Newcastle} {New} {South} {Wales}): {Being} an account of their language, traditions and customs, by {L}.{E}. {Threlkeld}; rearranged, condensed and edited with an appendix by {John} {Fraser}},
	publisher = {Charles Potter Government Printer},
	author = {Fraser, John and Threlkeld, Lancelot Edward},
	year = {1892},
	note = {Publication Title: Introduction},
}

@phdthesis{lockwood_vision_2007,
	type = {Honours thesis},
	title = {A vision frustrated: \{{Lutheran}\} missionaries to the \{{Aborigines}\} of \{\{{South}\}\} \{\{{Australia}\}\}, 1838-1853},
	school = {The University of Adelaide},
	author = {Lockwood, Christine Joy},
	year = {2007},
}

@unpublished{strehlow_grammatik_1931,
	address = {Adelaide},
	title = {Die {Grammatik} der {Aranda}-{Sprache} [mimeograph copy of original lost {Arrernte} grammar by {C}. {Strehlow}]},
	author = {Strehlow, Carl Friedrich Theodor},
	year = {1931},
}

@book{Radcliffe-Brown1930,
	address = {Melbourne},
	title = {The {Social} {Organization} of \{\{{Australian}\}\} {Tribes}},
	publisher = {Macmillan \& Co},
	author = {Radcliffe-Brown, Alfred Reginald},
	year = {1930},
	note = {Series Title: Oceania Monographs
Issue: 1},
}

@book{kennedy_public_1879,
	address = {London},
	title = {The public school \{\{{Latin}\}\} grammar},
	publisher = {Longmans, Green and Co},
	author = {Kennedy, Benjamin Hall},
	year = {1879},
	annote = {first edition 1871).},
}

@book{Walsh_1997,
	address = {Canberra},
	series = {Discussion paper ({Australian} {National} {University}. {North} {Australia} {Research} {Unit})},
	title = {Cross-cultural communication problems in \{{Aboriginal}\} \{{Australia}\}},
	url = {http://hdl.handle.net/1885/47329},
	number = {7},
	publisher = {North Australia Research Unit, Australian National University},
	author = {Walsh, Michael},
	year = {1997},
	note = {Publisher: Northern Australian Research Unit
Place: Darwin},
}

@incollection{mulvaney_oxford_2008,
	address = {California},
	title = {From \{\{{Oxford}\}\} to the bush: \{\{{WE}\}\} \{{Roth}\}, \{\{{WB}\}\} \{{Spencer}\} and \{\{{Australian}\}\} \{{Anthropology}\}},
	booktitle = {The \{{Roth}\} family, anthropology \& \{{Colonial}\} administration},
	publisher = {Left Coast Press},
	author = {Mulvaney, Derek John},
	editor = {McDougall, Russell and Davidson, Iain},
	year = {2008},
	pages = {107--120},
}

@book{kempe_intalinja_1880,
	address = {Adelaide},
	title = {Intalinja nkenkalalbutjika galtjeritjika},
	publisher = {Whillas \& Ormiston},
	author = {Kempe, Friedrich Adolf Hermann},
	year = {1880},
}

@book{reynolds_law_1987,
	address = {Melbourne},
	title = {The \{{Law}\} of the land},
	publisher = {Penguin Books},
	author = {Reynolds, Henry},
	year = {1987},
}

@book{hill_broken_2002,
	address = {NSW},
	title = {Broken \{{Song}\}: \{{T}\}.\{{G}\}.\{{H}\}. \{{S}\}trehlow and \{{A}\}boriginal \{{P}\}ossession},
	publisher = {Knopf, Random House Australia Pty Ltd},
	author = {Hill, Barry},
	year = {2002},
}

@book{dixon_introduction_1976,
	address = {Canberra},
	title = {Grammatical categories in {Australian} languages},
	publisher = {Australian Institute of Aboriginal Studies},
	author = {Dixon, Robert Malcolm Ward},
	year = {1976},
	note = {Publication Title: Introduction},
}

@book{gilmour_grammars_2006,
	address = {New York},
	title = {Grammars of colonialism: \{{Representing}\} languages in colonial \{\{{South}\}\} \{\{{Africa}\}\}},
	publisher = {Palgrave Macmillan},
	author = {Gilmour, Rachael},
	year = {2006},
}

@book{ray_study_1893,
	address = {Dublin},
	title = {A \{{Study}\} of the languages of \{{Torres}\} \{\{{Straits}\}\}, with vocabularies and grammatical notes: \{{Part}\} \{{I}\}},
	publisher = {Dublin University Press},
	author = {Ray, Sidney Herbert and Haddon, Alfred Cort},
	year = {1893},
}

@unpublished{livingstone_notitle_1876,
	address = {Melbourne},
	title = {Untitled [grammatical descriptions of ‘{Minyung}’, {Minjangbal}]},
	author = {Livingstone, Hugh},
	year = {1876},
	annote = {Untitled [grammatical descriptions of ‘Minyung’, Minjangbal] Unpublished ms. Museum Victoria. BSM356=XM6375},
}

@book{lissarrague_grammar_2010,
	address = {Nambucca Heads},
	title = {A grammar and dictionary of \{{Gathang}\}: \{{The}\} language of the \{{Biirbay}\}, \{{Guringay}\} and \{{Warrimay}\}},
	publisher = {Muurrbay},
	author = {Lissarrague, Amanda},
	year = {2010},
}

@book{grant_introducing_2000,
	address = {Australian Captital Territory},
	title = {Introducing \{{Wiradjuri}\} sentences},
	publisher = {Restoration House},
	author = {Grant, Stan and Rudder, John and Elders, Wiradjuri Council},
	year = {2000},
}

@unpublished{ridley_kamilaroi_1855,
	address = {Sydney},
	title = {Kamilaroi {Grammar} and {Vocabulary}},
	author = {Ridley, William},
	year = {1855},
	annote = {Unpublished ms.
Publisher: Mitchell Library},
}

@book{schurmann_vocabulary_1844,
	address = {Adelaide},
	title = {A vocabulary of the \{{Parnkalla}\} language spoken by the natives inhabiting the western shores of \{{Spencer}\} \{{Gulf}\}. \{\{{To}\}\} which is prefixed a collection of grammatical rules hitherto ascertained by \{{C}\}.\{{W}\}},
	publisher = {George Dahane},
	author = {Schürmann, Clamor Wilhelm},
	year = {1844},
	annote = {Corresponds to Schürmann 1844a in the text},
}

@article{wafer_waiting_2011,
	title = {Waiting for \{{Biraban}\}: \{{Lancelot}\} \{{Threlkeld}\} and the '\{{Chibcha}\} phenomenon' in \{\{{Australian}\}\} missionary linguistics},
	volume = {54},
	number = {2},
	journal = {Language and History},
	author = {Wafer, James and Carey, Hilary},
	year = {2011},
	note = {Number: 2},
	pages = {112--139},
}

@book{hey_elementary_1903,
	address = {Brisbane},
	title = {An elementary grammar of the \{{Nggerikudi}\} \{{Language}\}},
	publisher = {Government Printer},
	author = {Hey, Nikolaus Johann},
	year = {1903},
}

@article{haviland_how_1980,
	title = {How much food will there be in heaven?’ \{{Lutheran}\} and \{{Aborigines}\} around \{{Cooktown}\} to 1900},
	volume = {4},
	number = {2},
	journal = {Aboriginal History},
	author = {Haviland, John and Haviland, Leslie},
	year = {1980},
	note = {Number: 2},
	pages = {118--149},
}

@book{thalbitzer_phonetic_1904,
	address = {Copenhagen},
	series = {Meddelelser om {Grønland}},
	title = {A \{{Phonetic}\} \{{Study}\} of the \{\{{Eskimo}\}\} \{{Language}\}, based on observations made on a journey in north \{{Greenland}\}},
	volume = {XXXI},
	publisher = {Reitzel},
	author = {Thalbitzer, Carl Wilhelm},
	year = {1904},
}

@book{dixon_handbook_1991,
	address = {Melbourne},
	title = {Handbook of \{\{{Australian}\}\} languages},
	volume = {4},
	publisher = {Oxford University Press},
	editor = {Dixon, Robert Malcolm Ward and Blake, Barry J},
	year = {1991},
	note = {Publication Title: Handbook of \{\{Australian\}\} languages},
}

@book{flierl_wonini-pepa_1883,
	address = {Adelaide},
	title = {Wonini-\{{Pepa}\} \{{Dieri}\}-\{{Jaurani}\} \{{Worapala}\} (\{{First}\} reading-book in the \{{Diyari}\} language},
	publisher = {E. Spiller, Government Printer},
	author = {Flierl, Johann and Meyer, Carl Augusta},
	year = {1883},
}

@phdthesis{kneebone_language_2005,
	type = {Ph.{D}. thesis},
	title = {The language of the chosen few: \{\{{T}\}\}he first phase of graphization of \{{Dieri}\} by \{{Hermannsburg}\} \{{Missionaries}\}, lake \{{Killalpaninna}\} 1867-1880},
	school = {University of Adelaide},
	author = {Kneebone, Heidi},
	year = {2005},
	annote = {Unpublished},
}

@article{ridley_kamilaroi_1855-1,
	title = {On the \{{Kamilaroi}\} language of \{\{{Australia}\}\} \{{Letter}\} to \{{T}\}. \{{H}\}. \{\{{Key}\}\} (written from \{{Balmain}\}, \{\{{Sydney}\}\} 30/11/1854)},
	volume = {2},
	number = {6},
	journal = {Transactions of the Philological Society},
	author = {Ridley, William},
	year = {1855},
	note = {Number: 6},
	pages = {72--84},
}

@book{kempe_galtjintana-pepa_1891,
	address = {Hanover},
	title = {Galtjintana-\{{Pepa}\} \{{Kristianirberaka}\} \{{Mbontala}\}},
	publisher = {Missionshandlung},
	author = {Kempe, Friedrich Adolf Hermann and Schwarz, Wilhelm Friedrich},
	year = {1891},
}

@book{donaldson_ngiyambaa_1980,
	address = {Cambridge},
	title = {Ngiyambaa, the language of the \{\{{Wangaaybuwan}\}\}},
	publisher = {Cambridge University Press},
	author = {Donaldson, Tamsin},
	year = {1980},
}

@article{Radcliffe-Brown1918,
	title = {Notes on the {Social} {Organization} of \{\{{Australian}\}\} {Tribe}},
	volume = {48},
	journal = {The Journal of the Royal Anthropological Institute of Great Britain and Ireland},
	author = {Radcliffe-Brown, Alfred Reginald},
	year = {1918},
	pages = {222--253},
}

@incollection{smythe_bandjalang_1978,
	address = {Canberra},
	title = {Bandjalang grammar},
	booktitle = {The \{{Middle}\} \{{Clarence}\} dialects of \{{Bandjalang}\vphantom{\{}\}\}},
	publisher = {Australian Institute of Aboriginal Studies},
	author = {Smythe, William E},
	editor = {Crowley, Terry},
	year = {1978},
	pages = {247--478},
	annote = {First published 1949. Elementary grammar of the Gumbáinggar Language (North Coast, New South Wales). Sydney: Oceania Linguistic Monographs. Reprinted from Oceania 19, 130-191, 254-299 (1948); 20, 29-65 (1949); corrigenda in Oceania 21, 73-76 (1950).},
}

@incollection{haviland_guugu_1979,
	address = {Canberra},
	title = {Guugu \{{Yimidhirr}\}},
	volume = {I},
	booktitle = {Handbook of {Australian} languages},
	publisher = {Australia National University Press},
	author = {Haviland, John},
	editor = {Dixon, Robert Malcolm Ward and Blake, Barry J},
	year = {1979},
	note = {Publication Title: Guugu \{Yimidhirr\}},
	pages = {26--180},
}

@book{strehlow_aranda-und_1907,
	address = {Frankfurt am Main},
	title = {Die \{{Aranda}\}-und \{{Loritja}\}-\{{Stämme}\} in \{{Zentral}\}-\{{Australien}\}},
	volume = {Vols. 1-5},
	publisher = {Städtisches Völkerkunde-Museum},
	author = {Strehlow, Carl Friedrich Theodor},
	year = {1907},
}

@incollection{hercus_tragedy_2001,
	address = {Canberra},
	title = {The tragedy of \{{Nauo}\}},
	booktitle = {Forty years on: {Ken} {Hale} and {Australian} languages},
	publisher = {Pacific Linguistic Series},
	author = {Hercus, Luise Anna and Simpson, Jane},
	editor = {Simpson, Jane and Nash, David and Laughren, Mary},
	year = {2001},
	note = {Publication Title: The tragedy of \{Nauo\}},
	pages = {263--290},
}

@unpublished{teichelmann_verb_1858,
	address = {Cape Town},
	title = {Of the verb},
	author = {Teichelmann, Christian Gottlieb},
	year = {1858},
	annote = {Catalogued by Bleek 1858. No 57].
Issue: c.13(4},
}

@incollection{koch_arandic_2004,
	address = {Amsterdam \& Philadelphia},
	title = {The \{{Arandic}\} subgroup of \{\{{Australian}\}\} languages},
	booktitle = {Australian languages: {Classification} and the comparative method},
	publisher = {John Benjamins},
	author = {Koch, Harold},
	editor = {Bowern, Claire and Koch, Harold},
	year = {2004},
	note = {Publication Title: The \{Arandic\} subgroup of \{\{Australian\}\} languages},
	pages = {127--150},
}

@book{clark_aboriginal_2013,
	address = {Collingwood. VIC},
	title = {The \{\{{Aboriginal}\}\} story of \{{Burke}\} and \{{Wills}\}: \{{Forgotten}\} narratives},
	publisher = {CSIRO Publishing},
	author = {Clark, Ian D and Cahir, Fred},
	editor = {Clark, Ian D and Cahir, Fred},
	year = {2013},
	note = {Publication Title: The \{\{Aboriginal\}\} story of \{Burke\} and \{Wills\}: \{Forgotten\} narratives},
}

@incollection{meyer_manners_1846,
	address = {Adelaide},
	title = {Manners and customs of the \{{Aborigines}\} of the \{{Encounter}\} \{{Bay}\} tribe, \{\{{South}\}\} \{\{{Australia}\}\}. \{{Adelaide}\}: \{{George}\} \{{Dehane}\}. \{{Repr}\}},
	booktitle = {The native tribes of {South} {Australia}},
	publisher = {E. S. Wigg and Son},
	author = {Meyer, Heinrich August Eduard},
	collaborator = {Woods, James Dominick},
	year = {1846},
	note = {Publication Title: Manners and customs of the \{Aborigines\} of the \{Encounter\} \{Bay\} tribe, \{\{South\}\} \{\{Australia\}\}. \{Adelaide\}: \{George\} \{Dehane\}. \{Repr\}},
	pages = {184--206},
}

@incollection{crowley_mpakwithi_1981,
	address = {Canberra},
	title = {The \{{Mpakwithi}\} dialect of \{{Anguthimri}\}},
	volume = {2},
	booktitle = {Handbook of \{\{{Australian}\}\} languages},
	publisher = {Australian National University Press},
	author = {Crowley, Terry},
	editor = {Dixon, Robert Malcolm Ward and Blake, Barry},
	year = {1981},
	pages = {146--194},
}

@misc{Mullins1996,
	title = {Haddon, {Alfred} {Cort} (1855–1940)},
	url = {https://adb.anu.edu.au/biography/haddon-alfred-cort-10386/text18401},
	urldate = {2021-06-11},
	journal = {Australian Dictionary of Biography, National Centre of Biography, Australian National University},
	author = {Mullins, Steve},
	year = {1996},
	annote = {published first in hardcopy 1996},
}

@unpublished{koch_untitled_1868,
	address = {Adelaide},
	title = {Untitled [\{{Diari}\} \{\{{Grammatik}\}\} (\{{Diyari}\} \{{Grammar}\})]},
	author = {Koch, Wilhelm},
	year = {1868},
	note = {Number: 6},
}

@unpublished{leonhardi_letter_1908-1,
	address = {Alice Springs},
	title = {Letter to \{{Carl}\} \{{Strehlow}\} 29/08/1908 written in \{\{{Germany}\}\}.},
	author = {Leonhardi, Moritz von},
	translator = {The NT Interpreter {and} Translator Service},
	year = {1908},
}

@book{sutton_explorations_nodate,
	address = {{\textbackslash}biberror\{no address\}},
	title = {Explorations in \{{Northmost}\} \{\{{Australia}\}\}: \{\{{A}\}\} \{{Life}\} of \{\{{Ursula}\}\} \{{Hope}\} \{\{{McC}\}onnel\}},
	publisher = {{\textbackslash}biberror\{no publisher\}},
	author = {Sutton, Peter},
}

@incollection{reuther_repr_1899,
	address = {Canberra},
	title = {\{\{{G}\}\}rammar of {Wangkangurru} (1901)},
	booktitle = {Three \{{Central}\} \{{Australian}\} {Grammars}. \{\{{D}\}\}iari {Wonkanguru} {Jandruwanta}. ({Repr}. and transl. on microfiche of {J}. {G}. {Reuther} 1899-1901)},
	publisher = {Australian Institute of Aboriginal Studies},
	author = {Reuther, Johann Georg},
	editor = {Hercus, Luise Anna and Breen, J. Gavan},
	translator = {Hercus, Luise Anna and Schwarzschild, Theodora},
	year = {1981},
	note = {Translators: \_:n2813},
	pages = {29--52},
}

@book{evans_interesting_2003,
	address = {Köln},
	title = {An interesting couple: \{\{{T}\}\}he semantic development of dyad morphemes},
	publisher = {Institut für Sprachwissenschaft der Universität zu Köln},
	author = {Evans, Nicholas},
	year = {2003},
}

@book{ridley_kamilaroi_1866,
	address = {New South Wales. Sydney},
	title = {Kamilaroi, \{{Dippil}\} and \{{Turrubul}\}: \{{Languages}\} spoken by \{\{{Australian}\}\} \{{Aborigines}\}},
	publisher = {Government Printer},
	author = {Ridley, William},
	year = {1866},
}

@book{grant_grammar_2014,
	address = {Australian Captital Territory},
	title = {A grammar of \{{Wiradjuri}\} language},
	publisher = {Restoration House},
	author = {Grant, Stan (Snr) and Rudder, John},
	year = {2014},
}

@unpublished{vogelsang_letter_1878,
	address = {Melbourne},
	title = {Letter to {A}. {W}. {Howitt} 2/10/1878 written from {Bocaltenina} [{Boocaltaninna}]},
	author = {Vogelsang, Hermann Heinrich},
	year = {1878},
}

@book{blake_case_1977,
	address = {Canberra},
	title = {Case marking in \{\{{Australian}\}\} languages},
	publisher = {Australian Institute of Aboriginal Studies},
	author = {Blake, Barry J},
	year = {1977},
}

@incollection{mcgregor_early_2000,
	address = {Leuven},
	title = {An early \{{Trappist}\} grammar of \{\{{NyulN}\}yul\} (\{{Dampier}\} \{{Land}\}, \{\{{Western}\}\} \{\{{Australia}\}\}},
	booktitle = {The history of linguistic and grammatical praxis: \{{Proceedings}\} of the \{\{{XI}\}th\} \{{International}\} \{{Colloquium}\} of the \{{Studienkreis}\} \{\{{Geschichte}\}\} der \{\{{Sprachwissenschaft}\}\} (\{{Leuven}\}},
	publisher = {Peeters},
	author = {McGregor, William Bernard},
	editor = {Desmet, Piet and Jooken, Lieve and Schmitter, Peter and Swiggers, Pierre},
	year = {2000},
	pages = {445--464},
}

@book{schurmann_aboriginal_1846,
	address = {Adelaide},
	title = {The \{\{{Aboriginal}\}\} tribes of \{{Port}\} \{{Lincoln}\} in \{\{{South}\}\} \{\{{Australia}\}\}, their mode of life, manners and customs},
	publisher = {George Dahane},
	author = {Schürmann, Clamor Wilhelm},
	year = {1846},
}

@book{holmer_notes_1971,
	address = {Canberra},
	title = {Notes on the \{{Bandjalang}\} dialect spoken at \{{Coraki}\} and \{{Bungawalbin}\} \{\{{Creek}\}\}, \{{N}\}.\{{S}\}.\{{W}\}},
	publisher = {Australian Institute of Aboriginal Studies},
	author = {Holmer, N M},
	year = {1971},
}

@incollection{taplin_grammar_1892,
	address = {Sydney},
	title = {Grammar of the \{\{{Narrinyeri}\}\} and other dialects},
	volume = {Part IV},
	booktitle = {An {Australian} language as spoken by the {Awabakal}, the people of {Awaba}, or {Lake} {Macquarie} (near {Newcastle} {New} {South} {Wales}): {Being} an account of their language, traditions and customs, by {L}.{E}. {Threlkeld}; rearranged, condensed and edited with an appendix by {John} {Fraser}},
	publisher = {Charles Potter Government Printer},
	author = {Taplin, George},
	collaborator = {Fraser, John and Threlkeld, Lancelot Edward},
	year = {1892},
	note = {Publication Title: Grammar of the \{\{Narrinyeri\}\} and other dialects},
	pages = {28--47},
}

@article{ridley_kamilaroi_1856,
	title = {Kamilaroi tribe of \{{Australians}\} and their dialect, in a letter to \{{Dr}\}. \{{Hodgkin}\} (written 03/11/1853 from \{{Balmain}\} \{\{{Sydney}\}\}},
	volume = {4},
	journal = {Journal of the Ethnological Society of London},
	author = {Ridley, William},
	year = {1856},
	pages = {285--293},
}

@book{planert_syntaktischen_1907,
	address = {Berlin},
	title = {Die \{\{{Syntaktischen}\}\} \{{Verhältnisse}\} des \{{Suaheli}\}},
	publisher = {Süsserott},
	author = {Planert, Wilhelm},
	year = {1907},
}

@book{schroder_erhard_2011,
	address = {Adelaide},
	title = {Erhard \{{Eylmann}\}: \{{Ethnographer}\} and explorer},
	publisher = {Wakefield Press},
	author = {Schröder, Wilfred},
	editor = {Monteath, Peter},
	year = {2011},
	note = {Publication Title: Erhard \{Eylmann\}: \{Ethnographer\} and explorer},
}

@unpublished{mathews_letter_1905,
	address = {Alice Springs},
	title = {Letter to \{{Carl}\} \{{Strehlow}\} 14/11/1905 written from \{{Parramatta}\}},
	author = {Mathews, Robert Hamilton},
	year = {1905},
	annote = {Issue: record number},
}

@incollection{silverstein_hierarchy_1976,
	address = {Canberra},
	title = {Hierarchy of \{{Features}\} and \{{Ergativity}\}},
	booktitle = {Grammatical categories in {Australian} languages},
	publisher = {Australian Institute of Aboriginal Studies},
	author = {Silverstein, Michael},
	editor = {Dixon, Robert Malcolm Ward},
	year = {1976},
	note = {Publication Title: Hierarchy of \{Features\} and \{Ergativity\}},
	pages = {112--171},
}

@incollection{fraser_australian_1892,
	address = {Sydney},
	title = {Introduction},
	booktitle = {An \{\{{Australian}\}\} language as spoken by the \{{Awabakal}\}, the people of \{{Awaba}\}, or \{\{{Lake}\}\} \{\{{Macquarie}\}\} (near \{{Newcastle}\} \{{New}\} \{\{{South}\}\} \{\{{Wales}\}\}): \{{Being}\} an account of their language, traditions and customs, by \{{L}\}.\{\{{E}\}\}. \{{Threlkeld}\}; rearranged, con},
	publisher = {Charles Potter Government Printer},
	author = {Fraser, John},
	collaborator = {Fraser, John and Threlkeld, Lancelot Edward},
	year = {1892},
	note = {Publication Title: An \{\{Australian\}\} language as spoken by the \{Awabakal\}, the people of \{Awaba\}, or \{\{Lake\}\} \{\{Macquarie\}\} (near \{Newcastle\} \{New\} \{\{South\}\} \{\{Wales\}\}): \{Being\} an account of their language, traditions and customs, by \{L\}.\{\{E\}\}. \{Threlkeld\}; rearranged, con},
	pages = {xi--lxiv},
}

@incollection{koch_r_2008,
	address = {Canberra},
	title = {R. \{{H}\}. \{{Mathews}\}' schema for the description of \{\{{Australian}\}\} languages},
	booktitle = {Encountering {Aboriginal} languages: {Studies} in the history of {Australian} linguistics},
	publisher = {Pacific Linguistics},
	author = {Koch, Harold},
	editor = {McGregor, William},
	year = {2008},
	note = {Publication Title: R. \{H\}. \{Mathews\}' schema for the description of \{\{Australian\}\} languages},
	pages = {179--218},
}

@book{threlkeld_specimens_1927,
	address = {Sydney},
	title = {Specimens of a dialect of the \{{Aborigines}\} of \{{New}\} \{\{{South}\}\} \{\{{Wales}\}\}: \{\{{B}\}\}eing the first attempt to form their speech into a written language},
	publisher = {Monitor Office},
	author = {Threlkeld, Lancelot Edward},
	year = {1827},
}

@phdthesis{lockwood_two_2014,
	type = {Ph.{D}. thesis},
	title = {The two kingdoms: \{{Lutheran}\} missionaries and the \{\{{British}\}\} civilizing mission in early \{\{{South}\}\} \{\{{Australia}\}\}},
	school = {The University of Adelaide},
	author = {Lockwood, Christine Joy},
	year = {2014},
}

@book{Prichard1847,
	address = {London},
	title = {Physical {History} of {Mankind}},
	volume = {V},
	publisher = {Sherwood, Gilbert and Piper},
	author = {Prichard, James C},
	year = {1847},
}

@unpublished{leonhardi_letter_1906,
	address = {Alice Springs},
	title = {Letter to \{{Carl}\} \{{Strehlow}\} 17/03/1906 written in \{\{{Germany}\}\}.},
	author = {Leonhardi, Moritz von},
	translator = {The NT Interpreter {and} Translator Service},
	year = {1906},
}

@book{blake_pitta-pitta_1971,
	address = {Melbourne},
	series = {Linguistic {Communications}},
	title = {The \{{Pitta}\}-\{{Pitta}\} dialects},
	volume = {4},
	publisher = {Monash University},
	author = {Blake, Barry J and Breen, J Gavan},
	year = {1971},
	note = {Place: Melbourne},
}

@article{manaster-ramer_origin_1994,
	title = {The origin of the term ‘ergative’},
	volume = {47},
	number = {3},
	journal = {Sprachtypologie und Universalienforschung},
	author = {Manaster-Ramer, Alexis},
	year = {1994},
	note = {Number: 3},
	pages = {211--214},
}

@article{weingreen_construct-genitive_1954,
	title = {The construct-genitive relation in \{\{{Hebrew}\}\} syntax},
	volume = {4},
	number = {1},
	journal = {Vestus Testamentum},
	author = {Weingreen, Jacob},
	year = {1954},
	note = {Number: 1},
	pages = {50--59},
}

@article{herbert_vergleichende_1908,
	title = {\{{Vergleichende}\} \{{Vokabularien}\} der \{{Aluridja}\} – und – \{{Arunndta}\} \{\{{Dialekte}\}\} \{{Zentral}\}-\{{Australiens}\}},
	volume = {40},
	journal = {Zeitschrift für Etnologie},
	author = {Basedow, Herbert},
	year = {1908},
	pages = {207--228},
}

@book{muller_reise_1868,
	address = {Vienna},
	title = {Ethnographie},
	volume = {\{Anthropologischer\} \{Theil\}, Band III},
	publisher = {Aus der kaiserlich-königlichen Hof- und Staatsdruckerei. In commission bei K. Gerold's Sohn},
	author = {Müller, Friedrich},
	year = {1868},
}

@book{albrecht_mission_2002,
	address = {Adelaide},
	title = {From mission to \{{Church}\} 1877-2002},
	publisher = {Finke River Mission},
	author = {Albrecht, Paul G. E.},
	year = {2002},
}

@book{gillen_my_1997,
	address = {South Melbourne},
	title = {My dear \{{Spencer}\}’: \{{The}\} letters of \{{F}\}.\{{J}\}. \{{Gillen}\} to \{{Baldwin}\} \{{Spencer}\}: \{\{{T}\}\}he letters of \{{F}\}.\{{J}\}},
	publisher = {Highland House},
	author = {Gillen, Francis James},
	editor = {Mulvaney, John and Morphy, Howard and Petch, Alison},
	year = {1997},
	note = {Publication Title: My dear \{Spencer\}’: \{The\} letters of \{F\}.\{J\}. \{Gillen\} to \{Baldwin\} \{Spencer\}: \{\{T\}\}he letters of \{F\}.\{J\}},
}

@unpublished{livingstone_minyung_nodate,
	address = {Melbourne},
	title = {The \{{Minyung}\}: \{{The}\} speech and the speakers. \{{A}\} study in \{\{{Australian}\}\} \{\{{Aboriginal}\}\} philology by the \{{Rev}\} \{{Hugh}\} \{{Livingstone}\}},
	author = {Livingstone, Hugh},
	annote = {formerly Presbyterian Minister at Lismore, New South Wales [contains vocabulary of ‘Minyung’, Minjangbal] Unpublished ms. Museum Victoria. BSM354=XM6386},
}

@book{strehlow_aranda_1944,
	address = {Sydney},
	series = {= {Oceania} {Monographs}, 7},
	title = {Aranda phonetics and grammar},
	publisher = {The University of Sydney},
	author = {Strehlow, Theodor Georg Heinrich},
	year = {1944},
	note = {Publisher: The University of Sydney
Place: Sydney},
}

@article{mathews_languages_1907,
	title = {Languages of some tribes of \{\{{Western}\}\} \{\{{Australia}\}\} [\{{Luritja}\} material},
	volume = {46},
	journal = {Proceedings of the American Philosophical Society},
	author = {Mathews, Robert Hamilton},
	year = {1907},
	pages = {361--368},
}

@incollection{GabySinger2014,
	address = {Berlin},
	title = {Semantics of \{{Australian}\} \{{Aboriginal}\} languages},
	booktitle = {The languages and linguistics of \{{Australia}\}},
	publisher = {de Gruyter},
	author = {Gaby, Alice and Singer, Ruth},
	editor = {Nordlinger, Rachel and Koch, Harold},
	year = {2014},
	pages = {293--325},
}

@incollection{darnell_indo-european_1999,
	address = {Amsterdam \& Philadelphia},
	title = {\{{Indo}\}-\{\{{European}\}\} methodology, \{{Bloomfield}\}’s \{\{{Central}\}\} \{\{{Algonquian}\}\}, and \{{Sapir}\}’s {Distant} {Genetic} relationships},
	booktitle = {The emergence of the modern language sciences: {Studies} on the transition from historical-comparative to structural linguistics in honour of {E}. {F}. {K}. {Koerner}. {Vol}. {II}: {Methodological} {Perspectives} and {Applications}.},
	publisher = {John Benjamins},
	author = {Darnell, Regna},
	editor = {Embleton, Sheila and Joseph, John E. and Niederehe, Hans-Josef},
	year = {1999},
	note = {Publisher: John Benjamins
Place: Amsterdam \& Philadelphia},
	pages = {3--16},
}

@book{codrington_melanesian_1885,
	address = {London},
	title = {The \{\{{Melanesian}\}\} languages},
	publisher = {Clarendon Press},
	author = {Codrington, Robert Henry},
	year = {1885},
}

@book{muller_lectures_1861,
	address = {London},
	title = {Lectures on the science of language, delivered at the \{{Royal}\} \{{Institution}\} of \{{Great}\} \{\{{Britain}\}\} ... \{\{{I}\}\}n 1861 [and 1863},
	publisher = {Longman, Green, Longman and Roberts},
	author = {Müller, Friedrich Max},
	year = {1861},
}

@book{gale_dorothy_2010,
	address = {Adelaide},
	title = {\{{Ngarrindjeri}\} \{{Learners}\}' \{{Guide}\}},
	publisher = {Raukkan Community Council, with the University of South Australia},
	author = {Gale, Mary-Anne and French, Dorothy},
	year = {2010},
}

@book{kilbury_development_1976,
	address = {Amsterdam \& Philadelphia: Amsterdam \& Philadelphia},
	title = {The development of morphophonemic theory},
	publisher = {John Benjamins},
	author = {Kilbury, James},
	year = {1976},
}

@phdthesis{oppliger_phonology_1984,
	type = {{BA} ({Hons}) thesis},
	title = {The phonology and morphology of \{{Awabakal}\}: \{\{{A}\}\} reconstitution from the early written sources},
	school = {University of Sydney},
	author = {Oppliger, Mandy},
	year = {1984},
}

@unpublished{strehlow_letter_1934,
	address = {Adelaide},
	title = {Letter to the \{{Registrar}\}, \{{The}\} \{{University}\} of \{{Adelaide}\} 11/07/1934, written in \{{Adelaide}\}},
	author = {Strehlow, Theodor Georg Heinrich},
	year = {1934},
}

@unpublished{love_notes_1937,
	address = {Adelaide},
	title = {Notes on grammar and vocabulary of the \{{Wi}\}: \{\{{R}\}\}tjapakandja tribe of the \{{Musgrave}\} \{{Ranges}\} ... \{\{{South}\}\} \{\{{Australia}\}\}. \{{Unpublished}\} ms},
	author = {Love, James Robert Beattie},
	year = {1937},
	annote = {Special Collections, University of Adelaide, FitzHerbert Papers 499.6.L897 Folder 3.},
}

@book{ridley_gurre_1856,
	address = {Sydney},
	title = {Gurre \{{Kamilaroi}\} or \{{Kamilaroi}\} sayings},
	publisher = {The Empire General Steam Printing Office},
	author = {Ridley, William},
	year = {1856},
}

@incollection{elkin_introduction_1944,
	address = {Sydney},
	title = {Introduction},
	booktitle = {Aranda phonetics and grammar},
	publisher = {The University of Sydney},
	author = {Elkin, Adolphus P},
	collaborator = {Strehlow, Theodor Georg Heinrich},
	year = {1944},
	note = {Publication Title: Introduction to \{Aranda\} phonetics and grammar},
	pages = {1--2},
}

@book{rhenius_grammar_1836,
	address = {Madras},
	title = {A grammar of the \{\{{Tamil}\}\} language},
	publisher = {Church Mission Press},
	author = {Rhenius, Charles Theophilus Ewald},
	year = {1836},
}

@article{berndt_initiation_1941,
	title = {The initiation of native doctors, \{{Dieri}\} tribe, \{\{{South}\}\} \{\{{Australia}\}\}},
	volume = {6},
	number = {4},
	journal = {Records of the South Australia Museum},
	author = {Berndt, Ronald Murray and Vogelsang, Theodore},
	year = {1941},
	note = {Number: 4},
	pages = {369--380},
}

@book{hoff_hoff_2004,
	address = {Kingswood S.A.},
	title = {The \{{Hoff}\} vocabularies of \{{Indigenous}\} languages from the far west coast of \{\{{South}\}\} \{\{{Australia}\}\}},
	publisher = {Lothar Hoff},
	author = {Hoff, Lothar C},
	year = {2004},
}

@book{taplin_grammar_1878,
	address = {Adelaide},
	title = {Grammar of the \{\{{Narrinyeri}\}\} tribe of \{\{{Australian}\}\} \{{Aborigines}\}},
	publisher = {W. C. Cox, Government Printer},
	author = {Taplin, George},
	year = {1878},
}

@incollection{nordlinger_constituency_2014,
	address = {Berlin and New York},
	title = {Constituency and grammatical relations in \{\{{Australian}\}\} languages},
	booktitle = {The languages and linguistics of {Australia}: {A} comprehensive guide},
	publisher = {Mouton de Gruyter},
	author = {Nordlinger, Rachel},
	editor = {Koch, Harold and Nordlinger, Rachel},
	year = {2014},
	note = {Publication Title: Constituency and grammatical relations in \{\{Australian\}\} languages},
	pages = {215--262},
}

@book{thieberger_paper_1995,
	address = {Canberra},
	title = {Paper and talk: \{{A}\} manual for reconstituting materials in \{\{{Australian}\}\} \{{Indigenous}\} languages from historical sources},
	publisher = {Aboriginal Studies Press},
	author = {Thieberger, Nick},
	year = {1995},
}

@book{koch_nujanujarajinkiniexa_1870,
	address = {Adelaide},
	title = {Nujanujarajinkiniexa: \{{Dieri}\} jaura jelaribala},
	publisher = {Eggers \& Eimer (Office der Süd-Australische Zeitung},
	author = {Koch, Wilhelm and Homann, Ernst},
	year = {1870},
}

@article{nowak_through_1993,
	title = {Through the looking glass: \{{Syntactic}\} structures of \{{Inuktitut}\} and ergativity},
	volume = {17},
	number = {1},
	journal = {Inuit Studies},
	author = {Nowak, Elka},
	year = {1993},
	note = {Number: 1},
	pages = {103--116},
}

@incollection{austin_notitle_1981,
	address = {Canberra},
	title = {Additional notes on ‘\{{Diari}\}’, ‘\{{Wonkanguru}\}” and ‘\{{Jandruwanta}\}’. \{{In}\} \{{Hercus}\} \& \{{Schwarzschild}\}},
	booktitle = {Three {Central} {Australian} {Grammars}. {Diari} {Wonkanguru} {Jandruwanta}},
	publisher = {Australian Institute of Aboriginal Studies},
	author = {Austin, Peter},
	editor = {{Hercus, Luise Anna} and {Breen, J. Gavan}},
	translator = {Schwarzschild, Theodora and Hercus, Luise Anna},
	collaborator = {Reuther, Johann Georg},
	year = {1981},
	note = {Repr. and transl. on microfiche of J. G. Reuther 1899-1901},
	pages = {26--28; 53--55; 73--77},
}

@article{nobbs_bush_2005,
	title = {The bush missionary’s defence: \{\{{A}\}\} key document in the history of \{\{{Australian}\}\} mission ethnography},
	volume = {4},
	journal = {Strehlow Research Centre Occasional Paper},
	author = {Nobbs, Chris},
	editor = {Kenny, Anna and Mitchell, Scott},
	year = {2005},
	pages = {26--53},
}

@article{fry_dieri_1937-1,
	title = {Dieri legends, {Pt} {II}},
	volume = {48},
	number = {3},
	journal = {Folklore},
	author = {Fry, Henry T},
	year = {1937},
	note = {Number: 3},
	pages = {269--287},
}

@incollection{Planert1905b,
	address = {Berlin},
	title = {Über die \{\{{Sprache}\}\} der {Hottentotten} und {Buschmänner}},
	volume = {Jarhgang VIII, Abteilung III Afrikanischen Studien},
	booktitle = {Sonderabdruck aus den {Mitteillungen} des {Seminars} für {Orientalische} {Sprachen}  zu {Berlin}},
	publisher = {Überreicht vom Verfasser},
	author = {Planert, Wilhelm},
	year = {1905},
	note = {Publication Title: Mittheilungen des Seminars für Orientalische Sprachen
Issue: 3},
	pages = {104--176},
}

@book{muller_grundris_1882,
	address = {Vienna},
	title = {Grundriß der \{\{{Sprachwissenschaft}\}\}},
	volume = {2, \{Die\} \{\{\{Sprachen\}\}\} der \{Schlichthaarigen\} \{Rassen\}. \{Part\} 1: \{Die\} \{\{\{Sprachen\}\}\} der \{Australischen\}, der \{Hyperboreischen\} und der \{Amerikanischen\} \{Rasse\}},
	publisher = {Hölder},
	author = {Müller, Friedrich},
	year = {1882},
}

@unpublished{leonhardi_letter_1904,
	address = {Alice Springs},
	title = {Letter to \{{Carl}\} \{{Strehlow}\} 28/08/1904 written in \{\{{Germany}\}\}.},
	author = {Leonhardi, Moritz von},
	translator = {The NT Interpreter {and} Translator Service},
	year = {1904},
}

@book{smith_booandik_1880,
	address = {Adelaide},
	title = {The \{{Booandik}\} tribe of \{\{{South}\}\} \{\{{Australian}\}\} \{{Aborigines}\}: \{{A}\} sketch of their habits, customs, legends and language},
	publisher = {E. Spiller, Government Printer},
	author = {Smith, Mrs James},
	year = {1880},
}

@phdthesis{austin_grammar_1978,
	type = {Ph.{D}. thesis},
	title = {A grammar of \{{Diyari}\}, \{\{{South}\}\} \{\{{Australia}\}\}},
	school = {Australian National University},
	author = {Austin, Peter},
	year = {1978},
}

@incollection{bulmer_language_1878,
	address = {Melbourne},
	title = {Language of the natives},
	volume = {II, Language},
	booktitle = {The {Aborigines} of {Victoria}: {With} notes relating to the habits of the natives of other parts of {Australia}},
	publisher = {Government Printer for the Government of Victoria},
	author = {Bulmer, John},
	collaborator = {Brough Smyth, Robert},
	year = {1878},
	pages = {24--39},
}

@incollection{hale_languages_1846,
	address = {Philadelphia},
	title = {The languages of \{\{{Australia}\}\}},
	volume = {VI},
	booktitle = {Reports of the {United} {States} exploring expedition 1838–1842},
	publisher = {Lee and Blanchard},
	author = {Hale, Horatio},
	year = {1846},
	note = {Publisher: Lee and Blanchard
Place: Philadelphia},
	pages = {479--532},
}

@article{ray1897,
	title = {A {Study} of the languages of \{{Torres} \{{Straits}\}\}, with vocabularies and grammatical notes: \{\{{P}\}\}art \{\{{II}\}\}},
	volume = {3},
	number = {4},
	journal = {Proceedings of the Royal Irish Academy},
	author = {Ray, Sidney Herbert and Haddon, Alfred Cort},
	year = {1897},
	note = {Number: 4},
	pages = {119--373},
}

@misc{handtpapers,
	title = {The papers of {Rev}. \{\{{J}\}\}. \{\{{C}\}\}. \{\{{S}\}\}. \{\{{H}\}\}andt.},
	url = {https://downloads.newcastle.edu.au/library/cultural},
	journal = {The Wellington Valley Project: Papers relating to the church mission to Wellington Valley, New South Wales 1830-1841. Vol I},
	author = {Handt, Johann Christian Simon},
	collaborator = {Carey, Hilary M and Roberts, David A},
	annote = {University of Newcastle
},
}

@book{dixon_dyirbal_1972,
	address = {Cambridge},
	title = {The \{{Dyirbal}\} language of north \{{Queensland}\}},
	publisher = {Cambridge University Press},
	author = {Dixon, Robert Malcolm Ward},
	year = {1972},
}

@book{geytenbeek1971,
	address = {Canberra},
	title = {Gidabal grammar and dictionary},
	publisher = {Australian Institute of Aboriginal Studies},
	author = {Geytenbeek, Brian and Geytenbeek, Helen},
	year = {1971},
}

@unpublished{gunther_lecture_1840,
	address = {Sydney},
	title = {Lecture on the \{{Aborigines}\} of \{\{{Australia}\}\} and papers on the \{{Wirradhurrei}\} dialect 1837–1840},
	author = {Günther, James Wilhelm},
	year = {1840},
	annote = {Unpublished ms. State Library of New South Wales, Mitchell library [Wiradjuri grammar. 337-379]. C 136.B 505.},
}

@incollection{gason_no_1886,
	address = {Melbourne},
	title = {\{{No}\} 55. - \{{From}\} \{{Mount}\} \{{Freeling}\} to \{{Pirigundi}\} \{\{{Lake}\}\}},
	volume = {II},
	booktitle = {The {Australian} race: {Its} origin, languages, customs, place of landing in {Australia}, and the routes by which it spread itself over the continent.},
	publisher = {Government Printer},
	author = {Gason, Samuel},
	editor = {Curr, Edward Micklethwaite},
	year = {1886},
	pages = {44--107},
	annote = {Repr. of Gason 1874},
}

@article{mathews_gundungurra_1901,
	title = {The \{{Gundungurra}\} language},
	volume = {40},
	journal = {Proceedings of the American Philological Society},
	author = {Mathews, Robert Hamilton},
	year = {1901},
	pages = {140--148},
}

@article{Amery2004,
	title = {Beyond their expectations: {Teichelmann} and {Schürmann}'s efforts to preserve the {Kaurna} language continue to bear fruit},
	number = {3},
	author = {Amery, Rob},
	year = {2004},
	pages = {9--28},
}

@article{schleicher_zur_1859,
	title = {Zur \{{Morphologie}\} der \{\{{Sprache}\}\}},
	volume = {1},
	number = {7},
	journal = {Mémoires de l'Académie des Sciences de St. Petersbourg. Série VII},
	author = {Schleicher, August},
	year = {1859},
	note = {Number: 7
Publisher: Eggers, Schmidt \& Voss
Place: St. Petersburg},
	pages = {1--38},
}

@article{bowern_computational_2012,
	title = {Computational phylogenetics and the internal structure of \{\{{Pama}\}\}-\{{Nyungan}\}},
	volume = {88},
	number = {4},
	journal = {Language},
	author = {Bowern, Claire and Atkinson, Quentin},
	year = {2012},
	note = {Number: 4},
	pages = {817--845},
}

@incollection{humboldt_anmerkung_1801,
	address = {Paris},
	title = {Anmerkung über die \{{Baskische}\} \{\{{Sprache}\}\}},
	volume = {Part 1},
	booktitle = {Voyage en {Espagne}, aux années 1797 et 1798; faisant suite au {Voyage} en {Espagne}, du citoyen {Bourggoing}},
	publisher = {Ch Fr Crammer},
	author = {Humboldt, Wilhelm von},
	translator = {Cramer, Ch Fr},
	collaborator = {Fischer, Chretien Auguste},
	year = {1801},
	note = {Publisher: Trad
Place: Paris},
	pages = {139--144},
}

@book{codrington_sketch_1877,
	address = {London},
	title = {A sketch of \{\{{Mota}\}\} grammar},
	publisher = {Gilbert and Rivington},
	author = {Codrington, Robert Henry},
	year = {1877},
}

@book{ramshorn_lateinische_1824,
	address = {Leipzig},
	title = {Lateinische \{\{{Grammatik}\}\}},
	publisher = {F. C.W. Vogel},
	author = {Ramshorn, Ludwig},
	year = {1824},
}

@unpublished{strehlow_untitled_1931,
	address = {Adelaide},
	title = {Untitled [\{{Grammar}\} of \{{Aranda}\} (\{{Arrernte}\}) copied by \{\{{E}\}\}. \{{Kramer}\} from lost original},
	author = {Strehlow, Carl Friedrich Theodor},
	year = {1931},
	note = {Publisher: South Australian Museum Anthropological Archives
Place: Adelaide},
}

@incollection{thomas_succinct_1878,
	address = {Melbourne},
	title = {Succinct sketch of the \{\{{Aboriginal}\}\} {Language}},
	volume = {II: Language},
	booktitle = {The {Aborigines} of {Victoria}: {With} notes relating to the habits of the natives of other parts of {Australia}.},
	publisher = {Government Printer for the Government of Victoria},
	author = {Thomas, William},
	collaborator = {Brough Smyth, Robert},
	year = {1878},
	pages = {118--133},
}

@phdthesis{scrimgeour_colinizers_2007,
	type = {Ph.{D}. thesis},
	title = {Colinizers and civilizers: \{\{{Aboriginal}\}\} schools and the mission to ‘civilize’ in \{\{{South}\}\} \{\{{Australia}\}\} 1839-1845},
	school = {Charles Darwin University},
	author = {Scrimgeour, Anne},
	year = {2007},
}

@book{gale_ngarrindjeri_2009,
	address = {Adelaide},
	title = {Ngarrindjeri dictionary, compiled by \{{Mary}\}-\{{Anne}\} \{{Gale}\} with the elders \{{Eileen}\} \{\{{McH}\}ughes\}},
	publisher = {Raukkan Community Council on behalf of the Ngarrindjeri [Community]},
	author = {Gale, Mary-Anne},
	year = {2009},
	annote = {et al.]. Adelaide: Raukkan Community Council on behalf of the Ngarrindjeri [Community].},
}

@article{mcgregor_typology_2009,
	title = {Typology of ergativity},
	volume = {3},
	number = {1},
	journal = {Language and Linguistics Compass},
	author = {McGregor, William Bernard},
	year = {2009},
	note = {Number: 1},
	pages = {480--508},
}

@book{Thomas2011,
	address = {Sydney},
	title = {The {Many} {Worlds} of \{\{{RH}\}\} {Mathews}: \{\{{I}\}\}n {Search} of an \{{Australian}\} {Anthropologist}},
	publisher = {Allen \& Unwin},
	author = {Thomas, Martin},
	year = {2011},
}

@incollection{Jacobs1886a,
	address = {Melbourne},
	title = {\{{No}\}. 43. – \{{No}\}rth-west of \{{Lake}\} {Eyre}},
	volume = {II},
	booktitle = {The \{\{\{{Australia}\}n\}\} race: \{{Its}\} origin, languages, customs, place of landing in \{\{{Australia}\}\}, and the routes by which it spread itself over the continent},
	publisher = {John Ferres},
	author = {Jacobs, F E (sic. Johann Ernst Jacob)},
	editor = {Curr, Edward Micklethwaite},
	year = {1886},
	pages = {12--13},
}

@misc{ganter_hermannsburg_2016,
	title = {Hermannsburg \{{Mission}\} \{{Society}\} (1849)},
	url = {http://missionaries.griffith.edu.au/},
	urldate = {2014-03-06},
	journal = {\{\{German\}\} \{Missionaries\} in \{\{Australia\}\} – a web-directory of intercultural encounters},
	author = {Ganter, Regina},
	year = {2016},
}

@article{hockett_two_1954,
	title = {Two models of grammatical description},
	volume = {10},
	journal = {Word},
	author = {Hockett, Charles F},
	year = {1954},
	pages = {210--231},
}

@article{schebeck_adnjamathanha_1973,
	title = {The \{{Adnjamathanha}\} personal pronoun and the \{{Wailpi}\} kinship system},
	volume = {6},
	journal = {Papers in Australian Linguistics},
	author = {Schebeck, Bernhard},
	editor = {Schebeck, Bernhard and Hercus, Luise Anna and White, Isobel M},
	year = {1973},
	note = {Publisher: Australian National University
Place: Canberra},
	pages = {1--45},
}

@book{dixon_notitle_nodate-1,
	address = {Canberra},
	title = {\{{Handbook}\} of \{\{{Australian}\}\} languages},
	volume = {2},
	publisher = {Australia National University Press},
	editor = {Dixon, Robert Malcolm Ward and Blake, Barry J},
	year = {1981},
	note = {Publication Title: \{Handbook\} of \{\{Australian\}\} languages},
}

@book{thomas_culture_2007,
	address = {Canberra},
	title = {Culture in translation. \{{The}\} anthropological legacy of \{{R}\}. \{{H}\}. \{{Mathews}\}.},
	publisher = {ANU Press},
	author = {Thomas, Martin},
	year = {2007},
}

@book{graetz2002,
	address = {North Adelaide},
	title = {Missionary to the \{{Kaurna}\}: \{{T}\}he \{{Klose}\} letters},
	publisher = {Friends of Lutheran Archives},
	author = {Klose, Samuel and Graetz, Joyce},
	year = {2002},
}

@incollection{austin_double_1995,
	address = {New York},
	title = {Double case marking in \{{Kanyara}\} and \{{Mantharta}\} languages, \{\{{Western}\}\} \{\{{Australia}\}\}},
	booktitle = {Double case: {Agreement} by {Suffixaufnahme}},
	publisher = {Oxford University Press},
	author = {Austin, Peter},
	editor = {Plank, Frans},
	year = {1995},
	note = {Publication Title: Double case marking in \{Kanyara\} and \{Mantharta\} languages, \{\{Western\}\} \{\{Australia\}\}},
	pages = {363--379},
}

@incollection{blake_australian_1979,
	address = {Canberra},
	title = {\{{Australian}\} case systems},
	booktitle = {Australian linguistic studies},
	publisher = {Australian National University},
	author = {Blake, Barry J},
	editor = {Wurm, Stephen A},
	year = {1979},
	note = {Publication Title: \{Australian\} case systems},
	pages = {323--394},
}

@book{grey_vocabulary_1839,
	address = {London},
	title = {Vocabulary of the dialects spoken by the \{\{{Aboriginal}\}\} races of \{\{{South}\}\}-\{\{{Western}\}\} \{\{{Australia}\}\}. \{{Perth}\}: \{{The}\} author},
	publisher = {T \& W},
	author = {Grey, George},
	year = {1839},
	annote = {Boone 1840).
Type: (Repr.},
}

@unpublished{meyer_correspondence_1839,
	title = {Correspondence with the committee of the \{{Evangelical}\} \{{Lutheran}\} \{{Mission}\} \{{Society}\} in \{{Dresden}\}},
	author = {Meyer, Heinrich August Eduard},
	year = {1839},
	annote = {Unpublished ms Lutheran Archives, Adelaide. Adelaide Missionaries (Dresden) 2/Folder M. Translated by Heidi Kneebone, Cynthia Rathjen, Sandy Martin and Lois Zweck.},
}

@unpublished{strehlow_notitle_1910,
	address = {Alice Springs},
	title = {Untitled [{Comparative} grammar of {Arrernte} and {Luritja}]},
	author = {Strehlow, Carl Friedrich Theodor},
	year = {1910},
	annote = {Untitled [Comparative grammar of Arrernte and Luritja]. Unpublished ms.
Publisher: Strehlow Research Centre},
}

@article{Eades1982,
	title = {You {Gotta} know how to talk … : \{\{{I}\}\}nformation seeking in south‐east {Queensland} aboriginal society},
	volume = {2},
	doi = {10.1080/07268608208599282},
	number = {1},
	journal = {Australian Journal of Linguistics},
	author = {Eades, Diana},
	year = {1982},
	note = {Number: 1},
	pages = {61--82},
}

@inproceedings{koch_explaining_2011,
	address = {Canberra},
	title = {Explaining the prehistory of personal pronouns in the \{\{{Kuri}\}\} languages},
	booktitle = {Poster presented at the conference of the {Australian} {Linguistics} {Society} meeting},
	author = {Koch, Harold},
	year = {2011},
}

@book{holmer_attempt_1966,
	address = {Canberra},
	title = {An attempt towards a comparative grammar of two \{\{{Australian}\}\} languages},
	publisher = {Australian Institute of Aboriginal Studies},
	author = {Holmer, Nils Magnus},
	year = {1966},
}

@incollection{Reynolds2008,
	address = {London},
	title = {The family background and achievements of \{{Walter}\} {Edmund} {Roth}},
	booktitle = {The {Roth} family, anthropology, and colonial administration},
	publisher = {Routledge},
	author = {Reynolds, Barrie},
	editor = {McDougall, Russell and Davidson, Iain},
	year = {2008},
	pages = {41--58},
}

@article{zweck_for_2012,
	title = {For they are our neighbours’: \{{The}\} debate on \{\{{Aboriginal}\}\} \{{Mission}\}. \{{Kirchen}\}-und \{{Missions}\}-blatt 1862},
	volume = {22},
	journal = {Journal of the Friends of the Lutheran Archives},
	author = {Zweck, Lois},
	year = {2012},
	pages = {38--61},
}

@book{yallop_narinjari_1975,
	address = {Sydney},
	series = {= {Oceania} {Linguistic} {Monographs}, 17},
	title = {Narinjari: \{{An}\} outline of the language studied by \{{George}\} \{{Taplin}\}, with \{{Taplin}\}'s notes and comparative table. [{Part} 1 {The} {Narinjari} language 1864-1964, by {Colin} {Yallop}. {Part} 2 {George} {Taplin} and his work on {Aboriginal} languages, by {Gordon} {Grimwade}]},
	publisher = {The University of Sydney},
	author = {Yallop, Colin L and Grimwade, Gordon},
	year = {1975},
	note = {Publisher: The University of Sydney
Place: Sydney},
}

@incollection{MerlanHeath1982,
	address = {Sydney},
	series = {Oceanic {Linguistic} {Monograph}},
	title = {Dyadic {Kinterms}},
	number = {24},
	booktitle = {Languages of kinship in \{{Aboriginal}\} \{{Australia}\}},
	publisher = {University of Sidney},
	author = {Merlan, Francesca and Heath, Jeffrey},
	editor = {Heath, Jeffrey and Merlan, Francesca and Rumsey, Alan},
	year = {1982},
	note = {Series Title: Oceania Linguistic Monography
Issue: 24},
	pages = {107--124},
}

@unpublished{strehlow_letter_1904,
	address = {Adelaide},
	title = {Letter to \{{Kaibel}\} 22/11/1904 written in \{{Hermannsburg}\}},
	author = {Strehlow, Carl Friedrich Theodor},
	year = {1904},
	annote = {Adelaide. Immanuel-FRM N9.},
}

@incollection{Hale1976,
	address = {Canberra},
	title = {The adjoined relative clause in \{\{{Australia}\}\}},
	booktitle = {Grammatical categories in \{\{{Australian}\}\} languages},
	publisher = {Australian Institute of Aboriginal Studies},
	author = {Hale, Kenneth Locke},
	editor = {Dixon, Robert Malcom Ward},
	year = {1976},
	pages = {78--105},
}

@book{austin_dictionary_1992,
	address = {Bundoora, Victoria},
	title = {A dictionary of \{{Gamilaraay}\} \{\{{Northern}\}\} \{{New}\} \{\{{South}\}\} \{\{{Wales}\}\}},
	publisher = {La Trobe University, Dept. of Linguistics},
	author = {Austin, Peter},
	year = {1992},
}

@incollection{hercus_perception_1973,
	address = {Canberra},
	series = {6},
	title = {Perception of kinship structure reflected in the \{{Adnjamathanha}\} pronouns},
	booktitle = {Papers in {Australian} {Linguistics}},
	publisher = {Papers in Australian Linguistics},
	author = {Hercus, Luise Anna and White, Isobel M},
	editor = {Schebeck, Bernhard and Hercus, Luise Anna and White, Isobel M},
	year = {1973},
	note = {Publisher: Australian National University
Place: Canberra},
	pages = {47--72},
}

@book{reuther_testamenta_1897,
	address = {Tanunda},
	title = {Testamenta \{{Marra}\}: \{{Jesuni}\} \{{Christuni}\} ngantjani jaura ninaia karitjimalkana wonti \{{Dieri}\} jaurani},
	publisher = {G. Auricht},
	author = {Reuther, Johann Georg and Strehlow, Carl Friedrich Theodor},
	year = {1897},
}

@book{eipper_statement_1841,
	address = {New South Wales Sydney},
	title = {Statement of the origin, condition and prospects of the \{\{{German}\}\} mission to \{{Aborigines}\} at \{{Moreton}\} \{{Bay}\}, conducted under the auspices of the \{{Presbyterian}\} \{{Church}\} in},
	publisher = {James Reading},
	author = {Eipper, Christopher},
	year = {1841},
}

@book{Eyre1845,
	address = {London},
	title = {Journals of {Expeditions} of discovery into \{{Central}\} \{{Australia}\}, and overland from {Adelaide} to {King} {George}'s {Sound}, in 1840-1, including an account of the manners and customs of the {Aborigines}, and the state of their relations with \{{Europeans}\}},
	publisher = {T. \& W. Boom},
	author = {Eyre, Edward John},
	year = {1845},
}

@book{grey_journals_1841,
	address = {London},
	title = {Journals of two expeditions of discovery in \{\{{North}\}\}-\{\{{West}\}\} and \{\{{West}\}ern\} \{\{{Australia}\}\}: \{{During}\} the years 1837, 38, and 39},
	volume = {II},
	publisher = {T \& W. Boone},
	author = {Grey, G},
	year = {1841},
}

@incollection{taplin_notes_1870,
	address = {Sydney},
	series = {= {Oceania} {Linguistic} {Monographs}, 17},
	title = {Notes on the comparative table of \{\{{Australian}\}\} languages},
	booktitle = {Narinjari: {An} outline of the language studied by {George} {Taplin}, with {Taplin}'s notes and comparative table},
	publisher = {The University of Sydney},
	author = {Taplin, George},
	collaborator = {Yallop, Colin L and Grimwade, Gordon},
	year = {1870},
	pages = {120--131},
}

@book{bauer_grundzuge_1871,
	address = {Nördlingen},
	title = {\{{Grundzüge}\} der \{\{{Neuhochdeutschen}\}\} \{\{{Grammatik}\}\} für höhere \{{Bildungs}\}-\{{Anstalten}\}},
	publisher = {C. H. Beck},
	author = {Bauer, Friedrich},
	year = {1871},
}

@book{Cunningham1969,
	address = {St Lucia [Brisbane]},
	title = {A description of the \{\{{Yugumbir}\}\} dialect of \{{Bundjalung}\}},
	volume = {1},
	publisher = {University of Queensland Press},
	author = {Cunningham, Margaret C},
	year = {1969},
}

@unpublished{schurmann_diaries_1838,
	address = {Adelaide},
	title = {Diaries},
	author = {Schürmann, Clamor Wilhelm},
	translator = {Noller, Geoff},
	year = {1838},
	note = {Translators: \_:n3339},
	annote = {Unpublished ms.
Publisher: Lutheran Archives},
}

@incollection{hovdhaugen_beginning_1993,
	address = {Washington DC. Amsterdam \& Philadelphia},
	title = {The beginning of \{{Polynesian}\} linguistics: \{{Explorers}\} and missionaries},
	booktitle = {History of \{{Linguistics}\}, 1993: \{\{{P}\}\}apers from the \{{Sixth}\} \{{International}\} \{{Conference}\} on the \{{History}\} of the language \{{Sciences}\} (\{\{{ICH}\}o\{{LS}\}\}) \{\{{VI}\}\}},
	publisher = {John Benjamins},
	author = {Hovdhaugen, Even},
	editor = {Jankowsky, Kurt R},
	year = {1993},
	pages = {105--114},
}

@book{clendon_clamor_2015,
	address = {Adelaide},
	title = {Clamor \{{Schürmann}\}’s \{{Barngarla}\} grammar},
	url = {https://www.adelaide.edu.au/press/titles/barngarla/},
	publisher = {Adelaide University Press},
	author = {Clendon, Mark},
	year = {2015},
}

@misc{Lane1997,
	title = {The {Journals} of the {Reverend} {George} {Taplin}, {Missionary} to the {Ngarrindjeri} {People} of the {Lower} {Murray}, {Lakes} and the {Coorong}, 1859–1879},
	url = {https://www.google.com/url?sa=t&rct=j&q=&esrc=s&source=web&cd=&ved=2ahUKEwjvw_Of9934AhVJTmwGHTPgDewQFnoECAUQAQ&url=https%3A%2F%2Fdocplayer.net%2F59880666-The-journals-of-the-reverend-george-taplin-missionary-to-the-ngarrindjeri-people-of-the-lower-murray-lakes-and-the-coorong.html&usg=AOvVaw3ch6BIF-6ghjD2MkJ7sp50},
	author = {Lane, Joe},
	year = {1997},
}

@book{gabelentz_sprachwissenschaft_1891,
	address = {Tübingen},
	title = {Die \{\{{Sprachwissenschaft}\}\}, ihre \{\{{Aufgaben}\}\}, \{\{{Methoden}\}\} und \{{Bisherigen}\} \{\{{Ergebnisse}\}\}},
	publisher = {Tübinger Beiträge zur Linguistik},
	author = {von der Gabelentz, Georg},
	year = {1891},
}

@phdthesis{newton_more_1987,
	type = {{MA} ({Hons}.) thesis},
	title = {More than one language, more than one culture: \{{Scholarly}\} and popular ideas about \{\{{Australian}\}\} \{\{{Aboriginal}\}\} languages from early times until 1860},
	school = {Macquarie University},
	author = {Newton, Peter J F},
	year = {1987},
}

@book{Krzywieki1934,
	address = {London},
	title = {Primitive society and its vital statistics},
	publisher = {Macmillan},
	author = {Krzywieki, Ludwik},
	year = {1934},
}

@article{koch_category_1984,
	title = {The category of 'associated motion' in \{{Kaytej}\}},
	volume = {1},
	journal = {Language in Central Australia},
	author = {Koch, Harold},
	year = {1984},
	pages = {23--34},
}

@article{roberts_language_2008,
	title = {Language to save the innocent’: \{{Reverend}\} \{{L}\}. \{{Threlkeld}\}’s linguistic mission},
	volume = {94},
	number = {2},
	journal = {The Journal of the Royal Australian Historical Society},
	author = {Roberts, David Andrew},
	year = {2008},
	note = {Number: 2},
	pages = {107--125},
}

@incollection{ogrady_coherence_2004,
	address = {Amsterdam \& Philadelphia},
	title = {The coherence and distinctiveness of the \{\{{Pama}\}\}-\{{Nyungan}\} language family within the \{\{{Australian}\}\} linguistic phylum},
	booktitle = {Australian languages: {Classification} and the comparative method.},
	publisher = {John Benjamins},
	author = {O'Grady, Geoffrey N and Hale, Kenneth L},
	editor = {Bowern, Claire and Koch, Harold},
	year = {2004},
	note = {Publication Title: The coherence and distinctiveness of the \{\{Pama\}\}-\{Nyungan\} language family within the \{\{Australian\}\} linguistic phylum},
	pages = {69--92},
}

@incollection{grimwade_george_1975,
	address = {Sydney},
	series = {= {Oceania} {Linguistic} {Monographs}, 17},
	title = {George \{{Taplin}\} and his work on \{\{{Aboriginal}\}\} languages},
	booktitle = {Narinjari: {An} outline of the language studied by {George} {Taplin}, with {Taplin}'s notes and comparative table. [{Part} 1 {The} {Narinjari} language 1864-1964, by {Colin} {Yallop}. {Part} 2 {George} {Taplin} and his work on {Aboriginal} languages, by {Gordon} {Grimwade}]},
	publisher = {The University of Sydney},
	author = {Grimwade, Gordon},
	collaborator = {Yallop, Colin and Grimwade, Gordon},
	year = {1975},
	pages = {111--145},
}

@misc{ganter_regina_1862,
	title = {Hey, {Nikolaus} (1862-1951)},
	url = {http://missionaries.griffith.edu.au},
	journal = {German Missionaries in Australia – a web-directory of intercultural encounters.},
	author = {Ganter, Regina},
	note = {Publication Title: \{German\} Missionaries in \{\{Australia\}\} – \{A\} web-directory of intercultural encounters},
}

@techreport{thieberger_linguistic_2004,
	address = {Melbourne},
	title = {Linguistic report on the single \{{Noongar}\} native title claim},
	url = {http://hdl.handle.net/11343/27658.},
	institution = {University of Melbourne},
	author = {Thieberger, Nick},
	year = {2004},
}

@unpublished{capell_outline_1958,
	address = {Canberra},
	title = {Outline of \{{Aranda}\} structure},
	author = {Capell, Arthur},
	year = {1958},
	annote = {Unpublished ms.
Publisher: Australian Institute of Aboriginal and Torres Islander Studies},
}

@book{schoknecht_grammar_1947,
	address = {South Oakleigh, Vic},
	title = {Missionary {Carl} {Schoknecht}, {Killalpaninna} {Mission} 1871–1873. ({Grammar} of the language of the \{{Dieri}\} \{{Aborigines}\})},
	publisher = {A. \& C. Schoknecht},
	author = {Schoknecht, Carl Heinrich Martin},
	translator = {Schoknecht, J.C.},
	year = {1946},
	note = {Translators: \_:n3410
Publisher: A. \& C. Schoknecht
Place: South Oakleigh},
}

@incollection{koch_methodological_2004,
	address = {Amsterdam \& Philadelphia},
	title = {A methodological history of \{\{{Australian}\}\} linguistic classification},
	booktitle = {Australian languages: {Classification} and the comparative method},
	publisher = {John Benjamins},
	author = {Koch, Harold},
	editor = {Bowern, Claire and Koch, Harold},
	year = {2004},
	note = {Publication Title: A methodological history of \{\{Australian\}\} linguistic classification},
	pages = {17--60},
}

@article{strehlow_einige_1908,
	title = {Einige \{\{{Bemerkungen}\}\} über die von \{{Dr}\}. \{{Planert}\} auf \{\{{Grund}\}\} der \{\{{Forschungen}\}\} des \{{Missionars}\} \{{Wettengel}\} veröffentlichte \{{Aranda}\}-\{\{{Grammatik}\}\}},
	volume = {40},
	journal = {Zeitschrift für Ethnologie},
	author = {Strehlow, Carl Friedrich Theodor},
	year = {1908},
	pages = {698--703},
}

@misc{conole_nodate,
	title = {A {Colonial} law man: \{\{{Charles}\} {Symmons}\} (1840–1887)},
	url = {https://policewahistory.org.au/HTML_Pages/Charles_Symmons.html},
	author = {Conole, Peter},
	note = {Medium: Online resource of the Western Australia Police Office: Historical Society Inc.},
}

@book{jones_art_1986,
	address = {Adelaide},
	title = {Art and {Land}: \{\{{Aboriginal}\}\} sculptures of the \{\{{Lake}\}\} \{{Eyre}\} region},
	publisher = {South Australian Museum in association with Wakefield Press},
	author = {Jones, Philip G and Sutton, Peter J},
	year = {1986},
}

@unpublished{leonhardi_letter_1901,
	address = {\{Alice\} \{Springs\}.},
	title = {Letter to \{{Carl}\} \{{Strehlow}\} 10/09/1901 written in \{\{{Germany}\}\}.},
	author = {Leonhardi, Moritz von},
	translator = {The NT Interpreter {and} Translator Service},
	year = {1901},
}

@unpublished{teichelmann_annotations_1858,
	address = {Cape Town},
	title = {Annotations made to copy of \{{Teichelmann}\} \& \{{Schürmann}\} 1840.},
	author = {Teichelmann, Christian Gottlieb},
	year = {1858},
	annote = {Catalogued by Bleek 1858. No 56].
Issue: a.19(3},
}

@incollection{gunther_grammar_1892,
	address = {Sydney},
	title = {Grammar and vocabulary of the \{{Wiradhari}\} dialect in \{{New}\} \{\{{South}\}\} \{\{{Wales}\}\}},
	volume = {Part IV},
	booktitle = {An {Australian} language as spoken by the {Awabakal}, the people of {Awaba}, or {Lake} {Macquarie} (near {Newcastle} {New} {South} {Wales}): {Being} an account of their language, traditions and customs, by {L}.{E}. {Threlkeld}; rearranged, condensed and edited with an appendix by {John} {Fraser}},
	publisher = {Charles Potter Government Printer},
	author = {Günther, James Wilhelm},
	collaborator = {Fraser, John and Threlkeld, Lancelot Edward},
	year = {1892},
	note = {Publication Title: Grammar and vocabulary of the \{Wiradhari\} dialect in \{New\} \{\{South\}\} \{\{Wales\}\}},
	pages = {56--120},
}

@incollection{blake_pitta_1979,
	address = {Canberra},
	title = {Pitta \{{Pitta}\}},
	volume = {1},
	booktitle = {Handbook of {Australian} languages},
	publisher = {Australia National University Press},
	author = {Blake, Barry J},
	editor = {Dixon, Robert Malcom Ward and Blake, Barry John},
	year = {1979},
	note = {Publication Title: Pitta \{Pitta\}},
	pages = {182--242},
}

@article{trudinger_grammar_1943,
	title = {Grammar of the \{{Pitjantjatjara}\} dialect, \{\{{Central}\}\} \{\{{Australia}\}\}},
	volume = {13},
	number = {3},
	journal = {Oceania},
	author = {Trudinger, Ronald},
	year = {1943},
	note = {Number: 3},
	pages = {205--223},
}

@incollection{breen_wonders_2001,
	address = {Canberra},
	title = {The wonders of \{{Arandic}\} phonology},
	booktitle = {Forty years on: {Ken} {Hale} and {Australian} languages},
	publisher = {Pacific Linguistic Series},
	author = {Breen, J Gavan},
	editor = {Simpson, Jane and Nash, David and Laughren, Mary},
	year = {2001},
	note = {Publication Title: The wonders of \{Arandic\} phonology},
	pages = {45--69},
}

@book{lindner_komposition_2013,
	address = {Heidelberg},
	series = {Indogermanische {Grammatik}},
	title = {Komposition},
	volume = {IV},
	number = {3},
	publisher = {Carl Winter},
	author = {Lindner, Thomas},
	editor = {Lindner, Thomas},
	year = {2013},
	note = {Number: 3
Publisher: Carl Winter
Place: Heidelberg},
}

@book{langham_building_1981,
	address = {Dordrecht, Boston, \& London},
	title = {The building of \{\{{British}\}\} social anthropology: {W}. {H}. {R}. {Rivers} and his {Cambridge} disciples in {The} development of kinship studies, 1898-1931},
	publisher = {D. Reidel},
	author = {Langham, Ian},
	year = {1981},
}

@incollection{Gara1998,
	address = {Canberra},
	title = {The {Life} and {Times} of {Mullawirraburka} (‘{King} {John}’) of the {Adelaide} {Tribe}},
	booktitle = {History in {Portraits}: \{\{{B}\}\}iographies of nineteenth century \{{South}\} \{{Australian}\} \{{Aboriginal}\} people},
	publisher = {Aboriginal History Inc.},
	author = {Gara, Tom},
	editor = {Simpson, Jane and Hercus, Luise},
	year = {1998},
	pages = {88--132},
}

@incollection{mcgregor_introduction_2008,
	address = {Canberra},
	title = {Introduction},
	booktitle = {Encountering \{\{{Aboriginal}\}\} languages: \{{Studies}\} in the history of \{\{{Australian}\}\} linguistics},
	publisher = {Pacific Linguistics},
	author = {McGregor, William Bernard},
	editor = {McGregor, William Bernard},
	year = {2008},
	note = {Publication Title: Introduction},
	pages = {1--34},
}

@phdthesis{jones_box_1996,
	type = {Ph.{D}. thesis},
	title = {A box of native things’: \{{Ethnographic}\} collectors and the \{\{{South}\}\} \{\{{Australian}\}\} \{{Museum}\}, 1830s-1930s},
	school = {University of Adelaide},
	author = {Jones, Philip G},
	year = {1996},
}

@unpublished{fitzherbert_unpublished_1930,
	address = {Adelaide},
	title = {Untitled},
	author = {FitzHerbert, John Aloysius},
	year = {1930},
}

@incollection{simpson_notes_1992,
	address = {Canberra},
	title = {Notes on a manuscript dictionary of \{{Kaurna}\}},
	booktitle = {The language game: {Papers} in memory of {Donald} {C}. {Laycock}},
	publisher = {Pacific Linguistics},
	author = {Simpson, Jane},
	editor = {Dutton, Tom and Ross, Malcolm and Tryon, Darrell},
	year = {1992},
	note = {Publication Title: Notes on a manuscript dictionary of \{Kaurna\}},
	pages = {409--415},
}

@book{hercus_grammar_1999,
	address = {Canberra},
	title = {A \{{Grammar}\} of the \{\{{Wirangu}\}\} language from the west coast of \{\{{South}\}\} \{\{{Australia}\}\}},
	publisher = {Pacific Linguistics},
	author = {Hercus, Luise Anna},
	year = {1999},
}

@book{dixon_australian_2002,
	address = {Cambridge},
	title = {\{{Australian}\} languages},
	publisher = {Cambridge University Press},
	author = {Dixon, Robert Malcolm Ward},
	year = {2002},
}

@book{Planert1905a,
	address = {Berlin},
	title = {\{\{{Handbuch}\}\} der \{\{{Nama}\}\}-sprache in \{\{{Deutsch}\}-{Südwestafrika}\}},
	publisher = {Dietrich Reimer},
	author = {Planert, Wilhelm},
	year = {1905},
}

@incollection{provis_tribes_1879,
	address = {Adelaide},
	title = {Tribes of the \{\{{Western}\}\} \{{District}\}. ({Port} {Lincoln} to {Fowler}’s {Bay})},
	booktitle = {The {Folklore}, {Manners}, {Customs}, and {Languages} of the {South} {Australian} {Aborigines} {Gathered} from {Inquiries} {Made} by {Authority} of {South} {Australian} {Government}},
	publisher = {E. Spiller, Acting Government Printer},
	author = {Provis, Christopher},
	editor = {Taplin, George},
	year = {1879},
	note = {Publication Title: Tribes of the \{\{Western\}\} \{District\}},
	pages = {93--101},
}

@incollection{morpurgo-davies_language_1975,
	address = {The Hague},
	title = {Language \{{Classification}\} in the \{{Nineteenth}\} \{{Century}\}},
	booktitle = {\{{Current}\} trends in linguistics},
	publisher = {Mouton},
	author = {Morpurgo-Davies, Anna},
	editor = {Sebeok, Thomas A.},
	year = {1975},
	pages = {607--716},
	annote = {The Hague: Mouton. 607-716.},
}

@book{gatti_lingua_1930,
	address = {Roma},
	title = {\{{La}\} \{{Lingua}\} \{{Dieri}\}: \{{Contributo}\} alla conoscenza delle lingue \{\{{Australian}\}e\} [\{{The}\} \{{Dieri}\} \{\{{La}\}nguage\}: \{{Contribution}\} to the knowledge of \{\{{Australian}\}\} languages},
	publisher = {Scuola Salesiana del libro},
	author = {Gatti, Giovanni},
	year = {1930},
}

@article{simpson_early_1996,
	title = {Early language contact varieties in \{\{{South}\}\} \{\{{Australia}\}\}},
	volume = {16},
	number = {2},
	journal = {Australian Journal of Linguistics},
	author = {Simpson, Jane},
	year = {1996},
	note = {Number: 2},
	pages = {169--207},
}

@unpublished{gatti_britannnia_1934,
	address = {Canberra},
	title = {Britannnia e \{\{\{{Oceania}\}\}\}: \{{Conferenza}\} sull'espansione della lingua inglese in \{\{\{{Oceania}\}\}\} e sul "pigeon english" parlato nei mari australi, detta il 3 ottobre 1934 al \{{Circolo}\} \{{Filologico}\} \{\{{Milanese}\}\}},
	author = {Gatti, Giovanni},
	year = {1934},
	annote = {Unpublished ms.
Publisher: National Library of Australia MS},
}

@book{mcgregor_encountering_2008,
	address = {Canberra},
	title = {Encountering \{\{{Aboriginal}\}\} languages: \{{Studies}\} in the history of \{\{{Australian}\}\} linguistics},
	publisher = {Pacific Linguistics},
	editor = {McGregor, William Bernard},
	year = {2008},
	note = {Publication Title: Encountering \{\{Aboriginal\}\} languages: \{Studies\} in the history of \{\{Australian\}\} linguistics},
}

@unpublished{wiebusch_julbara_nodate,
	address = {Adelaide},
	title = {Julbara wordlist [\{\{{Wirangu}\}\}},
	author = {Wiebusch, Claud},
	annote = {Unpublished ms. Lutheran Archives, Adelaide. ELCA-Koonibba Box, unnumbered.},
}

@article{mcgregor_missionary_2008,
	title = {Missionary linguistics in the \{{Kimberley}\}, \{\{{Western}\}\} \{\{{Australia}\}\}: \{{A}\} history of the first seventy years},
	volume = {35},
	number = {1},
	journal = {Historiographia Linguistica},
	author = {McGregor, William Bernard},
	year = {2008},
	note = {Number: 1},
	pages = {121--162},
}

@incollection{simpson_thura-yura_2004,
	address = {Amsterdam \& Philadelphia},
	title = {Thura-{Yura} as a subgroup},
	booktitle = {Australian languages: {Classification} and the comparative method},
	publisher = {John Benjamins},
	author = {Simpson, Jane and Hercus, Luise Anna},
	editor = {Bowern, Claire and Koch, Harold},
	year = {2004},
	note = {Publication Title: Thura-\{Yura\} as a subgroup},
	pages = {179--206},
}

@book{taplin_native_1874,
	address = {Strathalbyn},
	title = {Native book of worship},
	publisher = {Joseph Elliot, Southern Argus Printing Office},
	author = {Taplin, George},
	year = {1874},
}

@incollection{reuther_ms_1901b,
	address = {Canberra},
	title = {\{\{{G}\}\}rammar of \{{Yandrruwandha}\} (1901)},
	booktitle = {Three \{{Central}\} \{{Australian}\} {Grammars}. \{\{{D}\}\}iari {Wonkanguru} {Jandruwanta}. ({Repr}. and transl. on microfiche of {J}. {G}. {Reuther} 1899-1901)},
	publisher = {Australian Institute of Aboriginal Studies},
	author = {Reuther, Johann Georg},
	editor = {Hercus, Luise Anna and Breen, J Gavan},
	translator = {Hercus, Luise Anna and Schwarzschild, Theodora},
	year = {1981},
	note = {Translators: \_:n3569
Publication Title: \{\{MS\}\}. \{\{G\}\}rammar of \{Yandrruwandha\}},
	pages = {56--72},
}

@book{jensz_german_2010,
	address = {Leiden, Boston},
	title = {\{{German}\} \{{Moravian}\} missionaries in the \{\{{British}\}\} colony of \{{Victoria}\}, \{\{{Australia}\}\}, 1848-1908: \{{Influential}\} strangers},
	publisher = {Brill},
	author = {Jensz, Felicity},
	year = {2010},
}

@article{gregorio_reflections_2002,
	title = {Reflections of a non-political naturalist: \{\{{Ernst}\}\} \{\{{Haeckel}\}\}, \{\{{Wilhelm}\}\} \{{Bleek}\}, \{{Friedrich}\} \{{Müller}\} and the meaning of language},
	volume = {35},
	number = {1},
	journal = {Journal of the History of Biology},
	author = {Di Gregorio, Mario A.},
	year = {2002},
	note = {Number: 1},
	pages = {79--109},
}

@book{losonsky_humboldt_1999,
	address = {Cambridge},
	title = {Humboldt: ‘\{{On}\} language’: \{{On}\} the diversity of human language construction and its influence on the mental development of the human species},
	publisher = {Cambridge University Press},
	author = {Losonsky, Michael},
	year = {1999},
}

@book{turner_nineteen_1861,
	address = {London},
	title = {Nineteen years in \{{Polynesia}\}: \{{Missionary}\} life, travels, and researches in the \{{Islands}\} of the \{\{{Pacific}\}\}},
	publisher = {John Snow},
	author = {Turner, George},
	year = {1861},
}

@book{teichelmann_aboriginals_1841,
	address = {Adelaide},
	title = {Aboriginals of \{\{\{{South}\}\}\} \{\{\{{Australia}\}\}\}: \{{Illustrative}\} and explanatory note of the manners, customs, habits and superstitions of the natives of \{\{\{{South}\}\}\} \{\{\{{Australia}\}\}\}},
	publisher = {Committee of the SA Wesleyan Methodist Auxiliary Missionary Society},
	author = {Teichelmann, Christian Gottlieb},
}

@article{moorhouse_report_1841,
	address = {Adelaide},
	title = {Report on the \{{Aborigines}\} of \{\{{South}\}\} \{\{{Australia}\}\} {Presented} to the {Statistical} {Society} in {Adelaide}.},
	journal = {Register},
	author = {Moorhouse, Matthew and Teichelmann, Christian Gottlieb},
	year = {1841},
	pages = {38--53},
}

@article{silverstein_chinook_1972,
	title = {Chinook jargon: \{{Language}\} contact and the problem of multi-level generative systems, {I}},
	volume = {48},
	number = {2},
	journal = {Language},
	author = {Silverstein, Michael},
	year = {1972},
	pages = {378--406},
}

@article{lindner_ergative_2014,
	title = {Ergative historiography revisited},
	volume = {41},
	number = {1},
	journal = {Historiographia Linguistica},
	author = {Lindner, Thomas},
	year = {2014},
	note = {Number: 1},
	pages = {188--192},
}

@misc{dictionary_notitle_1933,
	address = {Oxford},
	title = {Oxford {English} {Dictionary}},
	publisher = {Clarendon Press},
	year = {1933},
}

@article{bleek_position_1872,
	title = {On the position of the \{\{{Australian}\}\} languages},
	volume = {1},
	journal = {Journal of the Anthropological Institute of Great Britain and Ireland},
	author = {Bleek, Wilhelm Heinrich Immanuel},
	year = {1872},
	pages = {89--104},
}

@unpublished{dawes_vocabulary_1790,
	address = {London},
	title = {Vocabulary of the language of \{{N}\}.\{{S}\}.\{\{{Wales}\}\}, in the neighbourhood of \{\{{Sydney}\}\}},
	author = {Dawes, William},
	year = {1790},
	annote = {Unpublished ms.
Publisher: Library of the School of Oriental and African Studies, University of London. Marsden collection 41645b},
}

@article{mathews_arranda_1907,
	title = {The \{{Arran}\}'da language, \{\{{Central}\}\} \{\{{Australia}\}\}},
	volume = {46},
	journal = {Proceedings of the American Philosophical Society},
	author = {Mathews, Robert Hamilton},
	year = {1907},
	pages = {322--339},
}

@book{tindale_aboriginal_1974,
	address = {Berkeley},
	title = {\{{Aboriginal}\} tribes of \{\{{Australia}\}\}: \{\{{T}\}\}heir terrain, environmental controls, distribution, limits, and proper names},
	publisher = {University of California Press},
	author = {Tindale, Norman Barnett},
	year = {1974},
}

@book{harris_one_1994,
	address = {Sutherland},
	title = {\{{One}\} blood. 200 years of \{\{{Aboriginal}\}\} encounter with \{{Christianity}\}: \{{A}\} story of hope},
	publisher = {Albatross},
	author = {Harris, John W},
	year = {1994},
	annote = {Sutherland: Albatross (first edition 1990).},
}

@incollection{reuther_ms_1899,
	address = {Canberra},
	title = {\{\{{G}\}\}rammar of \{{Diyari}\} (1899)},
	booktitle = {Three \{{Central}\} \{{Australian}\} {Grammars}. \{\{{D}\}\}iari {Wonkanguru} {Jandruwanta}. ({Repr}. and transl. on microfiche of {J}. {G}. {Reuther} 1899-1901)},
	publisher = {Australian Institute of Aboriginal Studies},
	author = {Reuther, Johann Georg},
	editor = {Hercus, Luise Anna and Breen, J Gavan},
	translator = {Hercus, Luise Anna and Schwarzschild, Theodora},
	year = {1981},
	note = {Translators: \_:n3633
Publication Title: \{\{MS\}\}. \{\{G\}\}rammar of \{Diyari\}},
	pages = {1--25},
}

@incollection{livingstone_grammar_1892,
	address = {Sydney},
	title = {Grammar and vocabulary of the \{{Minyung}\} dialect},
	volume = {IV},
	booktitle = {An {Australian} language as spoken by the {Awabakal}, the people of {Awaba}, or {Lake} {Macquarie} (near {Newcastle} {New} {South} {Wales}): {Being} an account of their language, traditions and customs, by {L}.{E}. {Threlkeld}; rearranged, condensed and edited with an appendix by {John} {Fraser}},
	publisher = {Charles Potter Government Printer},
	author = {Livingstone, Hugh},
	collaborator = {Fraser, John and Threlkeld, Lancelot Edward},
	year = {1892},
	note = {Publication Title: Grammar and vocabulary of the \{Minyung\} dialect},
	pages = {3--27},
}

@incollection{breen_gugadj_1976,
	address = {Canberra},
	title = {\{{Gugadj}\} and \{{Gog}\}-nar: \{{A}\} contrastive sketch},
	booktitle = {Languages of {Cape} {York}},
	publisher = {Australian Institute of Aboriginal Studies},
	author = {Breen, J Gavan},
	editor = {Sutton, Peter},
	year = {1976},
	note = {Publication Title: \{Gugadj\} and \{Gog\}-nar: \{A\} contrastive sketch},
	pages = {151--162},
}

@book{hercus_grammar_1994,
	address = {Canberra},
	title = {A \{{Grammar}\} of the \{{Arabana}\}-\{{Wangkangurru}\} \{{Language}\} \{\{{Lake}\}\} \{{Eyre}\} \{{Basin}\}, \{\{{South}\}\} \{\{{Australia}\}\}},
	publisher = {Pacific Linguistics},
	author = {Hercus, Luise Anna},
	year = {1994},
}

@incollection{pott_einleitung_1884,
	address = {Leipzig},
	title = {Einleitung in die allgemeine \{\{\{{Sprachwissenschaft}\}\}\}},
	volume = {1-5},
	booktitle = {\{{Internationale}\} \{\{{Zeitschrift}\}\} für \{{Allgemeine}\} \{\{\{{Sprachwissenschaft}\}\}\}},
	publisher = {John Benjamins},
	author = {Pott, August Friedrich},
	editor = {Techmer, F.},
	year = {1884},
	note = {Place: Amsterdam \& Philadelphia},
}

@book{PfitznerSchmaal1991,
	address = {Alice Springs},
	title = {Learning \{{Arrarnta}\}, revised by \{{H}. \{\{{O}\}\}berscheidt\}},
	publisher = {Finke River Mission},
	author = {Pfitzner, John and Schmaal, Joan},
	year = {1991},
}

@misc{Gunson2021,
	title = {Biraban (flourished 1819–1842)},
	url = {https://adb.anu.edu.au/biography/biraban-1781},
	urldate = {2021-05-06},
	journal = {\{\{Australian\}\} \{Dictionary\} of \{Biography\}, \{National\} \{Centre\} of \{Biography\}, \{\{\{Australian\}\}\} \{National\} \{University\}},
	author = {Gunson, Niel},
	year = {2021},
	annote = {First published, 1966},
}

@unpublished{schurmann_letter_1844,
	address = {Adelaide},
	title = {Letter to the \{{Committee}\} of the \{{Evangelical}\} \{{Lutheran}\} \{{Mission}\} \{{Society}\} in \{{Dresden}\} 19/08/1844., written from \{{Port}\} \{{Lincoln}\}},
	author = {Schürmann, Clamor Wilhelm},
	year = {1844},
	annote = {Corresponds to Schürmann 1844b in the text},
}

@book{Strehlow1924,
	address = {Tanunda},
	title = {Galtjindinjamea-pepa: \{{Aranda}\}-\{{Wolambarinjaka}\} / nana intalelamala \{{C}. \{\{{S}\}\}trehlow\}, \{{Galtjindanindanala}\}},
	publisher = {Aurichts' Printing Office},
	author = {Strehlow, Carl Friedrich Theodor},
	year = {1924},
}

@incollection{gason_diyeri_1892,
	address = {Sydney},
	title = {The \{{Diyeri}\} dialect},
	volume = {Part IV},
	booktitle = {An {Australian} language as spoken by the {Awabakal}, the people of {Awaba}, or {Lake} {Macquarie} (near {Newcastle} {New} {South} {Wales}): {Being} an account of their language, traditions and customs, by {L}.{E}. {Threlkeld}; rearranged, condensed and edited with an appendix by {John} {Fraser}},
	publisher = {Charles Potter Government Printer},
	author = {Gason, Samuel},
	collaborator = {Fraser, John and Threlkeld, Lancelot Edward},
	year = {1892},
	note = {Publication Title: The \{Diyeri\} dialect},
	pages = {44--45},
}

@book{dixon_notitle_nodate,
	address = {Canberra},
	title = {\{{Handbook}\} of \{\{{Australian}\}\} languages},
	volume = {1},
	publisher = {Australia National University Press},
	editor = {Dixon, Robert Malcolm Ward and Blake, Barry J},
	year = {1979},
	note = {Publication Title: \{Handbook\} of \{\{Australian\}\} languages},
}

@misc{iggesen_number_2013,
	title = {Number of cases},
	url = {http://wals.info/chapter/49},
	urldate = {2015-04-27},
	journal = {The World Atlas of Language Structures Online},
	author = {Iggesen, Oliver A},
	year = {2013},
}

@unpublished{flierl_german_nodate,
	address = {Sydney},
	title = {\{{German}\} vocabularies of native tribes, \{\{{North}\}\} \{\{{East}\}\} \{\{{South}\}\} \{\{{Australia}\}\}, c.1898 – 1932 [\{{Comparative}\} vocabulary of \{{Diyari}\} and \{{Wangkangurru}\} c.1880},
	author = {Flierl, Johann},
	annote = {Unpublished ms. State Library of New South Wales, Mitchell library. MLMSS 161/Box1/Folder2/Item2.},
}

@phdthesis{giacon_grammar_2015,
	type = {Ph.{D}. thesis},
	title = {A grammar of \{\{{Yuwaalaraay}\}\} and \{{Gamilaraay}\}: \{\{{D}\}\}escription of two \{{New}\} \{\{{South}\}\} \{\{{Wales}\}\} languages based on 160 years of records},
	school = {Australian National University},
	author = {Giacon, John},
	year = {2014},
}

@book{moorhouse_vocabulary_1846,
	address = {Adelaide},
	title = {A vocabulary and outline of the grammatical structure of the \{{Murray}\} \{{River}\} \{{Language}\} spoken by the natives of \{\{{South}\}\} \{\{{Australia}\}\} from \{{Wellington}\} on the \{{Murray}\}, as far as the \{{Rufus}\}},
	publisher = {Andrew Murray},
	author = {Moorhouse, Matthew},
	year = {1846},
}

@incollection{gordon_remarks_1852,
	address = {London},
	title = {Remarks on the vocabularies of the voyage of the \{{H}\}. \{{M}\}. \{{S}\}. \{\{{R}\}\}attlesnake},
	volume = {2},
	booktitle = {Narrative of {Voyage} of the {H}. {M}. {S}. {Rattlesnake} … during the years 1846-1850},
	publisher = {T \& W Boone},
	author = {Latham, Robert Gordon},
	collaborator = {MacGillivray, John},
	year = {1852},
	note = {Publication Title: Remarks on the vocabularies of the voyage of the \{H\}. \{M\}. \{S\}. \{\{R\}\}attlesnake},
	pages = {331--354},
}

@book{kenny_arandas_2013,
	address = {Canberra},
	title = {The \{{Aranda}\}'s \{{Pepa}\}: \{{An}\} introduction to \{{Carl}\} \{{Strehlow}\}'s masterpiece, \{{Die}\} \{{Aranda}\}-und \{{Loritja}\}-\{{Stämme}\} in \{{Zentral}\} \{{Australien}\} (1907–1920},
	publisher = {Australian National University Press},
	author = {Kenny, Anna},
	year = {2013},
}

@misc{taplin_taplin_1874,
	title = {Letter from the {Rev}. {G}. {Taplin} to the {Sub}-{Protector} of {Aborigines}, in {Report} of the sub-protector of {Aborigines} for the half year ending {December} 31 1874},
	url = {https://www.google.com/url?sa=t&rct=j&q=&esrc=s&source=web&cd=&ved=2ahUKEwi23rzVscv5AhXwR2wGHakkDTcQFnoECBIQAQ&url=https%3A%2F%2Faiatsis.gov.au%2Fsites%2Fdefault%2Ffiles%2Fcatalogue_resources%2F59891.pdf&usg=AOvVaw34AVeOl-KT1SvCmtkVf1xE},
	urldate = {2015-12-11},
	author = {Taplin, George},
	year = {1874},
}

@unpublished{mcconnel_notitle_1940,
	address = {Adelaide},
	title = {Wik-{Mungkan} {Grammar}},
	author = {McConnel, Ursula Hope},
	year = {1940},
	annote = {Wik-Mungkan Grammar. Unpublished mss.
Publisher: South Australian Museum Anthropological Archives, Adelaide},
}

@incollection{strehlow_no_1979,
	address = {Adelaide},
	title = {\{{Altjira}\} \{{Rega}\} \{{Ekalta}\}, \{{Praise}\} to the \{{Lord}\}, the \{{Almighty}\}},
	booktitle = {Yearbook of the \{{Lutheran}\} \{{Church}\} of \{\{{Australia}\}\} 1979},
	publisher = {Lutheran Publishing House},
	author = {Strehlow, Theodor Georg Heinrich},
	editor = {Wiebusch, E W},
	year = {1979},
	pages = {25--49},
	annote = {no author cited, but \{TGHS\} according to \{Lois\} \{Zweck\})},
}

@incollection{baker_word_2014,
	address = {Berlin and New York},
	title = {Word structure in {Australian} languages},
	booktitle = {The languages and linguistics of {Australia}: {A} comprehensive guide},
	publisher = {Mouton de Gruyter},
	author = {Baker, Brett},
	editor = {Koch, Harold and Nordlinger, Rachel},
	year = {2014},
	note = {Publication Title: Word structure in \{\{Australian\}\} languages},
	pages = {139--214},
}

@unpublished{tindale_report_1937,
	address = {Adelaide},
	title = {Report on trip to \{\{{Germany}\}\} to obtain information regarding \{{Reuther}\}’s manuscript},
	author = {Tindale, Norman Barnett},
	year = {1937},
	annote = {Unpublished ms, South Australian Museum Anthropological Archives, Adelaide. AA 266/5/19/1.},
}

@unpublished{tindale_pitjantjatjara_1963,
	address = {Adelaide},
	title = {Pitjantjatjara grammar and vocabulary},
	author = {Tindale, Norman Barnett},
	year = {1963},
}

@book{wurm_languages_1972,
	address = {The Hague},
	title = {Languages of \{\{{Australia}\}\} and \{{Tasmania}\}},
	publisher = {Mouton},
	author = {Wurm, Stephen A},
	year = {1972},
}

@incollection{carey_lancelot_2004,
	address = {Amsterdam \& Philadelphia},
	title = {Lancelot \{{Threlkeld}\} \& missionary linguistics in \{\{{Australia}\}\} to 1850},
	booktitle = {Missionary linguistics/ \{{Linguistica}\} \{{Misionera}\}: \{{Selected}\} papers from the first international conference on missionary linguistics},
	publisher = {John Benjamins},
	author = {Carey, Hilary M},
	editor = {Zwartjes, Otto and Hovdhaugen, Even},
	year = {2004},
	pages = {253--276},
}

@book{crowley_middle_1978,
	address = {Canberra},
	title = {The middle \{{Clarence}\} dialects of \{{Bandjalang}\}},
	publisher = {Australian Institute of Aboriginal Studies},
	author = {Crowley, Terry},
	year = {1978},
}

@article{mathews_wiradyuri_1904,
	title = {The \{{Wiradyuri}\} and other languages of \{{New}\} \{\{{South}\}\} \{\{{Wales}\}\}},
	volume = {34},
	journal = {Journal of the Anthropological Institute of Great Britain and Ireland},
	author = {Mathews, Robert Hamilton},
	year = {1904},
	pages = {224--305},
}

@book{hobson_re-awakening_2010,
	address = {Sydney},
	title = {Re-awakening languages: \{\{{T}\}\}heory and practice in the revitalisation of \{\{{Australia}\}\}’s \{{Indigenous}\} languages},
	publisher = {Sydney University Press},
	editor = {Hobson, John and Lowe, Kevin and Poetsch, Susan and Walsh, Michael},
	year = {2010},
	note = {Publication Title: Re-awakening languages: \{\{T\}\}heory and practice in the revitalisation of \{\{Australia\}\}’s \{Indigenous\} languages},
}

@incollection{Lockwood2017,
	address = {Adelaide},
	title = {Tammuruwe, {Life} {Story}},
	booktitle = {Colonialism and its aftermath},
	publisher = {Wakefield Press},
	author = {Lockwood, Christine Joy},
	editor = {Brock, Peggy and Gara, Tom},
	year = {2017},
	pages = {85--85},
}

@book{roth_structure_1901,
	address = {Brisbane},
	title = {The structure of \{{Koko}\}-\{{Yimidir}\} \{{Language}\}},
	publisher = {Government Printer},
	author = {Roth, Walter Edmund},
	year = {1901},
}

@book{marmion_community_2014,
	address = {Canberra},
	title = {Community, identity, wellbeing: \{\{{T}\}\}he report of the \{{Second}\} \{{National}\} \{{Indigenous}\} \{{Languages}\} \{{Survey}\}},
	publisher = {AIATSIS},
	author = {Marmion, Doug and Obata, Kazuko and Troy, Jakelin},
	year = {2014},
}

@book{taplin_1879a_nodate,
	address = {Adelaide},
	title = {The folklore, manners, customs, and languages of the \{\{{South}\}\} \{\{{Australian}\}\} \{{Aborigines}\} {Gathered} from {Inquiries} {Made} by {Authority} of {South} {Australian} {Government}},
	publisher = {E. Spiller, Acting Government Printer},
	author = {Taplin, George},
	year = {1879},
}

@book{howitt_native_1904,
	address = {London},
	title = {The native tribes of south-east \{\{{Australia}\}\}},
	publisher = {Macmillan and Co},
	author = {Howitt, Alfred William},
	year = {1904},
}

@book{aronoff_morphology_1994,
	address = {Cambridge Mass},
	title = {Morphology by itself},
	publisher = {MIT Press},
	author = {Aronoff, Mark},
	year = {1994},
}

@incollection{threlkeld_grammar_1892,
	address = {Sydney},
	title = {Grammar of the \{{Awabakal}\} dialect},
	volume = {Part IV},
	booktitle = {An {Australian} language as spoken by the {Awabakal}, the people of {Awaba}, or {Lake} {Macquarie} (near {Newcastle} {New} {South} {Wales}): {Being} an account of their language, traditions and customs, by {L}.{E}. {Threlkeld}; rearranged, condensed and edited with an appendix by {John} {Fraser}},
	publisher = {Charles Potter Government Printer},
	author = {Threlkeld, Lancelot Edward},
	collaborator = {Fraser, John and Threlkeld, Lancelot Edward},
	year = {1892},
	note = {Publication Title: Grammar of the \{Awabakal\} dialect},
	pages = {1--46},
}

@incollection{eades_gumbaynggir_1979,
	address = {Canberra},
	title = {Gumbaynggir},
	volume = {1},
	booktitle = {Handbook of {Australian} languages},
	publisher = {Australian National University Press},
	author = {Eades, Diana},
	editor = {Dixon, Robert Malcolm Ward and Blake, Barry J},
	year = {1979},
	note = {Publication Title: Gumbaynggir},
	pages = {224--361},
}

@book{rheinwald_acta_1840,
	address = {Hamburg},
	title = {Acta \{{Historico}\}-\{{Ecclesiastica}\} \{{Seculi}\} \{\{{XIX}\}\}},
	publisher = {Friedrich Perthes},
	author = {Rheinwald, George Friedrich Heinrich},
	year = {1840},
}

@article{trombetti_delle_1903,
	title = {Delle relazioni delle lingue caucasiche con le lingue amito-semitiche e con altri gruppi linguistichi},
	volume = {16},
	journal = {Lettera al Professore H[ugo]. Schuchardt. Giornalle della Società Asiatica Italiana},
	author = {Trombetti, Alfredo},
	year = {1903},
	pages = {145--175},
}

@article{grey_languages_1845,
	title = {On the languages of \{\{\{{Australia}\}\}\}, being an extract from a dispatch from \{{Captain}\} \{{G}\}. \{{Grey}\}, \{{Governor}\} of \{\{{South}\}\} \{\{\{{Australia}\}\}\}, to \{{Lord}\} \{{Stanley}\}},
	volume = {15},
	doi = {URL:},
	journal = {The Journal of the Royal Geographical Society of London},
	author = {Grey, G},
	year = {1845},
	pages = {365--367},
}

@book{shaw_194_nodate,
	address = {Fitzroy, Victoria},
	title = {\{{Early}\} days among the \{{Aborigines}\}: \{{The}\} story of \{{Yelta}\} and \{{Coranderrk}\} missions},
	publisher = {W. \& J. Barr},
	author = {Shaw, Ethel},
	year = {194},
	annote = {\& J. Barr.},
}

@book{symmons_grammatical_1841,
	address = {Perth},
	title = {Grammatical introduction to the study of the \{\{{Aboriginal}\}\} language in \{\{{Western}\}\} \{\{{Australia}\}\}. \{{Perth}\}: \{{The}\} author},
	publisher = {The author},
	author = {Symmons, Charles Augustus John},
	year = {1841},
	annote = {= Grammar of the language spoken by the Aborigines of Western Australia.
Type: (Repr.},
}

@book{marett_anthropology_1912,
	address = {London},
	title = {Anthropology},
	publisher = {Williams and Norgate},
	author = {Marett, Robert Ranulph},
	year = {1912},
}

@book{grant_wiradjuri_2001,
	address = {Australian Captital Territory},
	title = {Wiradjuri language: \{\{{H}\}\}ow it works: \{\{{A}\}\} grammar in everyday \{\{{English}\}\}},
	publisher = {Restoration House},
	author = {Grant, Stan (Snr) and Rudder, John},
	year = {2001},
}

@book{koch_languages_2014,
	address = {Berlin and New York},
	title = {The languages and linguistics of \{\{{Australia}\}\}: \{{A}\} comprehensive guide},
	publisher = {Mouton de Gruyter},
	editor = {Koch, Harold and Nordlinger, Rachel},
	year = {2014},
	note = {Publication Title: The languages and linguistics of \{\{Australia\}\}: \{A\} comprehensive guide},
}

@unpublished{riedel_notitle_1931,
	address = {Adelaide},
	title = {Untitled [{Grammar} of {Aranda} ({Arrernte}) copied by {E}. {Kramer}]},
	author = {Riedel, Johannes},
	year = {1931},
	annote = {Untitled [Grammar of Aranda (Arrernte) copied by E. Kramer]. Unpublished ms, 87-112, 6, 8, 10.
Publisher: South Australian Museum Anthropological Archives},
}

@book{breen_introductory_2000,
	address = {Alice Springs},
	title = {Introductory dictionary of \{\{{Western}\}\} \{{Arrernte}\}},
	publisher = {IAD Press},
	author = {Breen, J Gavan},
	year = {2000},
}

@book{Sutton2009,
	address = {Melbourne},
	title = {The politics of suffering: \{{I}\}ndigenous \{\{{Australia}\}\} and the end of the liberal consensus},
	publisher = {Melbourne University Press},
	author = {Sutton, Peter},
	year = {2009},
}

@incollection{breen_we_2008,
	address = {California},
	title = {\{\{{WE}\}\} \{{Roth}\} and the study of \{\{{Aboriginal}\}\} languages in \{{Queensland}\}},
	booktitle = {The \{{Roth}\} family, anthropology \& \{{Colonial}\} administration},
	publisher = {Left Coast Press},
	author = {Breen, J. Gavan},
	editor = {McDougall, Russell and Davidson, Iain},
	year = {2008},
	pages = {133--156},
}

@book{fison_kamilaroi_1880,
	address = {Melbourne},
	title = {Kamilaroi and \{{Kurnai}\} \{{Melbourne}\}: \{{George}\} \{{Robertson}\}},
	publisher = {George Robertson},
	author = {Fison, Lorimer and Howitt, Alfred William},
	year = {1880},
}

@mastersthesis{horgen_languages_2004,
	title = {The \{{Languages}\} of the \{{Lower}\}-\{{Murray}\}},
	school = {La Trobe University},
	author = {Horgen, Michael},
	year = {2004},
}

@article{rathjen_difficult_1998,
	title = {A difficult and boring task: \{{Clamor}\} \{{Schürmann}\} and the language achievements among the \{{Parnkalla}\}, \{{Port}\} \{{Lincoln}\}, 1840-1852},
	volume = {8},
	journal = {Journal of the Friends of the Lutheran Archives},
	author = {Rathjen, Cynthia},
	year = {1998},
	pages = {59--95},
}

@article{kroeber_australian_1921,
	title = {\{{Australian}\} and \{\{{Oceania}\}\}: \{{Die}\} \{\{{Gliederung}\}\} der \{{Australischen}\} \{\{{Sprachen}\}\} {By} {P}. {W}. {Schmidt}},
	volume = {23},
	number = {2},
	journal = {American Anthropologist},
	author = {Kroeber, Alfred Louis},
	year = {1921},
	pages = {224--226},
}

@article{armstrong_manners_1836,
	address = {Perth},
	title = {Manners and habits of the \{{Aborigines}\} of \{\{{Western}\}\} \{\{{Australia}\}\}},
	journal = {Perth Gazette and Western Australian Journal},
	author = {Armstrong, Francis},
	year = {1836},
	note = {Publisher: Creative Research},
	pages = {789--790},
}

@unpublished{Hale1961,
	title = {Toward a genetic classification of \{\{{Australian}\}\} languages [10]pp. {Typescript}. {Paper} read at 36th annual meeting of the {LSA}, 28 {Dec} 1961]},
	author = {Hale, Kenneth Locke},
	year = {1961},
	annote = {[10]pp. Typescript. Paper read at 36th annual meeting of the LSA, 28 Dec 1961 * general remarks on linguistic relationships, map showing degrees of branching among related languages, Aranda and surrounding tribes taken as example ; tribal map of Central Australia ; explanation of dialect chain. * AIATSIS pMS 745},
}

@book{Green2010,
	address = {Alice Springs:},
	title = {\{\{{Central}\}\} \& \{\{{Eastern}\}\} \{{Anmatyerr}\} to \{\{{English}\}\} dictionary},
	publisher = {IAD Press},
	author = {Green, Jenny},
	year = {2010},
}

@book{gesenius_gesenius_1910,
	address = {Oxford},
	title = {Gesenius’ \{\{{Hebrew}\}\} grammar},
	publisher = {Clarendon Press},
	author = {Gesenius, Wilhelm and Kautzsch, Emil Friedrich},
	year = {1910},
}

@book{douglas_aboriginal_1968,
	address = {Canberra},
	title = {The \{\{{Aboriginal}\}\} languages of the south-west of \{\{{Australia}\}\}},
	publisher = {Australian Institute of Aboriginal Studies},
	author = {Douglas, Wilfred H},
	year = {1968},
}

@book{noauthor_notitle_nodate-1,
	address = {{\textbackslash}biberror\{no address\}},
	title = {{\textbackslash}biberror\{no title\}},
	url = {http://firstsources.info/uploads/3/4/5/4/34544232/_1.},
	urldate = {2016-03-17},
	publisher = {{\textbackslash}biberror\{no publisher\}},
	month = mar,
	year = {2016},
}

@article{schmidt_sprachlichen_1902,
	title = {Die \{{Sprachlichen}\} \{{Verhältnisse}\} von \{\{{Deutsch}\}\}-\{{Neuguinea}\} [\{{Part}\} 2},
	volume = {6},
	journal = {Zeitschrift für afrikanische, ozeanische und ostasiatische Sprachen},
	author = {Schmidt, Pater Wilhelm},
	year = {1902},
	pages = {1--99},
}

@book{grant_new_2010,
	address = {Australian Captital Territory},
	title = {A new \{\{{Wiradhuri}\}\} dictionary},
	publisher = {Restoration House},
	author = {Grant, Stan (Snr) and Rudder, John},
	year = {2010},
}

@unpublished{riedel_ngujangujara_1914,
	address = {Adelaide},
	title = {Ngujangujara pepa \{{Diari}\} – \{{Talini}\}},
	author = {Riedel, Wilhelm},
	year = {1914},
	annote = {Unpublished ms.
Publisher: Lutheran Archives, Adelaide. Box 22 Immanuel Synod–Bethesda Mission},
}

@phdthesis{wilkins_mparntwe_1989,
	type = {Ph.{D}. thesis},
	title = {Mparntwe \{{Arrernte}\} (\{{Aranda}\}): \{{Studies}\} in the structure and semantics of grammar},
	school = {Australian National University},
	author = {Wilkins, David P.},
	year = {1989},
}

@incollection{symmons_grammar_1892,
	address = {Sydney},
	title = {Grammar of a dialect in \{\{{Western}\}\} \{\{{Australia}\}\}},
	volume = {Part IV},
	booktitle = {An {Australian} language as spoken by the {Awabakal}, the people of {Awaba}, or {Lake} {Macquarie} (near {Newcastle} {New} {South} {Wales}): {Being} an account of their language, traditions and customs, by {L}.{E}. {Threlkeld}; rearranged, condensed and edited with an appendix by {John} {Fraser}},
	publisher = {Charles Potter Government Printer},
	author = {Symmons, Charles Augustus John},
	collaborator = {Fraser, John and Threlkeld, Lancelot Edward},
	year = {1892},
	note = {Publication Title: Grammar of a dialect in \{\{Western\}\} \{\{Australia\}\}},
	pages = {48--56},
}

@book{proeve_work_1952,
	address = {Tanunda},
	title = {A work of love and sacrifice},
	publisher = {Auricht’s Printing Office},
	author = {Proeve, E H and Proeve, H F W},
	year = {1952},
}

@incollection{koch_historical_2014,
	address = {Berlin and New York},
	title = {Historical relations among the \{\{{Australian}\}\} languages: \{{On}\} \{{Genetic}\} classification and contact-based diffusion},
	booktitle = {The languages and linguistics of {Australia}: {A} comprehensive guide},
	publisher = {Mouton de Gruyter},
	author = {Koch, Harold},
	editor = {Koch, Harold and Nordlinger, Rachel},
	year = {2014},
	note = {Publication Title: Historical relations among the \{\{Australian\}\} languages: \{On\} \{Genetic\} classification and contact-based diffusion},
	pages = {23--89},
}

@book{ewald_ausfuhrliches_1844,
	address = {Leipzig},
	title = {Ausführliches \{{Lehrbuch}\} der \{{Hebräischen}\} \{\{{Sprache}\}\} des \{{Alten}\} \{{Bundes}\}},
	publisher = {Hahn’sche Verlags-Buchhandlung},
	author = {Ewald, Heinrich},
	year = {1844},
}

@misc{gunson_australian_2016-1,
	title = {Threlkeld, {Lancelot} {Edward} (1788-1859)},
	url = {http://adb.anu.edu.au/biography/threlkeld-lancelot-edward-2734/text3859},
	urldate = {2016-06-15},
	journal = {\{\{Australian\}\} \{Dictionary\} of \{Biography\}, \{National\} \{Centre\} of \{Biography\}, \{\{\{Australian\}\}\} \{National\} \{University\}},
	author = {Gunson, Niel},
	year = {2016},
}

@book{Hercus_Schwarzschild1981,
	address = {Canberra},
	title = {Three \{{Central}\} \{{Australian}\} {Grammars}. \{\{{D}\}\}iari {Wonkanguru} {Jandruwanta}. {Part} of {Volume} {V} of the {Reuther} {Manuscript} in the {South} {Australian} {Museum} ({Repr}. and transl. on microfiche of {J}. {G}. {Reuther} 1899-1901)},
	publisher = {Australian Institute of Aboriginal Studies},
	author = {Reuther, Johann Georg},
	editor = {Hercus, Luise Anna and Breen, J Gavan},
	translator = {Hercus, Luise Anna and Schwarzschild, Theodora},
	year = {1981},
	note = {Repr. and transl. on microfiche of J. G. Reuther 1899-1901},
	annote = {Repr. and transl. on microfiche of J. G. Reuther 1899-1901
},
}

@book{scott_evangelia_1879,
	address = {Sydney},
	title = {Evangelia \{{Mareko}\} \{{Detali}\} \{{The}\} \{{Gospel}\} according to \{{Mark}\} in the \{{Murray}\} \{\{{Island}\}\} \{{Dialect}\}, \{{Torres}\} \{{Straight}\}},
	publisher = {Foster and Fairfax},
	author = {Scott, J Tait},
	year = {1879},
}

@techreport{bleek_inquiries_1874,
	title = {Inquiries into \{\{{Australian}\}\} \{\{{Aboriginal}\}\} folklore. \{{In}\} \{{Report}\} of the sub-protector of \{{Aborigines}\} for the half year ending {December} 31. {In} {Report} of the sub-protector of {Aborigines} for the half year ending {December} 31},
	url = {https://www.google.com/url?sa=t&rct=j&q=&esrc=s&source=web&cd=&ved=2ahUKEwj1hN3O5rv5AhWQumMGHQTNAmcQFnoECBEQAQ&url=https%3A%2F%2Faiatsis.gov.au%2Fsites%2Fdefault%2Ffiles%2Fcatalogue_resources%2F59891.pdf&usg=AOvVaw34AVeOl-KT1SvCmtkVf1xE},
	urldate = {2015-12-11},
	author = {Bleek, Wilhelm Heinrich Immanuel},
	year = {1874},
	pages = {6--7},
}

@book{schurmann_id_1987,
	address = {Adelaide},
	title = {I’d rather dig potatoes: \{{Clamor}\} \{{Schurmann}\} and the \{{Aborigines}\} of \{\{{South}\}\} \{\{{Australia}\}\} 1838-1853},
	publisher = {Lutheran Publishing House},
	author = {Schurmann, Edwin A},
	year = {1987},
}

@incollection{homann_diyeri_1892,
	address = {Canberra},
	title = {The \{{Diyeri}\} dialect},
	volume = {Part IV},
	booktitle = {An {Australian} language as spoken by the {Awabakal}, the people of {Awaba}, or {Lake} {Macquarie} (near {Newcastle} {New} {South} {Wales}): {Being} an account of their language, traditions and customs, by {L}.{E}. {Threlkeld}; rearranged, condensed and edited with an appendix by {John} {Fraser}},
	publisher = {Charles Potter Government Printer},
	author = {Homann, Ernst},
	collaborator = {Fraser, John and Threlkeld, Lancelot Edward},
	year = {1892},
	note = {Publication Title: The \{Diyeri\} dialect},
	pages = {43--44},
}

@incollection{taplin_narrinyeri_1879,
	address = {Adelaide},
	title = {The \{\{{Narrinyeri}\}\}},
	booktitle = {The native tribes of {South} {Australia}},
	publisher = {E. S. Wigg \& Son},
	author = {Taplin, George},
	collaborator = {Woods, James Dominick},
	year = {1879},
	note = {Publication Title: The \{\{Narrinyeri\}\}},
	pages = {1--156},
}

@book{kurzova_indo-european_1991,
	address = {Amsterdam and Philadelphia},
	title = {From \{\{{Indo}\}\}-\{\{{European}\}\} to \{\{{Latin}\}\}: \{{The}\} evolution of a morpho-syntactic type},
	publisher = {John Benjamins},
	author = {Kurzová, Helena},
	year = {1993},
}

@misc{gunson_australian_2016,
	title = {Ridley, {William} (1819-1878)},
	url = {http://adb.anu.edu.au/biography/ridley-william-4477/text7309},
	urldate = {2016-08-17},
	journal = {\{\{Australian\}\} \{Dictionary\} of \{Biography\}, \{National\} \{Centre\} of \{Biography\}, \{\{\{Australian\}\}\} \{National\} \{University\}},
	author = {Gunson, Niel},
	year = {2016},
}

@article{terrill_development_1997,
	title = {The development of antipassive constructions in \{\{{Australian}\}\} languages},
	volume = {17},
	number = {1},
	journal = {Australian Journal of Linguistics},
	author = {Terrill, Angela},
	year = {1997},
	note = {Number: 1},
	pages = {71--88},
}

@misc{ganter_neuendettelsau_2016,
	title = {Neuendettelsau \{{Mission}\} \{{Society}\}},
	url = {http://missionaries.griffith.edu.au/},
	urldate = {2016-10-10},
	journal = {\{\{German\}\} \{Missionaries\} in \{\{Australia\}\} – a web-directory of intercultural encounters},
	author = {Ganter, Regina},
	year = {2016},
}

@incollection{bowern_anotherlook_2006,
	address = {Basingstoke},
	title = {Another look at \{{Australia}\} as a linguistic area},
	booktitle = {Linguistic areas},
	publisher = {Palgrave Macmillan},
	author = {Bowern, Claire},
	editor = {Matras, Yaron and McMahon, April and Vincent, Nigel},
	year = {2006},
	pages = {244--265},
}

@article{planert_australische_1908,
	title = {Australische \{\{{Forschungen}\}\} \{\{{II}\}\}: \{{D}\}ieri-\{{G}\}rammatik},
	volume = {40},
	journal = {Dieri-Grammatik. Zeitschrift für Ethnologie},
	author = {Planert, Wilhelm},
	year = {1908},
	pages = {686--697},
}

@book{Sapir1991,
	address = {New York},
	title = {Language: \{\{{A}\}\}n introduction to the study of speech},
	publisher = {Harcourt, Brace and Company},
	author = {Sapir, Edward},
	year = {1991},
}

@article{hercus_otto_2004,
	title = {Otto \{{Siebert}\}: \{{The}\} missionary-ethnographer},
	volume = {3},
	journal = {Strehlow Research Centre Occasional Paper},
	author = {Hercus, Luise Anna and McCaul, Kim},
	editor = {Veit, Walter F.},
	year = {2004},
	pages = {36--50},
}

@article{green_altyerre_2012,
	title = {The \{{Altyerre}\} story — ‘\{{Suffering}\} badly in translation’},
	volume = {23},
	number = {2},
	journal = {The Anthropological Journal of Australia},
	author = {Green, Jenny},
	year = {2012},
	note = {Number: 2},
	pages = {158--178},
}

@misc{rocher_sanskrit_nodate,
	address = {Amsterdam},
	title = {\{{Sanskrit}\}: \{{Discovery}\} by \{\{{Europeans}\}\}},
	journal = {Encyclopaedia of language and linguistics},
	publisher = {Elsevier Ltd},
	author = {Rocher, Rosane},
	editor = {Brown, Keith},
	year = {2008},
	pages = {746--749},
}

@article{mathews_aboriginal_1902,
	title = {The \{\{{Aboriginal}\}\} languages of \{{Victoria}\}},
	volume = {36},
	journal = {Journal and Proceedings of the Royal Society of New South Wales},
	author = {Mathews, Robert Hamilton},
	year = {1902},
	pages = {71--106},
}

@book{ridley_kamilaroi_1875,
	address = {Sydney},
	title = {Kamilaroi and other \{\{{Australian}\}\} languages},
	publisher = {Government Printer},
	author = {Ridley, William},
	year = {1875},
}

@article{knapman_mapping_2011,
	title = {Mapping an ancestral past: \{\{{D}\}\}iscovering the \{\{{Charles}\}\} \{{Richards}\}’ maps of \{\{{Aboriginal}\}\} south-eastern \{\{{Australia}\}\}},
	volume = {1},
	journal = {Australian Aboriginal Studies},
	author = {Knapman, Gareth},
	year = {2011},
	pages = {17--33},
}

@book{lissarrague_salvage_2006,
	address = {Nambucca Heads},
	title = {A salvage grammar and \{{Wordlist}\} of the language from the \{{Hunter}\} \{{River}\} and \{\{{Lake}\}\} \{\{{Macquarie}\}\}},
	publisher = {Muurrbay},
	author = {Lissarrague, Amanda},
	year = {2006},
}

@unpublished{strehlow_letter_1896,
	address = {Adelaide},
	title = {Letter to \{\{{Christian}\}\} \{{Keysser}\} 18/12/1896 written from \{{Bethesda}\}. \{{Lutheran}\} \{{Archives}\}, \{{Adelaide}\}. \{{Immanuel}\} \{{Synod}\}-\{\{{FRM}\}\} \{{N9}\}},
	author = {Strehlow, Carl Friedrich Theodor},
	translator = {Lange, Janette},
	year = {1896},
	note = {Translators: \_:n4044},
}

@book{regamey_propos_1954,
	address = {Bern},
	title = {A \{{Propos}\} de la \{{Construction}\} \{{Ergative}\} en \{\{{Indo}\}\}-aryen \{{Modern}\} \{\{{Sprachgeschichte}\}\} und \{{Wortbedeutung}\}},
	publisher = {Francke},
	author = {Regamey, Constantin},
	editor = {Redard, George},
	year = {1954},
	note = {Publication Title: A \{Propos\} de la \{Construction\} \{Ergative\} en \{\{Indo\}\}-aryen \{Modern\} \{\{Sprachgeschichte\}\} und \{Wortbedeutung\}},
}

@book{harms_traume_2003,
	address = {Hermannsburg},
	title = {Träume und \{{Tränen}\}},
	publisher = {Verlag Ludwig-Harms-Haus},
	author = {Harms, Hartwig F},
	year = {2003},
}

@article{anderson_miserablest_2007,
	title = {The miserablest people in the \{{World}\}: \{{Race}\} humanism and the \{\{{Australian}\}\} \{{Aborigine}\}},
	volume = {18},
	number = {1},
	journal = {The Australian Journal of Anthropology},
	author = {Anderson, Kay and Perrin, Colin},
	year = {2007},
	note = {Number: 1},
	pages = {18--39},
}

@incollection{simpson_i_2008,
	address = {Canberra},
	title = {I could have saved you linguists a lot of time and trouble: 180 years of research and documentation of \{\{{South}\}\} \{\{{Australia}\}\}'s indigenous languages, 1826–2006},
	booktitle = {Encountering {Aboriginal} languages: {Studies} in the history of {Australian} linguistics},
	publisher = {Pacific Linguistics},
	author = {Simpson, Jane and Amery, Rob and Gale, Mary-Anne},
	editor = {McGregor, William Bernard},
	year = {2008},
	note = {Publication Title: I could have saved you linguists a lot of time and trouble: 180 years of research and documentation of \{\{South\}\} \{\{Australia\}\}'s indigenous languages, 1826–2006},
	pages = {339--382},
}

@book{hercus_bagandji_1982,
	address = {Canberra},
	title = {The \{\{{Bagandji}\}\} language},
	publisher = {Research School of Pacific Studies, Australian National University for the Linguistic Circle of Canberra},
	author = {Hercus, Luise Anna},
	year = {1982},
}

@article{mathews_thurrawal_1901,
	title = {The \{{Thurrawal}\} language},
	volume = {35},
	journal = {Journal and Proceedings of the Royal Society of New South Wales},
	author = {Mathews, Robert Hamilton},
	year = {1901},
	pages = {127--160},
}

@article{fry_dieri_1937,
	title = {Dieri legends, \{{Pt}\} 1},
	volume = {48},
	number = {2},
	journal = {Folklore},
	author = {Fry, Henry T},
	year = {1937},
	note = {Number: 2},
	pages = {182--206},
}

@unpublished{crook_essay_1799,
	address = {London},
	title = {An essay toward a dictionary and grammar of the \{{Lesser}\}-\{\{{Australian}\}\} language, according to the dialect used at the \{{Marquases}\}. \{\{{MS}\}\}},
	author = {Crook, William Pascoe and Greatheed, Samuel and Te’ite’i, Tima'u},
	year = {1799},
	annote = {Repr. 1998. Auckland: The Institute of Polynesian Languages and Literatures
},
}

@article{schmidt_stellung_1908,
	title = {Die \{{Stellung}\} der \{{Aranda}\} unter den australischen \{{Stämmen}\}},
	volume = {40},
	number = {6},
	journal = {Zeitschrift für Ethnologie},
	author = {Schmidt, Pater Wilhelm},
	year = {1908},
	note = {Number: 6},
	pages = {866--901},
}

@book{Hylton2012,
	address = {Adelaide},
	title = {\{{South}\} \{{Australia}\} illustrated: \{\{{C}\}\}olonial painting in the land of promise},
	publisher = {Art Gallery of South Australia},
	author = {Hylton, Jane and {Art Gallery of South Australia}},
	year = {2012},
}

@article{dirr_rutulskij_1912,
	title = {Rutulskij \{{Jazyk}\} [\{{The}\} \{{Rutul}\} \{{Language}\}},
	volume = {42},
	journal = {Sbornik Materialov dlya Opisaniya y Plemen Kavkaza (Tbilisi},
	author = {Dirr, Adolf},
	year = {1912},
	pages = {1--204},
}

@unpublished{homann_letter_1875,
	address = {Adelaide},
	title = {Letter to \{{C}\}. \{{A}\}. \{\{{Meyer}\}\} 19/07/1875 written in \{{Adelaide}\}},
	author = {Homann, Ernst},
	year = {1875},
}

@phdthesis{Allen2011,
	address = {“\{English Episcopalians\}” versus “\{German Lutherans\}”},
	type = {Honours thesis},
	title = {“{English} {Episcopalians}” versus “{German} {Lutherans}”: {The} {Contribution} of {Cultural} and {Theological} {Differences} to the {Failure} of the \{{Wellington} {Valley} {Mission}\}},
	school = {University of Sydney},
	author = {Allen, Laurence Paul},
	year = {2011},
}

@unpublished{gillen_notebooks_1894,
	address = {Adelaide},
	title = {Notebooks on anthropology of the \{{Aranda}\} people and \{{Aranda}\} vocabulary},
	author = {Gillen, Francis James},
	year = {1894},
}

@book{amery_kulurdu_2013,
	address = {Adelaide},
	title = {Kulurdu marni ngathaitya! \{{Sounds}\} good to me!: \{{A}\} \{{Kaurna}\} learner’s guide},
	publisher = {Kaurna Warra Pintyanthi in association with Wakefield Press},
	author = {Amery, Rob and Simpson, Jane},
	year = {2013},
}

@article{kempe_report_1881,
	title = {Bericht von {Missionar} {Kempe}. {Doe} {Mission} in {Central}-{Australien} ({Schluss})},
	volume = {1},
	number = {4},
	journal = {Hermannsburger Missionsblatt April 1881},
	author = {Kempe, Friedrich Adolf Hermann},
	year = {1881},
	note = {Number: 4},
	pages = {54--62},
}

@book{threlkeld_australian_1836,
	address = {Sydney},
	title = {An \{\{{Australian}\}\} spelling book in the language as spoken by the \{{Aborigines}\} in the vicinity of \{{Hunter}\}’s \{{River}\}, \{\{{Lake}\}\} \{\{{Macquarie}\}\}, \{{New}\} \{\{{South}\}\} \{\{{Wales}\}\}},
	url = {http://handle.slv.vic.gov.au/10381/110999},
	publisher = {Stephen and Stokes, Herald Office},
	author = {Threlkeld, Lancelot Edward},
	year = {1836},
}

@unpublished{strehlow_letter_1906,
	address = {Canberra},
	title = {Letter to \{{R}\} {H}.\{{Mathews}\} 4/03/1906 written in \{{Hermannsburg}\}. \{{National}\} \{{Library}\} of \{\{{Australia}\}\} \{\{{MS}\}8006\}},
	author = {Strehlow, Carl Friedrich Theodor},
	year = {1906},
	annote = {Series2 folder 4 box1.},
}

@book{austin_reference_1993,
	address = {Bundoora, Victoria},
	title = {A reference grammar of \{{Gamilaraay}\}, northern {New} {South} {Wales}},
	url = {https://www.academia.edu/2457676/A_Reference_Grammar_of_Gamilaraay_northern_New_South_Wales},
	publisher = {La Trobe University, Dept of Linguistics},
	author = {Austin, Peter},
	year = {1993},
	annote = {northern New South Wales (first draft 1989},
}

@book{wurm_australian_1966,
	address = {Canberra},
	title = {\{{Australian}\} linguistic studies},
	publisher = {Australian National University},
	editor = {Wurm, Stephen A},
	year = {1966},
	note = {Publication Title: \{Australian\} linguistic studies},
}

@book{roth_ethnological_1897,
	address = {Brisbane},
	title = {Ethnological studies among the \{\{{North}\}\}-\{\{{West}\}\}-\{\{{Central}\}\} \{{Queensland}\} \{{Aborigines}\}},
	publisher = {Government Printer},
	author = {Roth, Walter Edmund},
	year = {1897},
}

@article{teichelmann_letter_1841,
	title = {Letter to \{\{{Hans}\}\} \{{Conan}\} von der \{{Gabelentz}\} 06/01/1841},
	volume = {21-22},
	number = {125},
	journal = {Magazin für die Literatur des Auslandes},
	author = {Teichelmann, Christian Gottlieb},
	editor = {Lehmann, James},
	translator = {McElvenny, James},
	pages = {297},
}

@article{baerman_case_2002,
	title = {Case syncretism in and out of \{\{{Indo}\}\}-\{\{{European}\}\}},
	volume = {I},
	journal = {2002 \{\{CLS\}\} \{The\} main session. \{Papers\} from the 37th meeting of the \{\{Chicago\}\} \{Linguistic\} \{Society\}},
	author = {Baerman, Matthew and Corbett, Greville G},
	editor = {Andronis, Mary and Ball, Christopher and Elston, Heidi and Neuvel, Sylvain},
	year = {2002},
	pages = {15--28},
}

@incollection{blake_nineteenth-century_2016,
	address = {London},
	title = {Before {Hercus}: pionere linguists in the south-east},
	booktitle = {Language, {Land} and {Story} in {Australia}},
	publisher = {EL Publishing},
	author = {Blake, Barry J},
	editor = {Austin, Peter and Koch, Harold and Simpson, Jane},
	year = {2016},
	note = {Publication Title: Nineteenth-century linguists in the south-east: \{Their\} cultural legacy},
	pages = {131--144},
}

@incollection{alpher_western_2008,
	address = {Amsterdam \& Philadelphia},
	title = {\{{Western}\} \{{Torres}\} \{{Strait}\} language classification and development},
	booktitle = {2008 \{{Morphology}\} and language history: \{{In}\} honour of \{\{{Harold}\}\} \{{Koch}\}},
	publisher = {John Benjamins},
	author = {Alpher, Barry and O'Grady, Geoff and Bowern, Claire},
	editor = {Bowern, Claire and Evans, Bethwyn and Miceli, Luisa},
	year = {2008},
	pages = {1--15},
}

@book{marett_spencers_1931,
	address = {Oxford},
	title = {Spencer’s scientific correspondence},
	publisher = {Clarendon Press},
	editor = {Marett, Robert Ranulph and Penniman, Thomas Kenneth},
	year = {1931},
	note = {Publication Title: Spencer’s scientific correspondence},
}

@article{nind_description_1831,
	title = {Description of the natives of \{{King}\} \{{George}\}'s \{{Sound}\} (\{{Swan}\} \{{River}\} \{{Colony}\}) and adjoining country},
	volume = {1},
	journal = {Journal of the Royal Geographical Society of London},
	author = {Nind, Scott},
	year = {1831},
	pages = {21--51},
}

@misc{Jones2005,
	title = {Unaipon, \{{James}\} (1835–1907)},
	url = {https://adb.anu.edu.au/biography/unaipon-james-13227/},
	journal = {Australian Dictionary of Biography, National Centre of Biography, Australian National University},
	author = {Jones, Philip G},
	year = {2005},
}

@book{Scherer1973,
	address = {Adelaide},
	title = {From joiner’s bench to pulpit: \{{A}\} translation of \{{A}. \{\{{H}\}\}. \{\{{K}\}\}empe's\} autobiography},
	publisher = {Lutheran Publishing House},
	author = {Scherer, Philipp A},
	year = {1973},
}

@article{elkin_nature_1937,
	title = {The nature of \{\{{Australian}\}\} languages},
	volume = {8},
	number = {2},
	journal = {Oceania},
	author = {Elkin, Adolphus P},
	year = {1937},
	note = {Number: 2},
	pages = {127--169},
}

@book{mcdonald_study_2002,
	address = {München},
	title = {A {Study} of the {Phonetics} and {Phonology} of {Yaraldi} and {Associated} {Dialects}},
	publisher = {Lincom Europa},
	author = {McDonald, Maryalyce},
	year = {2002},
	keywords = {Ngarrindjeri language},
}

@article{tindale_legend_1935,
	title = {Legend of {Waijungari}, {Jaralde} tribe, {Lake} {Alexandrina}, {South} {Australia}, and the phonetic system employed in its transcription},
	volume = {5},
	number = {3},
	journal = {Records of the South Australian Museum},
	author = {Tindale, Norman Barnett},
	year = {1935},
	note = {Number: 3},
	pages = {261--274},
}

@book{meyer_vocabulary_1843,
	address = {Adelaide},
	title = {Vocabulary of the language spoken by the {Aborigines} of the southern and eastern portions of the settled districts of {South} {Australia}, preceded by a grammar},
	publisher = {James Allen},
	author = {Meyer, Heinrich August Eduard},
	year = {1843},
}

@article{goddard_case_1982,
	title = {Case systems and case marking in \{\{{Australian}\}\} languages: \{{A}\} new interpretation},
	volume = {2},
	number = {2},
	journal = {Australian Journal of Linguistics},
	author = {Goddard, Cliff},
	year = {1982},
	note = {Number: 2},
	pages = {167--196},
}

@incollection{Stockigt_2020,
	address = {Adelaide},
	title = {The nexus of anthropology and linguistics in \{\{{Australia}\}\}: \{{A}\} historical overview},
	booktitle = {More than mere words: \{\{{E}\}\}ssays on language and linguistics in honour of \{{Peter} {Sutton}\}},
	publisher = {Wakefield Press},
	author = {Stockigt, Clara},
	editor = {Walsh, Michael and Monaghan, Paul},
	year = {2020},
	pages = {2--33},
}

@book{dawson_australian_1881,
	address = {Melbourne},
	title = {\{{Australian}\} \{{Aborigines}\}: \{{The}\} languages and customs of several tribes of \{{Aborigines}\} in the \{\{{Western}\}\} \{{District}\} of \{{Victoria}\}},
	publisher = {George Robertson},
	author = {Dawson, James},
	year = {1881},
}

@incollection{koch_australian_1990,
	address = {Canberra},
	title = {Do \{\{{Australian}\}\} languages really have morphemes? \{{Issues}\} in \{{Kaytej}\} morphology},
	booktitle = {1990 \{{Language}\} and \{{History}\}. \{{Essays}\} in honour of \{{Luise}\} \{{A}\}. \{{Hercus}\}},
	publisher = {Pacific Linguistics},
	author = {Koch, Harold},
	editor = {Austin, Peter and Dixon, Robert Malcolm Ward and Dutton, Tom and White, Isobel},
	year = {1990},
	pages = {193--208},
}

@book{gason_dieyerie_1874,
	address = {Adelaide},
	title = {The \{{Dieyerie}\} tribe of \{\{{Australian}\}\} \{{Aborigines}\}},
	publisher = {W. C. Cox, Government Printer},
	author = {Gason, Samuel},
	year = {1874},
}

@unpublished{flierl_comparative_nodate,
	address = {Nurenberg},
	title = {Comparative vocabulary of \{{Diyari}\}, \{{Ngamani}\}, \{{Wangkangurru}\} and \{{Arabana}\}},
	author = {Flierl, Johann},
	annote = {Unpublished ms. Neuendettelsau. Az42/42.},
}

@article{taplin_notes_1872,
	title = {Notes on a comparative table of \{\{{Australian}\}\} languages},
	volume = {1},
	journal = {The Journal of the Anthropological Institute of Great Britain and Ireland},
	author = {Taplin, George},
	year = {1872},
	pages = {84--88},
}

@unpublished{siebert_letter_1935,
	address = {Adelaide},
	title = {Letter to \{{T}\}. \{{Vogelsang}\}, 21/06/1935 written in \{\{{Germany}\}\}.},
	author = {Siebert, Otto},
	year = {1935},
	annote = {part translation of the same: AA 266/5/9).},
}

@incollection{whorf_relation_1941,
	address = {Menasha, Wisconsin},
	title = {The relation of habitual thought and behavior to language},
	booktitle = {Language, culture, and personality: \{{Essays}\} in memory of \{{Edward}\} \{{Sapir}\}},
	publisher = {Sapir Memorial Publication Fund},
	author = {Whorf, Benjamin Lee},
	editor = {Spier, Leslie and Hallowell, Irving A. and Newman, Stanley S.},
	year = {1941},
	pages = {75--93},
}

@article{mathews_languages_1903,
	title = {Languages of the \{{Kamilaroi}\} and other \{\{{Aboriginal}\}\} tribes of \{{New}\} \{\{{South}\}\} \{\{{Wales}\}\}},
	volume = {33},
	journal = {Journal of the Anthropological Institute},
	author = {Mathews, Robert Hamilton},
	year = {1903},
	pages = {259--283},
}

@incollection{Jacobs1886c,
	address = {Melbourne},
	title = {\{{No}\}. 56. – {Kopperamana}},
	volume = {II},
	booktitle = {The \{\{\{{Australia}\}n\}\} race: \{{Its}\} origin, languages, customs, place of landing in \{\{{Australia}\}\}, and the routes by which it spread itself over the continent},
	publisher = {John Ferres},
	author = {Jacobs, F E (sic. Johann Ernst Jacob)},
	editor = {Curr, Edward Micklethwaite},
	year = {1886},
	pages = {108--109},
}

@article{haspelmath_comparative_2010,
	title = {Comparative concepts and descriptive categories in cross-linguistic studies},
	volume = {86},
	number = {3},
	journal = {Language},
	author = {Haspelmath, Martin},
	year = {2010},
	note = {Number: 3},
	pages = {663--687},
}

@article{capell_structure_1937,
	title = {The structure of \{\{{Australian}\}\} languages},
	volume = {8},
	number = {1},
	journal = {Oceania},
	author = {Capell, Arthur},
	year = {1937},
	note = {Number: 1},
	pages = {27--61},
}

@techreport{taplin_report_1875,
	title = {Report of the \{{Sub}\}-protector of \{{Aborigines}\}: \{{For}\} the year ending \{{December}\} 31st 1875},
	url = {https://www.google.com/url?sa=t&rct=j&q=&esrc=s&source=web&cd=&ved=2ahUKEwjXssONssv5AhUhaGwGHdG4AiAQFnoECA4QAQ&url=https%3A%2F%2Faiatsis.gov.au%2Fsites%2Fdefault%2Ffiles%2Fcatalogue_resources%2F59917.pdf&usg=AOvVaw3crzcJk5SLNdysB6YM3uHm},
	urldate = {2016-10-10},
	author = {Taplin, George},
	year = {1875},
}

@book{schmidt_gliederung_1919,
	address = {Wien},
	title = {Die \{\{{Gliederung}\}\} der \{{Australischen}\} \{\{\{{Sprachen}\}\}\}: \{{Geographische}\}, \{{Bibliographische}\}, \{{Linguistische}\} \{\{{Grundzüge}\}\} der \{\{{Erforschung}\}\} der \{{Australischen}\} \{\{\{{Sprachen}\}\}\}},
	publisher = {Mechitharisten-Buchdruckerei},
	author = {Schmidt, Pater Wilhelm},
	year = {1919},
}

@book{gardner_southern_2015,
	address = {Basingstoke, Hampshire},
	title = {\{{Southern}\} \{{Anthropology}\} — a history of \{{Fison}\} and \{{Howitt}\}’s \{{Kamilaroi}\} and \{{Kurnai}\}},
	publisher = {Palgrave MacMillan},
	author = {Gardner, Helen and McConvell, Patrick},
	year = {2015},
}

@book{capell_new_1956,
	address = {Sydney},
	series = {Oceania {Linguistic} {Monographs}},
	title = {A new approach to \{\{{Australian}\}\} languages},
	number = {1},
	publisher = {University of Sydney},
	author = {Capell, Arthur},
	year = {1956},
	note = {Publisher: University of Sydney
Place: Sydney},
}

@book{campbell_american_1997,
	address = {Oxford},
	title = {\{{American}\} \{\{{Indian}\}\} languages},
	publisher = {Oxford University Press},
	author = {Campbell, Lyle},
	year = {1997},
}

@incollection{capell_history_1970,
	address = {The Hague},
	series = {Linguistics in {Oceania}},
	title = {History of research in \{\{{Australian}\}\} and \{\{{Tasmanian}\}\} languages},
	volume = {8},
	booktitle = {Current trends in linguistics},
	publisher = {Mouton},
	author = {Capell, Arthur},
	editor = {Sebeok, Thomas A.},
	year = {1970},
	pages = {661--720},
}

@misc{ray_aboriginal_1925,
	address = {Sydney},
	title = {\{{Aboriginal}\} languages},
	volume = {I},
	journal = {The Illustrated Australian Encyclopaedia},
	publisher = {Angus and Robertson},
	author = {Ray, Sidney Herbert},
	year = {1925},
	note = {Publisher: Angus and Robertson
Place: Sydney},
	pages = {2--15},
}

@book{Woods1879,
	address = {Adelaide},
	title = {The native tribes of \{\{{South}\}\} \{\{{Australia}\}\}},
	publisher = {E.S. Wigg \& Son},
	author = {Woods, James Dominick},
	year = {1879},
	note = {Publication Title: The native tribes of \{\{South\}\} \{\{Australia\}\}},
}

@article{hunter_reappraising_2011,
	title = {Reappraising the effects of language contact in the \{{Torres}\} \{{Strait}\}},
	volume = {4},
	journal = {Journal of Language Contact},
	author = {Hunter, Jessica and Bowern, Claire and Round, Erich},
	year = {2011},
	pages = {106--140},
}

@book{dixon_searching_1983,
	address = {St Lucia [Brisbane]},
	title = {Searching for \{\{{Aboriginal}\}\} languages: \{{Memoirs}\} of a field worker},
	publisher = {University of Queensland Press},
	author = {Dixon, Robert Malcolm Ward},
	year = {1983},
}

@book{noauthor_notitle_nodate,
	address = {{\textbackslash}biberror\{no address\}},
	title = {{\textbackslash}biberror\{no title\}},
	publisher = {{\textbackslash}biberror\{no publisher\}},
	doi = {http://www.jstor.org/stable/1797917},
}

@book{smyth_aborigines_1878,
	address = {Melbourne},
	title = {The \{{Aborigines}\} of \{{Victoria}\}: \{{With}\} notes relating to the habits of the natives of other parts of \{\{{Australia}\}\}},
	volume = {II, Language},
	publisher = {Government Printer for the Government of Victoria},
	author = {Brough Smyth, Robert},
	year = {1878},
}

@book{teichelmann_outlines_1840,
	address = {Adelaide},
	title = {Outlines of a grammar, vocabulary, and phraseology, of the \{\{{Aboriginal}\}\} language of \{\{{South}\}\} \{\{{Australia}\}\}, spoken by the natives in and for some distance around \{{Adelaide}\}},
	publisher = {C. G. Teichelmann and C. W. Schurmann},
	author = {Teichelmann, Christian Gottlieb and Schürmann, Clamor Wilhelm},
	year = {1840},
}

@phdthesis{Stockigt2017,
	type = {Ph.{D}. thesis},
	title = {\{\{{Pama}\}-{Nyungan}\} {Morpho}-syntax: \{{L}\}ineages of {Description}},
	school = {University of Adelaide},
	author = {Stockigt, Clara},
	year = {2017},
}

@book{gildersleeve_latin_1895,
	address = {London},
	title = {\{{Latin}\} \{{Grammar}\}},
	publisher = {Macmillan},
	author = {Gildersleeve, Basil Lanneau},
	year = {1895},
}

@misc{kneebone_teichelmann_2005,
	title = {Teichelmann, \{\{{Christian}\}\} \{\{{Gottlieb}\}\} (1807-1888) \{\{{Australian}\}\} \{{Dictionary}\} of \{{Biography}\}},
	url = {http://adb.anu.edu.au/biography/teichelmann-christian-gottlieb-13213/text23925},
	urldate = {2016-06-17},
	journal = {Australian Dictionary of Biography, National Centre of Biography, Australian National University},
	author = {Kneebone, Heidi},
	year = {2005},
}

@unpublished{reuther_reuther_1899,
	address = {Adelaide},
	title = {The \{{Reuther}\} manuscript \{{Part}\} \{{A}\} {Volume} {V}},
	author = {Reuther, Johann Georg},
	year = {1899},
	annote = {Unpublished ms.
Publisher: South Australian Museum Anthropological Archives, Adelaide. AA266 Volume: V},
}

@article{Berndt1939,
	title = {Notes on the {Dieri} tribe of \{{South}\} \{{Australia}\}},
	volume = {63},
	number = {2},
	journal = {Records of the South Australia Museum},
	author = {Berndt, Ronald Murray and Vogelsang, Theodore},
	year = {1939},
	note = {Number: 2},
	pages = {167--171},
}

@article{veit_social_2004,
	title = {Social anthropology versus cultural anthropology: \{{Baldwin}\} \{{Spencer}\} and \{{Carl}\} \{{Friedrich}\} \{{Theodor}\} \{{Strehlow}\} in \{\{{Central}\}\} \{\{{Australia}\}\}},
	volume = {3},
	journal = {Strehlow Research Centre Occasional Paper},
	author = {Veit, Walter F.},
	editor = {Veit, Walter F.},
	year = {2004},
	pages = {92--110},
}

@book{haspelmath_european_2001,
	address = {Berlin},
	title = {The \{\{\{{European}\}\}\} \{{Linguistic}\} \{{Area}\}: \{\{{Standard}\}\} \{{Average}\} \{\{\{{European}\}\}\}},
	publisher = {Mouton de Gruyter},
	author = {Haspelmath, Martin},
	year = {2001},
}

@article{mathews_language_1903,
	title = {Language of the \{{Bungandity}\} tribe, \{\{{South}\}\} \{\{{Australia}\}\}},
	volume = {37},
	journal = {Journal and Proceedings of the Royal Society of New South Wales},
	author = {Mathews, Robert Hamilton},
	year = {1903},
	pages = {59--74},
}

@book{flierl_christianieli_1880,
	address = {Adelaide},
	title = {Christianieli ngujangujara-pepa \{{Dieri}\}-jaurani. \{{Pepaia}\} buru kulnolu},
	publisher = {Scrymgour \& Sons},
	author = {Flierl, Johann and Meyer, Carl Augusta},
	year = {1880},
}

@book{Arnold1781,
	address = {Leipzig},
	title = {Grammatica {Anglicana} {Concentrata}, oder kurzgefaßte {Englische} {Grammatic}, \{{Revised} by {J}. \{\{{B}\}\}. \{\{{R}\}\}ogler\}},
	publisher = {Wansenhaus},
	author = {Arnold, Theodor},
	year = {1781},
}

@book{hercus_languages_1969,
	address = {Canberra},
	title = {The languages of \{{Victoria}\}: \{{A}\} late survey in two parts},
	publisher = {Australian Institute of Aboriginal Studies},
	author = {Hercus, Luise Anna},
	year = {1969},
}

@phdthesis{kenny_missionary_2008,
	type = {Ph.{D}. thesis},
	title = {From missionary to frontier scholar: \{{An}\} introduction to \{{Carl}\} \{{Strehlow}\}’s masterpiece, \{{Die}\} \{{Aranda}\}-und \{{Loritja}\}-\{{Stämme}\} in \{{Zentral}\}-\{{Australien}\}},
	school = {University of Sydney},
	author = {Kenny, Anna},
	year = {2008},
	annote = {Unpublished},
}

@misc{ganter_killalpaninna_2016,
	title = {Killalpaninna},
	url = {http://missionaries.griffith.edu.au/},
	urldate = {2014-03-06},
	journal = {\{\{German\}\} \{Missionaries\} in \{\{Australia\}\} – a web-directory of intercultural encounters},
	author = {Ganter, Regina},
	year = {2016},
}

@unpublished{threlkeld_specimens_1924,
	address = {Sydney},
	title = {Specimens of the language of the \{{Aborigines}\} of \{{New}\} \{\{{South}\}\} \{\{{Wales}\}\} to northward of \{\{{Sydney}\}\}},
	author = {Threlkeld, Lancelot Edward},
	year = {1924},
	annote = {{\textbackslash}biberror\{Type: ML A 382/ CY Reel 820\}},
}

@article{koch_george_2011,
	title = {George \{{Augustus}\} \{{Robinson}\} and the documentation of languages of \{\{\{{South}\}\}\}-\{\{{Eastern}\}\} \{{New}\} \{\{\{{South}\}\}\} \{\{{Wales}\}\}},
	volume = {54},
	number = {2},
	journal = {Language and History},
	author = {Koch, Harold},
	year = {2011},
	note = {Number: 2},
	pages = {140--163},
}

@book{threlkeld_notitle_1974,
	address = {Canberra},
	title = {\{{Australian}\} reminiscences \& papers of \{{L}\}. \{\{{E}\}\}. \{{Threlkeld}\}, missionary to the \{{Aborigines}\}, 1924-1859},
	publisher = {Australian Institute of Aboriginal Studies},
	author = {Threlkeld, Lancelot Edward},
	editor = {Gunson, Niel},
	year = {1974},
}

@incollection{evans_enigma_1998,
	address = {London},
	title = {The enigma of \{\{{Pama}\}\}-\{{Nyungan}\} expansion in \{\{{Australia}\}\} and linguistic hypotheses},
	booktitle = {Archaeology and {Language} {II}: {Archaeological} {Data}},
	publisher = {Routledge - Taylor and Francis},
	author = {Evans, Nicholas and McConvell, Patrick},
	editor = {Blench, Roger and Spriggs, Matthew},
	year = {1998},
	note = {Publication Title: The enigma of \{\{Pama\}\}-\{Nyungan\} expansion in \{\{Australia\}\} and linguistic hypotheses},
	pages = {174--192},
}

@book{blake_australian_1981,
	address = {Sydney},
	title = {\{{Australian}\} \{\{{Aboriginal}\}\} languages},
	publisher = {Angus and Robertson},
	author = {Blake, Barry J},
	year = {1981},
}

@incollection{Meakins2014,
	address = {Berlin},
	title = {Language contact varieties},
	booktitle = {The {Languages} and {Linguistics} of {Australia}: {A} comprehensive guide},
	publisher = {Mouton},
	author = {Meakins, Felicity},
	editor = {Koch, Harold and Nordlinger, Rachel},
	year = {2014},
	pages = {365--416},
}

@article{mathews_notes_1910,
	title = {Notes on some tribes of \{\{{Western}\}\} \{\{{Australia}\}\} [\{{Nyungar}\} material},
	volume = {25},
	journal = {Proceedings and \{Transactions\} of the \{Royal\} geographical \{Society\} of \{\{Australasia\}\}},
	author = {Mathews, Robert Hamilton},
	year = {1910},
	pages = {119--136},
}

@techreport{moorhouse_annual_1843,
	title = {Annual report of the \{{Aborigines}\} \{{Department}\} for the year ending 30th \{\{{September}\}\} 1843},
	author = {Moorhouse, Matthew},
	year = {1843},
	pages = {54--62},
	annote = {Repr. in R. Foster 1990. Journal of the Anthropological Society of South Australia. 28(1): 54-62
},
}

@book{bowern_australian_2004,
	address = {Amsterdam \& Philadelphia},
	title = {\{{Australian}\} languages: \{{Classification}\} and the comparative method},
	publisher = {John Benjamins},
	editor = {Bowern, Claire and Koch, Harold},
	year = {2004},
	note = {Publication Title: \{Australian\} languages: \{Classification\} and the comparative method},
}

@book{Poland_1998,
	address = {Adelaide},
	title = {Loose leaves: \{{R}\}eminiscences of a pioneer \{\{{North}\} {Queensland}\} missionary},
	publisher = {Lutheran Publishing House},
	author = {Poland, Wilhelm G F},
	year = {1988},
}

@misc{martin_hodgkin_2004,
	title = {Hodgkin, {Thomas} (1831-1913)},
	url = {http://www.oxforddnb.com/index/101033915/Thomas-Hodgkin},
	urldate = {2015-07-10},
	journal = {Oxford Dictionary of National Biography},
	author = {Martin, G H},
	year = {2004},
}

@incollection{blevins_word-based_2013,
	address = {Oxford},
	title = {Word-\{{Based}\} \{{Morphology}\} from \{{Aristotle}\} to \{{Modern}\} \{\{{WP}\}\} (\{{Word}\} and \{{Paradigm}\} \{{Models}\}},
	volume = {16},
	booktitle = {2013 \{{The}\} \{\{{Oxford}\}\} \{{Handbook}\} of the \{{History}\} of \{{Linguistic}\}},
	publisher = {Oxford University Press},
	author = {Blevins, James P.},
	editor = {Allen, Keith},
	year = {2013},
	pages = {375--396},
}

@phdthesis{edwards_moravian_2007,
	type = {Ph.{D}. thesis},
	title = {Moravian \{\{{Aboriginal}\}\} missions in \{\{{Australia}\}\}},
	school = {Flinders University},
	author = {Edwards, William H},
	year = {2007},
}

@article{planert_australische_1907,
	title = {Australische \{\{{Forschungen}\}\} \{{I}\}},
	volume = {39},
	journal = {Aranda-Grammatik. Zeitschrift für Ethnologie},
	author = {Planert, Wilhelm},
	year = {1907},
	pages = {561--566},
}

@book{humboldt_berichtigungen_1817,
	address = {Berlin},
	title = {Berichtigungen und \{{Zusätze}\} zum \{{Ersten}\} \{{Abschnitte}\} des \{{Zweyten}\} \{{Bandes}\} des \{{Mithridates}\} über die \{{Cantabrische}\} oder \{{Baskische}\} \{\{{Sprache}\}\}},
	publisher = {Voss},
	author = {Humboldt, Wilhelm.von},
	year = {1817},
}

@incollection{austin_gamilaraay_2008,
	address = {Canberra},
	title = {The \{{Gamilaraay}\} (\{{Kamilaroi}\}) language, northern \{{New}\} \{\{{South}\}\} \{\{{Wales}\}\} — a brief history of research},
	booktitle = {Encountering {Aboriginal} languages: {Studies} in the history of {Australian} linguistics},
	publisher = {Pacific Linguistics},
	author = {Austin, Peter},
	editor = {McGregor, William},
	year = {2008},
	note = {Publication Title: The \{Gamilaraay\} (\{Kamilaroi\}) language, northern \{New\} \{\{South\}\} \{\{Wales\}\} — a brief history of research},
	pages = {37--58},
}

@misc{kemp_phonetic_2006,
	address = {Amsterdam},
	title = {Phonetic transcription: \{{History}\}},
	volume = {9},
	journal = {The encyclopedia of language \& linguistics},
	publisher = {Elsevier},
	author = {Kemp, J Alan},
	editor = {Brown, Keith},
	year = {2006},
	pages = {396--410},
}

@book{petrie_tom_1904,
	address = {Brisbane},
	title = {\{{Tom}\} \{{Petrie}\}'s reminiscences of early \{{Queensland}\} (dating from 1837},
	publisher = {Watson, Ferguson \& Co},
	author = {Petrie, Tom and Petrie, Constance Campbell},
	year = {1904},
}

@article{seely_ergative_1977,
	title = {An ergative historiography},
	volume = {4},
	journal = {Historiographia Linguistica},
	author = {Seely, Jonathan},
	year = {1977},
	pages = {191--206},
}

@book{davies_grammar_1823,
	address = {Tahiti},
	title = {A grammar of the \{\{{Tahitian}\}\} dialect of the \{{Polynesian}\} language. \{{Burder}\}’s \{{Point}\}, \{{Tahiti}\}: \{{Mission}\} \{{Press}\}},
	publisher = {The London Mission Society’s Press},
	author = {Davies, Herbert John},
	year = {1823},
}

@book{henderson_eastern_1994,
	address = {Alice Springs},
	title = {The \{\{{Eastern}\}\} and \{\{{Central}\}\} \{{Arrernte}\} \{{Dictionary}\}},
	publisher = {IAD Press},
	author = {Henderson, John and Dobson, Veronica},
	year = {1994},
}

@incollection{zwartjes_forward_2014,
	address = {Amsterdam \& Philadelphia},
	title = {Forward and acknowledgements},
	booktitle = {Studies in the \{{History}\} of the \{{Language}\} \{{Sciences}\}: \{{Missionary}\} \{{Linguistics}\} \{{V}\}},
	publisher = {John Benjamins},
	author = {Zwartjes, Otto and Zimmermann, Klaus and Schrader-Kniffki, Martina},
	editor = {Zwartjes, Otto and Zimmermann, Klaus and Schrader-Kniffki, Martina},
	year = {2014},
	pages = {vii--xi},
}

@book{taplin_grammar_1880,
	address = {Adelaide},
	title = {Grammar of the \{\{{Narrinyeri}\}\} tribe of \{\{{Australian}\}\} \{{Aborigines}\}},
	publisher = {E. Spiller, Government Printer},
	author = {Taplin, George},
	year = {1880},
}

@book{schmidt_personalpronomina_1919,
	address = {Wien},
	title = {Die \{{Personalpronomina}\} in den \{{Australischen}\} \{\{{Sprachen}\}\}},
	publisher = {Hölder},
	author = {Schmidt, Pater Wilhelm},
	year = {1919},
}

@incollection{hughes_introduction_1998,
	address = {Auckland},
	title = {Introduction},
	booktitle = {An essay toward a dictionary and grammar of the lesser-{Australian} language, according to the dialect used at the {Marquesas} (1799)},
	publisher = {The Institute of Polynesian Languages and Literatures},
	author = {Hughes, H G A and Fischer, Steven Roger},
	collaborator = {Crook, William Pascoe and Greatheed, Samuel and Hughes, H G A and Te’ite’i, Tima’u and Fischer, Steven Roger and Institute of Polynesian Languages {and} Literatures},
	year = {1998},
	pages = {vii--lxii},
	annote = {Reprint of Crook, Greatheed \& Tima’u Te’ite’I MS, 1799.},
}

@incollection{koch_pama-nyungan_1997,
	address = {Canberra},
	title = {\{{Pama}\}-\{{Nyungan}\} reflexes in the \{{Arandic}\} languages},
	booktitle = {Boundary rider: essays in honour of {Geoffrey} {O}’{Grady}},
	publisher = {Pacific Linguistics},
	author = {Koch, Harold},
	editor = {Tyron, Darrell and Walsh, Michael},
	year = {1997},
	note = {Publication Title: \{Pama\}-\{Nyungan\} reflexes in the \{Arandic\} languages},
	pages = {271--302},
}

@unpublished{teichelmann_diaries_1839,
	address = {Adelaide},
	title = {Diaries},
	author = {Teichelmann, Christian Gottlieb},
	translator = {Krieg, Marcus},
	year = {1839},
	annote = {Unpublished ms. Lutheran Archives, Adelaide. Adelaide Missionaries (Dresden) Letters 3/Folder TA. Translated by Marcus Krieg.},
}

@book{lepsius_standard_1863,
	address = {London},
	title = {\{{Standard}\} alphabet for reducing unwritten languages and foreign graphic systems to a uniform orthography in \{\{{European}\}\} letters},
	publisher = {Williams \& Norgate},
	author = {Lepsius, Karl Richard},
	year = {1863},
}

@book{winer_grammatik_1844,
	address = {Leipzig},
	title = {\{{Grammatik}\} des neutestamentlichen \{{Sprachidioms}\} als sichere \{\{{Grundlage}\}\} der neutestamentlichen \{{Exegese}\}, (\{{Grammar}\} of the idiomatic speech of the \{{New}\} \{{Testament}\} as a sound basis new \{{Testament}\} \{{Exegesis}\}},
	publisher = {Friedrich Christian Wilhelm Vogel},
	author = {Winer, Georg Benedikt},
	year = {1844},
}

@book{ray_linguistics_1907,
	address = {Cambridge},
	title = {Reports of the {Cambridge} anthropological expedition to {Torres} straits},
	volume = {III, Linguistics},
	publisher = {Cambridge University Press},
	author = {Ray, Sidney Herbert and Haddon, Alfred Cort},
	year = {1907},
	note = {Publication Title: Linguistics},
}

@unpublished{threlkeld_letter_1842,
	address = {Adelaide},
	title = {Letter to \{{C}\}. \{{Schürmann}\} 10/3/1842.},
	author = {Threlkeld, Lancelot Edward},
	year = {1842},
}

@misc{siewierska_passive_2013,
	title = {Passive constructions},
	url = {http://wals.info/chapter/107},
	urldate = {2016-06-28},
	journal = {\{The\} \{World\} \{Atlas\} of \{Language\} \{Structures\} \{Online\} \{Leipzig\}: \{\{Max\}\} \{Planck\} \{Institute\} for \{Evolutionary\} \{Biology\}},
	author = {Siewierska, Anna},
	year = {2013},
}

@incollection{Planert1906,
	address = {Berlin; Stuttgart},
	title = {Einige \{\{{Bemerkungen}\}\} zum {Studium} des {Samoanischen}},
	volume = {IX, Abteilung III, Afrikanische Studien},
	booktitle = {Mittheilungen des {Seminars} für {Orientalische} {Sprachen} an der {Königlichen} {Friedrich} {Wilhelms}-{Universität} zu {Berlin}},
	publisher = {Commissionsverlag von W. Spemann},
	author = {Planert, Wilhelm},
	year = {1906},
	note = {Publication Title: Mittheilungen des Seminars für orientalische \{Sprachen\}
Issue: 1},
	pages = {168--177},
}

@unpublished{dawes_grammatical_1790,
	address = {London},
	title = {Grammatical forms of the language of \{{N}\}.\{{S}\}.\{\{{Wales}\}\}, in the neighbourhood of \{\{{Sydney}\}\}},
	author = {Dawes, William},
	year = {1790},
	annote = {Unpublished ms.
Publisher: Library of the School of Oriental and African Studies, University of London. Marsden collection 41645a},
}

@incollection{muller_reise_1867,
	address = {Vienna},
	title = {\{{Australische}\} \{\{{Sprachen}\}\}},
	volume = {\{Linguistischer\} \{Theil\} \{Abteilung\} \{\{III\}\}},
	booktitle = {Reise der Österreichischen \{{Fregatte}\} \{{Novara}\} um die \{{Erde}\} in den \{{Jahren}\} 1857, 1858, 1859:},
	publisher = {\{Aus\} der kaiserlich-königlichen \{Hof\}- und \{Staatsdruckerei\}. In commission bei K. Gerold's Sohn},
	author = {Müller, Friedrich},
	year = {1867},
	pages = {239--266},
}

@article{stockigt_early_2015,
	title = {Early descriptions of \{\{{Pama}\}\}-\{{Nyungan}\} ergativity. \{{Missionary}\} \{{Linguistics}\} world-wide: \{{Theory}\}, practice and politics},
	volume = {42},
	number = {2},
	journal = {Historiographia Linguistica. Amsterdam \& Philadelphia: John Benjamins},
	author = {Stockigt, Clara},
	year = {2015},
	note = {Number: 2},
	pages = {335--377},
}

@book{raphael_ausfuhrliche_1834,
	address = {Hannover},
	title = {Ausführliche \{\{{Grammatik}\}\} der griechischen \{\{{Sprache}\}\}, 2 {Bde}.},
	publisher = {Hahnsche Hofbuchhandlung},
	author = {Kühner, Raphael},
	year = {1834},
}

@incollection{love_outline_1938,
	address = {Sydney},
	title = {An outline of \{{Worora}\} grammar},
	volume = {3},
	booktitle = {Studies in {Australian} {Linguistics}, {Oceania} {Monograph} 3},
	publisher = {Australian National Research Council},
	author = {Love, James Robert Beattie},
	editor = {Elkin, Adolphus P},
	year = {1938},
	note = {Series Editors: \_:n4570
Publication Title: Oceania Monograph},
	pages = {112--124},
}

@misc{DeAraugo2005,
	title = {Pepper, {Nathaniel} (1841–1877)},
	url = {https://adb.anu.edu.au/biography/pepper-nathaniel-13148/text23799},
	journal = {\{Australian\} Dictionary of Biography, Supplementary Volume},
	author = {De Araugo, Tess},
	year = {2005},
}

@book{Leigh1839,
	address = {London},
	title = {Travels and adventures in \{{South}\} \{{Australia}\}},
	publisher = {Smith Elder and Co.},
	author = {Leigh, W H},
	year = {1839},
}

@book{lepsius_allgemeine_1855,
	address = {Berlin},
	title = {Das allgemeine linguistische \{{Alphabet}\}: \{{Grundsätze}\} der Übertragung fremder \{{Schriftsysteme}\} und bisher noch ungeschriebener \{\{{Sprachen}\}\} in europäische \{{Buchstaben}\}},
	publisher = {Verlag von Wilhelm Hertz},
	author = {Lepsius, Karl Richard},
	year = {1855},
}

@article{thomas_veroffentlichungen_1909,
	title = {Veröffentlichungen aus dem städtischen \{{Voelker}\}-\{{Museum}\} \{\{{Frankfurt}\}\} am \{{Main}\}: \{{I}\}: {C}. {Strehlow}, {Die} {Aranda}-und {Loritja}-{Staemme} in {Zentral}-{Australien}, {II} {Teil}. {Frankfurt}: {Baer} \& {Co}., 1908},
	volume = {20},
	number = {1},
	journal = {Folklore},
	author = {Thomas, Northcote W},
	year = {1909},
	note = {Number: 1
Publisher: Baer \& Co
Place: Frankfurt},
	pages = {125--127},
}

@incollection{blake_introduction_1991,
	address = {Canberra},
	title = {Introduction},
	volume = {4},
	booktitle = {1991 \{{Handbook}\} of \{\{{Australian}\}\} languages},
	publisher = {Australian National University Press},
	author = {Blake, Barry J and Dixon, Robert Malcom Ward},
	editor = {Dixon, Robert Malcolm Ward and Blake, Barry J},
	year = {1991},
	pages = {1--28},
}

@book{curr_australian_1886,
	address = {Melbourne},
	title = {The \{\{\{{Australia}\}n\}\} race: \{{Its}\} origin, languages, customs, place of landing in \{\{{Australia}\}\}, and the routes by which it spread itself over the continent},
	publisher = {Government Printer},
	author = {Curr, Edward Micklethwaite},
	year = {1886},
}

@incollection{shnukal_at_1998,
	address = {Cambridge},
	title = {At the \{\{{Australian}\}\}-\{\{{Papuan}\}\} linguistic boundary: \{{Sidney}\} \{{Ray}\}’s classification of \{{Torres}\} \{{Strait}\} languages},
	booktitle = {Cambridge and the {Torres} {Strait}: {Centenary} essays on the 1898 {Anthropological} {Expedition}},
	publisher = {Cambridge University Press},
	author = {Shnukal, Anna},
	editor = {Rouse, Sandra and Herle, Anita},
	year = {1998},
	note = {Publication Title: At the \{\{Australian\}\}-\{\{Papuan\}\} linguistic boundary: \{Sidney\} \{Ray\}’s classification of \{Torres\} \{Strait\} languages},
	pages = {181--200},
}

@article{austin_switch_1981,
	title = {Switch reference in \{\{{Australia}\}\}},
	volume = {57},
	number = {2},
	journal = {Language},
	author = {Austin, Peter},
	year = {1981},
	note = {Number: 2},
	pages = {309--334},
}

@book{gardner_language_1996,
	address = {Ensay},
	title = {The \{{Language}\} of the \{{Kurnai}\} \{{Tribes}\} of \{{Gippsland}\}: \{\{{W}\}\}ith notes on grammar and pronunciation by \{{R}\}.\{{H}\}. \{{Mathews}\} and \{{Kurnai}\}-\{\{\{{English}\}\}\} and \{\{\{{English}\}\}\}- \{{Kurnai}\} vocabularies},
	publisher = {Ngarak Press},
	author = {Gardner, Peter D and Mathews, Robert Henry},
	year = {1996},
}

@book{marmion_national_2005,
	address = {Canberra},
	title = {National \{{Indigenous}\} languages \{{Survey}\} report},
	publisher = {AIATSIS},
	author = {Marmion, Doug and McConvell, Patrick and McNicol, Sally},
	year = {2005},
}

@book{mcnally_aborigines_1981,
	address = {Adelaide},
	title = {Aborigines, artefacts and anguish},
	publisher = {Lutheran Publishing House},
	author = {McNally, Ward},
	year = {1981},
}

@misc{howitt_vogelsang_nodate,
	title = {Letter to \{{H}\}. \{{H}\}. \{{V}\}ogelsang},
	author = {Howitt, Alfred William},
	year = {1879},
}

@book{dixon_ergativity_1994,
	address = {Cambridge},
	title = {Ergativity},
	publisher = {Cambridge University Press},
	author = {Dixon, Robert Malcolm Ward},
	year = {1994},
}

@incollection{stockigt_inpress,
	address = {Oxford},
	title = {Nineteenth-century classification of \{\{{Australian}\}\} languages},
	booktitle = {\{{Oxford}\} {Guide} to \{{Australian}\} languages},
	publisher = {Oxford University Press},
	author = {Stockigt, Clara},
	editor = {Bowern, Claire},
	year = {2022},
	pages = {{\textbackslash}biberror\{no pages\}},
}

@book{ferguson_bibliography_1951,
	address = {Sydney},
	title = {Bibliography of \{\{{Australia}\}\}},
	volume = {3},
	publisher = {Angus and Robertson. Repr},
	author = {Ferguson, John Alexander},
	year = {1951},
}

@book{threlkeld_key_1850,
	address = {Sydney},
	title = {A key to the \{\{{Aboriginal}\}\} language being an analysis of the various modifications of the verb},
	publisher = {Kemp and Fairfax},
	author = {Threlkeld, Lancelot Edward},
	year = {1850},
}

@unpublished{leonhardi_letter_1909,
	address = {Alice Springs},
	title = {Letter to \{{Carl}\} \{{Strehlow}\} 12/02/1909, written in \{\{{Germany}\}\}.},
	author = {Leonhardi, Moritz von},
	translator = {The NT Interpreter {and} Translator Service},
	year = {1909},
}

@unpublished{gunther_native_1838,
	address = {Sydney},
	title = {The native dialect \{{Wirradhurri}\} spoken in the \{{Wellington}\} \{{District}\}},
	author = {Günther, James Wilhelm},
	year = {1838},
	annote = {Wiradjuri grammar, pp. 337-379
},
}

@book{spencer_native_1899,
	address = {London},
	title = {The \{{Native}\} \{{Tribes}\} of \{\{{Central}\}\} \{\{{Australia}\}\}},
	publisher = {Macmillan},
	author = {Spencer, Walter Baldwin and Gillen, Francis James},
	year = {1899},
}

@incollection{kelly_mcconvell_2018,
	address = {Canberra},
	title = {Evolving perspectives in \{\{{Aboriginal}\}\} social organization: \{\{{F}\}\}rom mutual misrecognition to kinship renaissance},
	booktitle = {Skin, {Kin} and {Clan}: {The} dynamics of social categories in {Indigenous} {Australia}},
	publisher = {ANU Press},
	author = {Kelly, Piers and McConvell, Patrick},
	editor = {McConvell, Patrick and Kelly, Piers and Lacrampe, Sebastien},
	year = {2018},
	note = {Publication Title: Skin, Kin and Clan: \{T\}he dynamics of social categories in \{Indigenous \{Australia\}\}},
	pages = {21--42},
}

@book{vollmann_descriptions_2008,
	address = {Graz},
	title = {Descriptions of \{\{{Tibetan}\}\} ergativity: \{{A}\} historiographical account},
	publisher = {Leykam},
	author = {Vollmann, Ralf},
	year = {2008},
}

@book{rouse_cambridge_1998,
	address = {Cambridge},
	title = {\{{Cambridge}\} and the \{{Torres}\} \{{Strait}\}: \{{Centenary}\} essays on the 1898 \{{Anthropological}\} \{{Expedition}\}},
	publisher = {Cambridge University Press},
	editor = {Rouse, Sandra and Herle, Anita},
	year = {1998},
	note = {Publication Title: \{Cambridge\} and the \{Torres\} \{Strait\}: \{Centenary\} essays on the 1898 \{Anthropological\} \{Expedition\}},
}

@phdthesis{bannister_longitudinal_2004,
	type = {Honours thesis},
	title = {A longitudinal study of \{{Ngarrindjeri}\}},
	school = {University of Sydney},
	author = {Bannister, Corinne},
	year = {2004},
}

@book{bleek_library_1858,
	address = {London},
	title = {The \{{Library}\} of \{{His}\} \{{Excellency}\} \{{Sir}\} \{{George}\} \{{Grey}\}, \{{K}\}.\{{C}\}.\{{B}\} \{{Philology}\}, \{\{{Australia}\}\}},
	volume = {II Part I.},
	publisher = {Trübner and Co},
	author = {Bleek, Wilhelm Heinrich Immanuel},
	year = {1858},
}

@book{haeckel_history_1876,
	address = {London},
	title = {The history of creation},
	publisher = {King},
	author = {Haeckel, Ernst},
	year = {1876},
	annote = {first published in German 1868.},
}

@incollection{sutton_australian_1979,
	address = {Canberra},
	title = {\{{Australian}\} language names},
	booktitle = {Australian {Linguistic} {Studies}},
	publisher = {Pacific Linguistics},
	author = {Sutton, Peter},
	editor = {Wurm, Stephen A},
	year = {1979},
	note = {Publication Title: \{Australian\} language names},
	pages = {87--105},
}

@book{holmer_history_1963,
	address = {Sweden},
	title = {On the history and structure of the \{\{{Australian}\}\} languages},
	publisher = {Lundequistska Upsala},
	author = {Holmer, Nils Magnus},
	year = {1963},
}

@book{Wilkes1845,
	address = {Philadelphia},
	title = {Narrative of the \{\{{United} {States}\}\} {Exploring} {Expedition} during the years 1838, 1839, 1840, 1841, 1842. \{{V}\}ol. 1–5},
	publisher = {Lea and Blanchard},
	author = {Wilkes, Charles},
	year = {1845},
}

@book{threlkeld_australian_1834,
	address = {Sydney},
	title = {An \{\{{Australian}\}\} grammar: \{{Comprehending}\} the principles and natural rules of the language, as spoken by the \{{Aborigines}\} in the vicinity of \{{Hunter}\}’s \{{River}\}, \{\{{Lake}\}\} \{\{{Macquarie}\}\}, \&c., {New} {South} {Wales}.},
	publisher = {Stephens \& Stokes},
	author = {Threlkeld, Lancelot Edward},
	year = {1834},
}

@phdthesis{singer_inclusory_2001,
	type = {Honours thesis},
	title = {The inclusory constructions in \{\{{Australian}\}\} languages},
	school = {University of Melbourne},
	author = {Singer, Ruth},
	year = {2001},
}

@book{amery_warrabarna_2016,
	address = {Lisse},
	title = {Warrabarna \{{Kaurna}\}! \{{Reclaiming}\} an \{\{{Australian}\}\} language},
	url = {https://www.adelaide.edu.au/press/titles/kaurna/},
	publisher = {Swets and Zeitlinger publishers},
	author = {Amery, Rob},
	year = {2016},
}

@unpublished{schwarz_koko_1900,
	address = {Canberra},
	title = {Koko \{{Yimidir}\}: \{{Guugu}\}-\{{Yimidhirr}\} grammatical notes in \{\{{German}\}\}},
	author = {Schwarz, Georg Heinrich and Poland, Wilhelm Georg Friedrich},
	year = {1900},
}

@book{graetz_open_1988,
	address = {Adelaide},
	title = {An open book},
	publisher = {Lutheran Publishing House},
	author = {Graetz, Joyce},
	year = {1988},
}

@book{oihenart_notitia_1638,
	address = {Paris},
	title = {Notitia utriusque \{{Vasconiae}\}},
	publisher = {Cramoisy},
	author = {Oihenart, Arnaud},
	year = {1638},
}

@unpublished{reuther_dieri_1894,
	address = {Adelaide},
	title = {Dieri grammar and dictionary},
	author = {Reuther, Johann Georg},
	year = {1894},
	annote = {Unpublished ms.
Publisher: Lutheran Archives, Adelaide. Box 22 Immanuel Synod–Bethesda Mission},
}

@book{muller_letters_1854,
	address = {London},
	title = {Letters to \{{Chevalier}\} \{{Bunsen}\} on the classification of the \{{Turanian}\} languages},
	publisher = {A \& G. A. Spottiswoode},
	author = {Müller, Friedrich Max},
	year = {1854},
}

@incollection{dixon_preface_2002,
	address = {Munich},
	title = {Preface},
	booktitle = {A study of the phonetics and phonology of the {Yaraldi} and associated dialects},
	publisher = {Lincom Europa},
	author = {Dixon, Robert Malcolm Ward},
	collaborator = {McDonald, Maryalyce},
	year = {2002},
	note = {Publication Title: Preface},
	pages = {7--8},
}

@incollection{Jacobs1886b,
	address = {Melbourne},
	title = {\{{No}\}. 44. – {The} north shore of \{{Lake}\} {Eyre}},
	volume = {II},
	booktitle = {The \{\{\{{Australia}\}n\}\} race: \{{Its}\} origin, languages, customs, place of landing in \{\{{Australia}\}\}, and the routes by which it spread itself over the continent},
	publisher = {John Ferres},
	author = {Jacobs, F E (sic. Johann Ernst Jacob)},
	editor = {Curr, Edward Micklethwaite},
	year = {1886},
	pages = {14--15},
}

@book{lowth_short_1762,
	address = {London},
	title = {A short introduction to \{\{{English}\}\} grammar with critical notes},
	publisher = {A. Millar and R. and J. Dodsley},
	author = {Lowth, Robert},
	year = {1762},
}

@incollection{ridley_gurre_1892,
	address = {Sydney},
	title = {Gurre \{{Kamilaroi}\} — ‘\{{Kamilaroi}\} sayings’},
	volume = {Part IV},
	booktitle = {An {Australian} language as spoken by the {Awabakal}, the people of {Awaba}, or {Lake} {Macquarie} (near {Newcastle} {New} {South} {Wales}): {Being} an account of their language, traditions and customs, by {L}.{E}. {Threlkeld}; rearranged, condensed and edited with an appendix by {John} {Fraser}},
	publisher = {Charles Potter Government Printer},
	author = {Ridley, William},
	collaborator = {Fraser, John and Threlkeld, Lancelot Edward},
	year = {1892},
	note = {Publication Title: Gurre \{Kamilaroi\} — ‘\{Kamilaroi\} sayings’},
	pages = {127--131},
}

@article{thrax_tekne_1986,
	title = {The \{{Tekhnē}\} \{{Grammatikē}\} of \{{Dionysius}\} \{{Thrax}\}, transl. \{\{{I}\}\}nto \{{English}\} by {J}. \{\{{A}\}\}lan {Kemp}},
	volume = {13},
	number = {2/3},
	journal = {Historiographia Linguistica},
	author = {Kemp, J Alan},
	translator = {Kemp, J. Alan},
	year = {1986},
	pages = {343--363},
}

@article{black_vocabularies_1920,
	title = {Vocabularies of four \{\{{South}\}\} \{\{{Australian}\}\} languages, \{{Adelaide}\}, \{{Narrunga}\}, \{{Kukata}\} and \{\{{Narrinyeri}\}\}, with special reference to their speech sounds},
	volume = {44},
	journal = {Transactions of the Royal Society of South Australia},
	author = {Black, John McConnell},
	year = {1920},
	pages = {76--93},
}

@incollection{gale_nothing_2011,
	address = {Adelaide},
	title = {Nothing pleasing to impart? \{{H}\}.\{{A}\}.\{\{{E}\}\} \{\{{Meyer}\}\} at \{\{{E}\}ncounter\} \{{Bay}\}, 1840-1848},
	booktitle = {Germans: {Travellers}, settlers and their descendants in {South} {Australia}},
	publisher = {Wakefield Press},
	author = {Gale, Mary-Anne},
	editor = {Monteath, Peter},
	year = {2011},
	note = {Publication Title: Nothing pleasing to impart? \{H\}.\{A\}.\{\{E\}\} \{\{Meyer\}\} at \{\{E\}ncounter\} \{Bay\}, 1840-1848},
	pages = {63--80},
}

@book{boas_handbook_1911,
	address = {Washington},
	title = {The handbook of \{\{{American}\}\} \{\{{Indian}\}\} languages},
	publisher = {Government Printing Office},
	author = {Boas, Franz},
	year = {1911},
}

@article{ogrady_languages_1966,
	title = {Languages of the world: \{\{{Indo}\}\}-\{\{{Pacific}\}\} \{{Fascicle}\} 6},
	volume = {8},
	number = {2},
	journal = {Anthropological Linguistics},
	author = {O'Grady, Geoffrey N and Voegelin, Carl F and Voegelin, Frances M},
	year = {1966},
	pages = {162--197},
	annote = {With appendix by Ken Hale, Linngithigh pp.176-197
},
}

@article{gara_life_1990,
	title = {The life of \{{Ivaritji}\} (‘\{{Princess}\} \{\{{Amelia}\}\}’) of the \{{Adelaide}\} \{{Tribe}\}},
	volume = {28},
	number = {1-2},
	journal = {Journal of the Anthropological Society of South Australia},
	author = {Gara, Tom},
	year = {1990},
	note = {Number: 1-2},
	pages = {64--105},
}

@article{koch_eastern_1997,
	title = {\{{Eastern}\} and \{\{{Central}\}\} \{{Arrernte}\} to \{\{{English}\}\} \{{Dictionary}\} [\{\{{Book}\}\} review},
	volume = {21},
	journal = {Aboriginal History},
	author = {Koch, Harold and Turpin, Myfany},
	year = {1997},
	pages = {233--237},
}

@book{strehlow_tale_2011,
	address = {London},
	title = {The tale of \{{Frieda}\} \{{Keysser}\}},
	volume = {I},
	publisher = {Wild Cat Press},
	author = {Strehlow, John},
	year = {2011},
}

@book{hebart_united_1938,
	address = {North Adelaide},
	title = {The \{\{{U}\}nited\} \{\{{E}\}vangelical\} \{{Lutheran}\} \{{Church}\} in \{\{{Australia}\}\} (\{\{{U}\}\}.\{\{{E}\}\}.\{{L}\}.\{{C}\}.\{{A}\}): \{{Its}\} history, activities and characteristics},
	publisher = {Lutheran Book Depot},
	author = {Hebart, Theodor},
	year = {1938},
}

@article{gabelentz_uber_1861,
	title = {Über das \{{Passivum}\}: \{{Eine}\} sprachvergleichende \{{Abhandlung}\}. \{{Abhandlungen}\} der philologisch-historischen \{{Classe}\} der \{{Königlich}\}-\{{Sächsischen}\}},
	volume = {8},
	journal = {Gesellschaft der Wissenschaften},
	author = {von der Gabelentz, Hans Conan},
	year = {1861},
	pages = {449--546},
}

@book{Latz2014,
	address = {Alice Springs},
	title = {\{{Moses} {Tjalkabota} {Uraiakuraia}\}, \{{Aranda}\} \{{Man}\} of {High} {Degree} and \{\{{Christian}\}\} {Evangelist}},
	publisher = {The author},
	author = {Latz, Peter},
	year = {2014},
}

@phdthesis{bridges_church_1978,
	address = {Sydney},
	type = {Ph.{D}. thesis},
	title = {The \{{Church}\} of \{\{{England}\}\} and the \{{Aborigines}\} of \{{New}\} \{\{{South}\}\} \{\{{Wales}\}\} 1788-1855},
	school = {The University of New South Wales},
	author = {Bridges, Barry John},
	year = {1978},
	annote = {Unpublished Ph.D. thesis.},
}

@article{Robins_1959,
	title = {In defence of \{\{{WP}\}\}},
	volume = {58},
	number = {1},
	journal = {Transactions of the Philological Society},
	author = {Robins, Robert Henry},
	year = {1959},
	pages = {116--144},
}

@incollection{hagenauer_language_1878,
	address = {Melbourbe},
	title = {Language of the natives of the \{{Pine}\} \{{Plain}\} \{{Tribe}\}, \{\{{North}\}\} \{{Wimmera}\}, and generally understood in the \{\{{Western}\}\} \{{District}\}, the \{{Loddon}\} and \{{Swan}\} \{{Hill}\}},
	volume = {II Language},
	booktitle = {The {Aborigines} of {Victoria}: {With} notes relating to the habits of the natives of other parts of {Australia}},
	publisher = {Government Printer for the Government of Victoria},
	author = {Hagenauer, Friedrich August},
	collaborator = {Brough Smyth, Robert},
	year = {1878},
	pages = {24--39},
}

@article{schulze_aborigines_1890,
	title = {The \{{Aborigines}\} of the upper and middle \{{Finke}\} \{{River}\}},
	volume = {14},
	journal = {Transactions and Proceedings and Reports of the Royal Society of South Australia},
	author = {Schulze, Louis Gustav},
	year = {1890},
	pages = {210--246},
}

@unpublished{leonhardi_letter_1905,
	address = {Alice Springs},
	title = {Letter to \{{Carl}\} \{{Strehlow}\} 09/09/1905 written in \{\{{Germany}\}\}.},
	author = {Leonhardi, Moritz von},
	translator = {The NT Interpreter {and} Translator Service},
	year = {1905},
}

@unpublished{leonhardi_letter_1907,
	address = {Alice Springs},
	title = {Letter to \{{Carl}\} \{{Strehlow}\} 1907 written in \{\{{Germany}\}\}.},
	author = {Leonhardi, Moritz von},
	translator = {The NT Interpreter {and} Translator Service},
	year = {1907},
}

@unpublished{blake_nineteenth-century_2015,
	address = {Melbourne},
	title = {Nineteenth-century linguists in the south-east: {Their} cultural legacy.},
	author = {Blake, Barry J},
	year = {2015},
}

@misc{philological_society_great_britain_ablative_1933,
	address = {Oxford},
	title = {Ablative},
	volume = {1},
	journal = {The Oxford English Dictionary},
	publisher = {The Clarendon Press},
	author = {Philological Society (Great Britain)},
	year = {1933},
}

@misc{philological_society_great_britain_absolutive_1933,
	address = {Oxford},
	title = {Absolutive},
	journal = {The Oxford English Dictionary},
	publisher = {The Clarendon Press},
	author = {Philological Society (Great Britain)},
	year = {1933},
}
