% Encoding: UTF-8
@book{albrecht_mission_2002,
        ids= {Albrecht2002},
	address = {Adelaide},
	title = {From mission to {Church} 1877-2002},
	publisher = {Finke River Mission},
	author = {Albrecht, Paul G. E.},
	year = {2002},
}

@incollection{alpher_western_2008,
	address = {Amsterdam \& Philadelphia},
	title = {Western {Torres} {Strait} language classification and development},
	booktitle = {2008 {Morphology} and language history: {In} honour of {Harold} {Koch}},
	publisher = {John Benjamins},
	author = {Alpher, Barry and O'Grady, Geoff and Bowern, Claire},
	editor = {Bowern, C. and Evans, B. and Miceli, L.},
	year = {2008},
	pages = {1--15},
}

@article{anderson_miserablest_2007,
	title = {The miserablest people in the {World}: {Race} humanism and the {Australian} {Aborigine}},
	volume = {18},
	number = {1},
	journal = {The Australian Journal of Anthropology},
	author = {Anderson, Kay and Perrin, Colin},
	year = {2007},
}

@article{amery_warrabarna_2016,
        ids = {Amery2016},
	title = {Warrabarna {Kaurna}! {Reclaiming} an {Australian} language},
	url = {https://www.adelaide.edu.au/press/titles/kaurna/},
	author = {Amery, Rob},
	year = {2016},
	address = {Lisse},
	publisher = {Swets and Zeitlinger publishers},
}

@book{amery_kulurdu_2013,
        ids = {AmerySimpson2013},
	address = {Adelaide},
	title = {Kulurdu marni ngathaitya! {Sounds} good to me!: {A} {Kaurna} learner’s guide},
	publisher = {Kaurna Warra Pintyanthi in association with Wakefield Press},
	author = {Amery, R. and Simpson, Jane},
	year = {2013},
}

@article{armstrong_manners_1836,
	title = {Manners and habits of the {Aborigines} of {Western} {Australia}},
	journal = {Perth Gazette and Western Australian Journal},
	author = {Armstrong, Francis},
	editor = {Green, N.},
	year = {1836},
	address = {Perth},
	publisher = {Creative Research},
	pages = {789--90},
}

@book{aronoff_morphology_1994,
	address = {Cambridge Mass},
	title = {Morphology by itself},
	publisher = {MIT Press},
	author = {Aronoff, Mark},
	year = {1994},
}

@phdthesis{austin_grammar_1978,
        ids = {Austin1978},
	title = {A grammar of {Diyari}, {South} {Australia}},
	school = {Australian National University},
	author = {Austin, Peter},
	year = {1978},
}

@book{austin_grammar_1981,
    ids={Austin1981},
	address = {Cambridge},
	title = {A grammar of {Diyari}, {South} {Australia}},
	publisher = {Cambridge University Press},
	author = {Austin, Peter},
	year = {1981},
	annote = {Revised and updated as electronic resource, 2013.},
}

@article{austin_switch_1981,
	title = {Switch reference in {Australia}},
	volume = {57},
	number = {2},
	journal = {Language},
	author = {Austin, Peter},
	year = {1981},
	pages = {309--334},
}

@incollection{austin_notitle_1981,
	booktitle = {Editor’s notes on ‘{Diari}’, ‘{Wonkanguru}” and ‘{Jandruwanta}’. {In} {Hercus} \& {Schwarzschild}},
	author = {Austin, P.},
	year = {1981},
	pages = {26--28 53--55 73--77},
}

@Book{Hercus_Schwarzschild1981,
  ids = {a_three_1981},
  author    = {Hercus, L. A. and Schwarzschild, Theodora},
  editor    = {Hercus, L. A. and Breen, J. G.},
  publisher = {Australian Institute of Aboriginal Studies},
  title     = {Three Central Australian Grammars. Diari Wonkanguru Jandruwanta},
  year      = {1981},
  note      = {(Repr. and transl. on microfiche of J. G. Reuther 1899-1901)},
}

@book{reuther_three_1981,
	title = {Three {Central} {Australian} {Grammars}. {Diari} {Wonkanguru} {Jandruwanta}. {Repr}. and transl},
	author = {Reuther, J. G.},
	editor = {Hercus, Luise A. and Schwarzschild, Theodora},
	year = {1981},
}





@book{austin_dictionary_1992,
	address = {Bundoora, Victoria},
	title = {A dictionary of {Gamilaraay} {Northern} {New} {South} {Wales}},
	publisher = {La Trobe University, Dept. of Linguistics},
	author = {Austin, P.},
	year = {1992},
}

@book{austin_reference_1993,
	ids = {Austin1993},
	title = {A reference grammar of {Gamilaraay}},
	url = {https://www.academia.edu/2457676/A_Reference_Grammar_of_Gamilaraay_northern_New_South_Wales},
	author = {Austin, P.},
	year = {1993},
	annote = {northern New South Wales (first draft 1989},
}

@book{austin_double_1995,
	address = {New York},
	title = {Double case marking in {Kanyara} and {Mantharta} languages, {Western} {Australia}},
	publisher = {Oxford University Press},
	author = {Austin, P.},
	editor = {Plank, F.},
	year = {1995},
}

@book{austin_gamilaraay_2008,
	title = {The {Gamilaraay} ({Kamilaroi}) language, northern {New} {South} {Wales} — a brief history of research},
	author = {Austin, P.},
	editor = {{McGregor}},
	year = {2008},
}

@book{austin_grammar_2013,
        ids = {Austin2013},
	address = {Cambridge},
	title = {A grammar of {Diyari}, {South} {Australia}. {Published} 1981},
	publisher = {Cambridge University Press},
	author = {Austin, P.},
	year = {2013},
	annote = {Retrieved from www.academia.edu/2491078/A\_Grammar of Diyari South Australia.},
}

@inproceedings{baerman_case_2002,
	address = {Chicago},
	title = {Case syncretism in and out of {Indo}-{European}},
	volume = {I},
	booktitle = {2002 {CLS} {The} main session. {Papers} from the 37th meeting of the {Chicago} {Linguistic} {Society}},
	publisher = {Chicago Linguistics Society},
	author = {Baerman, Matthew and Brown, Dunstan P. and Corbett, Greville G.},
	editor = {Andronis, Ball and {Elston} and {Neuvel}},
	year = {2002},
	pages = {15--28},
}

@book{baker_word_2014,
	title = {Word structure in {Australian} languages},
	author = {Baker, Brett},
	editor = {{Koch} and {Nordlinger}},
	year = {2014},
}

@phdthesis{bannister_longitudinal_2004,
        ids = {Bannister2004},
	type = {Unpublished {Honours} thesis,},
	title = {A longitudinal study of {Ngarrindjeri}},
	school = {University of Sydney},
	author = {Bannister, Corinne},
	year = {2004},
}

@article{herbert_vergleichende_1908,
	title = {Vergleichende {Vokabularien} der {Aluridja} – und – {Arunndta} {Dialekte} {Zentral}-{Australiens}},
	volume = {40},
	journal = {Zeitschrift für Etnologie},
	author = {Herbert, Basedow},
	year = {1908},
	pages = {207--228},
}

@book{bauer_grundzuge_1871,
        ids = {Bauer1871},
	address = {\biberror{Nördlichen}},
	title = {Grundzüge der {Neuhochdeutschen} {Grammatik} für höhere {Bildungs}-{Anstalten}},
	publisher = {C. H. Beck},
	author = {Bauer, Friedrich},
	year = {1871},
}

@article{berndt_initiation_1941,
	title = {The initiation of native doctors, {Dieri} tribe, {South} {Australia}},
	volume = {6},
	journal = {Records of the South Australia Museum},
	author = {Berndt, Ronald Murray and Vogelsang, Theodore},
	year = {1941},
	pages = {369--380},
}

@article{black_vocabularies_1920,
        ids = {Black1910},
	title = {Vocabularies of four {South} {Australian} languages, {Adelaide}, {Narrunga}, {Kukata} and {Narrinyeri}, with special reference to their speech sounds},
	volume = {44},
	journal = {Transactions of the Royal Society of South Australia},
	author = {Black, John McConnell},
	year = {1920},
	pages = {76--93},
}

@book{blake_case_1977,
        ids = {Blake1977},
	address = {Canberra},
	title = {Case marking in {Australian} languages},
	publisher = {Australian Institute of Aboriginal Studies},
	author = {Blake, Barry J.},
	year = {1977},
}

@book{blake_australian_1979,
	title = {Australian case systems},
	author = {Blake, Barry J.},
	editor = {Wurm, Stephen A.},
	year = {1979},
}

@book{blake_pitta_1979,
	title = {Pitta {Pitta}},
	language = {fi},
	author = {Blake, Barry J.},
	editor = {R. M. W. {Dixon} and B. J. {Blake}},
	year = {1979},
}

@book{blake_australian_1981,
	address = {Sydney},
	title = {Australian {Aboriginal} languages},
	publisher = {Angus and Robertson},
	author = {Blake, Barry J.},
	year = {1981},
}

@book{blake_case_2001,
	ids  = {blake_1994, blake1994},
	address = {Cambridge},
	edition = {2},
	title = {Case},
	publisher = {Cambridge University Press},
	author = {Blake, Barry J.},
	year = {2001},
}

@book{blake_nineteenth-century_2016,
        ids = {Blake2016},
	address = {London},
	title = {Nineteenth-century linguists in the south-east: {Their} cultural legacy},
	publisher = {EL Publishing},
	author = {Blake, Barry J.},
	editor = {Austin, Peter and Koch, Harold and Simpson, Jane},
	year = {2016},
}

@incollection{blake_nineteenth-century_2015,
        ids = {Blake2015},
	title = {Nineteenth-century linguists in the south-east: {Their} cultural legacy},
	booktitle = {{MS} of article of the same name},
	author = {Blake, Barry J.},
	year = {2015},
	annote = {forthcoming, held by the author.},
}

@article{blake_pitta-pitta_1971,
        ids = {BlakeBreen1971},
	title = {The {Pitta}-{Pitta} dialects},
	volume = {4},
	journal = {Linguistic Communications},
	author = {Blake, Barry J. and Breen, J. G.},
	year = {1971},
	address = {Melbourne},
	publisher = {Monash University},
}

@incollection{blake_introduction_1991,
	address = {Canberra},
	title = {Introduction},
	volume = {4},
	booktitle = {1991 {Handbook} of {Australian} languages},
	publisher = {Australian National University Press},
	author = {Blake, Barry J. and Dixon, R. M. W.},
	editor = {{Dixon} and {Blake}},
	year = {1991},
	pages = {1--28},
}

@book{bleek_library_1858,
        ids = {Bleek1858},
	address = {London},
	title = {The {Library} of {His} {Excellency} {Sir} {George} {Grey}, {K}.{C}.{B} {Philology}, {Australia}},
	volume = {II Part I. Australia},
	publisher = {Trübner and Co},
	author = {Bleek, Wilhelm Heinrich Immanuel},
	year = {1858},
}

@article{bleek_position_1872,
	ids = {bleek1871},
	title = {On the position of the {Australian} languages},
	volume = {1},
	journal = {Journal of the Anthropological Institute of Great Britain and Ireland},
	author = {Bleek, W. H.I.},
	year = {1872},
	pages = {89--104},
}

@article{bleek_inquiries_1874,
        ids = {Bleek1874},
	title = {Inquiries into {Australian} {Aboriginal} folklore. {In} {Report} of the sub-protector of {Aborigines} for the half year ending},
	volume = {31},
	url = {http://aiatsis.gov.au/sites/default/files/docs/digitised_collections/remove/59891},
	journal = {December},
	author = {Bleek, W. H.I.},
	year = {1874},
	pages = {6--7},
	urldate  = {2015-12-11},
}

@incollection{blevins_word-based_2013,
	address = {Oxford},
	title = {Word-{Based} {Morphology} from {Aristotle} to {Modern} {WP} ({Word} and {Paradigm} {Models}},
	volume = {16},
	booktitle = {2013 {The} {Oxford} {Handbook} of the {History} of {Linguistic}},
	publisher = {Oxford University Press},
	author = {Blevins, James P.},
	editor = {Allen, K.},
	year = {2013},
	pages = {375--396},
}

@book{boas_handbook_1911,
	address = {Washington},
	title = {The handbook of {American} {Indian} languages},
	publisher = {Government Printing Office},
	author = {Boas, Franz},
	year = {1911},
}

@incollection{bowern_anotherlook_2006,
author = {Bowern, Claire},
year = {2006},
pages = {244--265},
title = {Another look at Australia as a linguistic area},
booktitle = {Linguistic areas},
editor = {Matras, Y. and McMahon, A. and Vincent, N.},
address = {Basingstoke},
publisher = {Palgrave Macmillan}
}

@book{bowern_australian_2004,
	address = {Amsterdam \& Philadelphia},
	title = {Australian languages: {Classification} and the comparative method},
	publisher = {John Benjamins},
	editor = {Bowern, Claire and Koch, Harold},
	year = {2004},
}

@article{bowern_computational_2012,
        ids = {BowernAtkinson2002},
	title = {Computational phylogenetics and the internal structure of {Pama}-{Nyungan}},
	volume = {88},
	number = {4},
	journal = {Language},
	author = {Bowern, Claire and Atkinson, Quentin},
	year = {2012},
	pages = {817--845},
}

@book{brauer_history_1956,
        ids = {Brauer1956},
	address = {Adelaide},
	title = {History of the {Evangelical} {Lutheran} {Church}},
	publisher = {Lutheran Publishing House},
	author = {Brauer, Alfred},
	year = {1956},
}

@book{breen_gugadj_1976,
        ids = {Breen1976},
	address = {Canberra},
	title = {Gugadj and {Gog}-nar: {A} contrastive sketch},
	publisher = {Australian Institute of Aboriginal Studies},
	author = {Breen, J. Gavan},
	editor = {Sutton, Peter},
	year = {1976},
}

@book{breen_introductory_2000,
        ids = {Breen200},
	address = {Alice Springs},
	title = {Introductory dictionary of {Western} {Arrernte}},
	publisher = {IAD Press},
	author = {Breen, J. G.},
	year = {2000},
}

@book{breen_wonders_2001,
        ids = {Breen2001},
	address = {Canberra},
	title = {The wonders of {Arandic} phonology},
	publisher = {Pacific Linguistic Series},
	author = {Breen, J. G.},
	editor = {Simpson, Jane and Nash, David and Laughren, Mary},
	year = {2001},
}

@incollection{breen_we_2008,
	address = {California},
	title = {{WE} {Roth} and the study of {Aboriginal} languages in {Queensland}},
	booktitle = {The {Roth} family, anthropology \& {Colonial} administration},
	publisher = {Left Coast Press},
	author = {Breen, J. G.},
	editor = {McDougall, Russell and Davidson, Iain},
	year = {2008},
	pages = {133--156},
}

@phdthesis{bridges_church_1978,
        ids = {Bridges1978},
	address = {Sydney},
	title = {The {Church} of {England} and the {Aborigines} of {New} {South} {Wales} 1788-1855},
	school = {The University of New South Wales},
	author = {Bridges, Barry John},
	year = {1978},
	annote = {Unpublished Ph.D. thesis.},
}

@incollection{smyth_aborigines_1878,
	address = {Melbourne},
	title = {The {Aborigines} of {Victoria}: {With} notes relating to the habits of the natives of other parts of {Australia}},
	booktitle = {{II}: {Language}},
	publisher = {Government Printer for the Government of Victoria},
	author = {{Brough Smyth}, {Robert}},
	booktitle = {\biberror{no booktitle}},
	year = {1878},
}


@incollection{thomas_succinct_1878,
	title = {Succinct sketch of the {Aboriginal} Language},
	author = {Thomas, William},
	booktitle = {\biberror{no booktitle}},
	editor = {{Brough Smyth}, Robert},
	year = {1878},
}


@incollection{hagenauer_language_1878,
	title = {Language of the natives of the {Pine} {Plain} {Tribe}, {North} {Wimmera}, and generally understood in the {Western} {District}, the {Loddon} and {Swan} {Hill}},
	booktitle = {\biberror{no booktitle}},
	author = {Hagenauer, Friedrich August},
	year = {1878},
	pages = {24--39},
}



@incollection{bulmer_language_1878,
        ids = {Bulmer1878},
	title = {Language of the natives},
	author = {Bulmer, John},
	booktitle = {\biberror{no booktitle}},
	editor = {\biberror{Smyth, Brough}},
	year = {1878},
}

@book{campbell_american_1997,
	address = {Oxford},
	title = {American {Indian} languages},
	publisher = {Oxford University Press},
	author = {Campbell, Lyle},
	year = {1997},
}

@article{capell_structure_1937,
	title = {The structure of {Australian} languages},
	volume = {8},
	number = {1},
	journal = {Oceania},
	author = {Capell, Arthur},
	year = {1937},
	pages = {27--61},
}

@article{capell_new_1956,
	title = {A new approach to {Australian} languages},
	volume = {1},
	journal = {Oceania Linguistic Monographs},
	author = {Capell, A.},
	year = {1956},
	address = {Sydney},
	publisher = {University of Sydney},
}

@unpublished{capell_outline_1958,
	address = {Canberra},
	title = {Outline of {Aranda} structure},
	author = {Capell, A.},
	year = {1958},
	note = {Publisher: Australian Institute of Aboriginal and Torres Islander Studies},
	annote = {Unpublished ms.},
}

@incollection{capell_history_1970,
	address = {The Hague},
	title = {History of research in {Australian} and {Tasmanian} languages},
	volume = {8},
	booktitle = {Current trends in linguistics},
	publisher = {Mouton},
	author = {Capell, A.},
	editor = {Sebeok, Thomas A.},
	year = {1970},
	pages = {661--720},
}

@inproceedings{carey_lancelot_2004,
	address = {Amsterdam \& Philadelphia},
	title = {Lancelot {Threlkeld} \& missionary linguistics in {Australia} to 1850},
	booktitle = {Missionary linguistics/ {Linguistica} {Misionera}: {Selected} papers from the first international conference on missionary linguistics},
	publisher = {John Benjamins},
	author = {Carey, Hilary M.},
	editor = {Zwartjes, Otto and Hovdhaugen, Even},
	year = {2004},
	pages = {253--276},
}

@book{clark_aboriginal_2013,
	address = {Collingwood. VIC},
	title = {The {Aboriginal} story of {Burke} and {Wills}: {Forgotten} narratives},
	publisher = {CSIRO Publishing},
	author = {Clark, Ian D. and Cahir, Fred},
	editor = {Clark, Ian D. and Cahir, Fred},
	year = {2013},
}

@book{clendon_clamor_2015,
	address = {Adelaide},
	title = {Clamor {Schürmann}’s {Barngarla} grammar},
	url = {https://www.adelaide.edu.au/press/titles/barngarla/},
	publisher = {Adelaide University Press},
	author = {Clendon, Mark},
	year = {2015},
	ids = {Clendon2015}
}



@book{codrington_sketch_1877,
	address = {London},
	title = {A sketch of {Mota} grammar},
	language = {no},
	publisher = {Gilbert and Rivington},
	author = {Codrington, Robert Henry},
	year = {1877},
}

@book{codrington_melanesian_1885,
	address = {London},
	title = {The {Melanesian} languages},
	publisher = {Clarendon Press},
	author = {Codrington, R. H.},
	year = {1885},
}

@book{conole_colonial_1840,
	title = {A {Colonial} law man: {Charles} {Symmons}},
	author = {Conole, Peter No date},
	year = {1840},
	annote = {policewahistory.org.au/HTML pages.Museum (accessed 02/09/2014).},
}

@book{corbett_number_2013,
	title = {Number of genders {The} {World} {Atlas} of {Language} {Structures} {Online} {Leipzig}: {Max} {Planck} {Institute} for {Evolutionary} {Biology}},
	url = {http://wals.info/chapter/30,},
	author = {Corbett, Greville G.},
	year = {2013},
	annote = {accessed 21/10 2014).},
}

@book{crook_essay_1799,
	address = {London},
	title = {An essay toward a dictionary and grammar of the {Lesser}-{Australian} language, according to the dialect used at the {Marquases}. {MS}},
	publisher = {School of Oriental and African Studies, University of London. Repr},
	author = {Crook, William Pascoe and Greatheed, Samuel and Te’ite’i, Tima’u},
	year = {1799},
}

@book{crowley_middle_1978,
	address = {Canberra},
	title = {The middle {Clarence} dialects of {Bandjalang}},
	publisher = {Australian Institute of Aboriginal Studies},
	author = {Crowley, Terry},
	year = {1978},
}

@incollection{crowley_mpakwithi_1981,
	ids = {Crowley1981},
	address = {Canberra},
	title = {The {Mpakwithi} dialect of {Anguthimri}},
	volume = {2},
	booktitle = {Handbook of {Australian} languages},
	publisher = {Australian National University Press},
	author = {Crowley, T.},
	editor = {Dixon, R. M. W. and Blake, B.},
	year = {1981},
	pages = {146--194},
}

@book{curr_australian_1886,
	address = {Melbourne},
	title = {The {Australian} race: {Its} origin, languages, customs, place of landing in {Australia}, and the routes by which it spread itself over the continent},
	volume = {4},
	publisher = {Government Printer},
	author = {Curr, Edward Micklethwaite},
	year = {1886},
}

@article{darnell_indo-european_1999,
	title = {Indo-{European} methodology, {Bloomfield}’s {Central} {Algonquian}, and {Sapir}’s Distant Genetic relationships},
	journal = {II: Methodological Perspectives and Applications},
	author = {Darnell, Regna},
	editor = {Embleton, S. and Joseph, J. E. and Niederehe, H.-J.},
	year = {1999},
	address = {Amsterdam \& Philadelphia},
	publisher = {John Benjamins},
	pages = {3--16},
}

@book{davies_grammar_1823,
	address = {Tahiti},
	title = {A grammar of the {Tahitian} dialect of the {Polynesian} language. {Burder}’s {Point}, {Tahiti}: {Mission} {Press}},
	publisher = {The London Mission Society’s Press},
	author = {Davies, Herbert John},
	year = {1823},
}

@unpublished{dawes_grammatical_1790,
	title = {Grammatical forms of the language of {N}.{S}.{Wales}, in the neighbourhood of {Sydney}},
	author = {Dawes, William},
	year = {1790--1791},
	note = {Publisher: Library of the School of Oriental and African Studies, University of London. Marsden collection 41645a},
	annote = {Unpublished ms.},
}

@unpublished{dawes_vocabulary_1790,
	title = {Vocabulary of the language of {N}.{S}.{Wales}, in the neighbourhood of {Sydney}},
	author = {Dawes, William},
	year = {1790--1791},
	note = {Publisher: Library of the School of Oriental and African Studies, University of London. Marsden collection 41645b},
	annote = {Unpublished ms.},
}

@book{dawson_australian_1881,
	address = {Melbourne},
	title = {Australian {Aborigines}: {The} languages and customs of several tribes of {Aborigines} in the {Western} {District} of {Victoria}},
	publisher = {George Robertson},
	author = {Dawson, James},
	year = {1881},
}

@article{gregorio_reflections_2002,
	title = {Reflections of a non-political naturalist: {Ernst} {Haeckel}, {Wilhelm} {Bleek}, {Friedrich} {Müller} and the meaning of language},
	volume = {35},
	number = {1},
	journal = {Journal of the History of Biology},
	author = {{Di Gregorio}, {Mario A.}},
	year = {2002},
	pages = {79--109},
}

@article{dirr_rutulskij_1912,
	title = {Rutulskij {Jazyk} [{The} {Rutul} {Language}},
	volume = {42},
	language = {fr},
	journal = {Sbornik Materialov dlya Opisaniya y Plemen Kavkaza (Tbilisi},
	author = {Dirr, Adolf},
	year = {1912},
	pages = {1--204},
}

@book{dixon_dyirbal_1972,
	address = {Cambridge},
	title = {The {Dyirbal} language of north {Queensland}},
	publisher = {Cambridge University Press},
	author = {Dixon, Robert Malcolm Ward},
	year = {1972},
}

@book{dixon_introduction_1976,
	address = {Canberra},
	title = {Introduction},
	publisher = {Australian Institute of Aboriginal Studies},
	author = {Dixon, R. M. W.},
	editor = {Dixon, R. M. W.},
	year = {1976},
}

@book{dixon_languages_1980,
    ids ={Dixon1980},
	address = {Cambridge},
	title = {The languages of {Australia}},
	publisher = {Cambridge University Press},
	author = {Dixon, R. M. W.},
	year = {1980},
}

@book{dixon_searching_1983,
	address = {St Lucia},
	title = {Searching for {Aboriginal} languages: {Memoirs} of a field worker},
	publisher = {University of Queensland Press},
	author = {Dixon, R. M. W.},
	year = {1983},
}

@book{dixon_ergativity_1994,
	address = {Cambridge},
	title = {Ergativity},
	publisher = {Cambridge University Press},
	author = {Dixon, R. M. W.},
	year = {1994},
}

@book{dixon_australian_2002,
    ids={Dixon2002,Dixon2004,Dixon2002a},
	address = {Cambridge},
	title = {Australian languages},
	publisher = {Cambridge University Press},
	author = {Dixon, R. M. W.},
	year = {2002},
}

@book{dixon_preface_2002,
	ids = {Dixon2002b},
	title = {Preface},
	author = {Dixon, R. M. W.},
	editor = {\biberror{McDonald}},
	year = {2002},
}

@book{dixon_notitle_nodate,
	address = {Canberra},
	volume = {1},
	booktitle = {{Handbook} of {Australian} languages},
	publisher = {Australia National University Press},
	editor = {Dixon, R. M. W. and Blake, Barry J.},
	year = {1979}
}

@book{dixon_notitle_nodate-1,
	address = {Canberra},
	volume = {2},
	booktitle = {{Handbook} of {Australian} languages},
	year = {1981},
	publisher = {Australia National University Press},
	editor = {Dixon, R. M. W. and Blake, Barry J.},
}

@book{dixon_handbook_1991,
	address = {Melbourne},
	title = {Handbook of {Australian} languages},
	volume = {4},
	publisher = {Oxford University Press},
	editor = {Dixon, R. M. W. and Blake, Barry J.},
	year = {1991},
}

@book{donaldson_ngiyambaa_1980,
	address = {Cambridge},
	title = {Ngiyambaa, the language of the {Wangaaybuwan}},
	publisher = {Cambridge University Press},
	author = {Donaldson, Tamsin},
	year = {1980},
}

@book{douglas_aboriginal_1968,
	ids = {Douglas1968},
	address = {Canberra},
	title = {The {Aboriginal} languages of the south-west of {Australia}},
	publisher = {Australian Institute of Aboriginal Studies},
	author = {Douglas, Wilfred H.},
	year = {1968},
}

@book{eades_gumbaynggir_1979,
	title = {Gumbaynggir},
	language = {es},
	author = {Eades, Diana},
	editor = {Dixon, R. M. W. and Blake, Barry J.},
	year = {1979},
}

@phdthesis{edwards_moravian_2007,
	title = {Moravian {Aboriginal} missions in {Australia}},
	school = {Flinders University},
	author = {Edwards, William H.},
	year = {2007},
}

@book{eipper_statement_1841,
	address = {New South Wales Sydney},
	title = {Statement of the origin, condition and prospects of the {German} mission to {Aborigines} at {Moreton} {Bay}, conducted under the auspices of the {Presbyterian} {Church} in},
	publisher = {James Reading},
	author = {Eipper, Christopher},
	year = {1841},
}

@article{elkin_nature_1937,
	ids = {Elkin1937},
	title = {The nature of {Australian} languages},
	volume = {8},
	number = {2},
	journal = {Oceania},
	author = {Elkin, Adolphus P.},
	year = {1937},
	pages = {127--169},
}

@book{elkin_introduction_1944,
	title = {Introduction to {Aranda} phonetics and grammar},
	author = {Elkin, Adolphus P.},
	editor = {\biberror{Strehlow}},
	year = {1944},
}

@article{elkin_r_1975,
	title = {R. {H}. {Mathews}: his contribution to {Aboriginal} studies},
	volume = {46},
	number = {1},
	journal = {Oceania},
	author = {Elkin, Adolphus P.},
	year = {1975},
	pages = {1--24},
}

@book{evans_interesting_2003,
	address = {Köln},
	title = {An interesting couple: the semantic development of dyad morphemes},
	publisher = {Institut für Sprachwissenschaft der Universität zu Köln},
	author = {Evans, Nicholas},
	year = {2003},
}

@book{evans_enigma_1998,
	address = {London},
	title = {The enigma of {Pama}-{Nyungan} expansion in {Australia} and linguistic hypotheses},
	publisher = {Routledge - Taylor and Francis},
	author = {Evans, Nicholas and McConvell, Patrick},
	editor = {Blench, R. and Spriggs, M.},
	year = {1998},
}

@book{ewald_ausfuhrliches_1844,
	address = {Leipzig},
	title = {Ausführliches {Lehrbuch} der {Hebräischen} {Sprache} des {Alten} {Bundes}},
	publisher = {Hahn’sche Verlags-Buchhandlung},
	author = {Ewald, Heinrich},
	year = {1844},
}

@book{eylmann_eingeborenen_1908,
	address = {Berlin},
	title = {Die {Eingeborenen} der {Kolonie} {Südaustralien}},
	publisher = {Dietrich Reimer},
	author = {Eylmann, Erhard},
	year = {1908},
}

@book{fabricius_forsog_1801,
	ids = {fabricius,fabricius_1791},
	address = {Copenhagen},
	title = {Forsøg til en {Forbedret} {Grønlandsk} {Grammatika}},
	publisher = {E. F. Sehnsart},
	author = {Fabricius, Otho},
	year = {1801[1791]},
}

@book{ferguson_bibliography_1951,
	address = {Sydney},
	title = {Bibliography of {Australia}},
	volume = {3},
	publisher = {Angus and Robertson. Repr},
	author = {Ferguson, John and {Alexander}},
	year = {1951},
}

@phdthesis{fesl_study_1995,
	ids = {Fesl1985},
	type = {Honours Thesis},
	title = {A {Study} of the {Aboriginal} {Language} of {Gippsland} based on 19th {Century} {Materials}},
	school = {Monash University},
	author = {Fesl, Eve},
	year = {1995},
}

@book{fison_kamilaroi_1880,
	title = {Kamilaroi and {Kurnai} {Melbourne}: {George} {Robertson}},
	author = {Fison, Lorimer and Howitt, Alfred William},
	year = {1880},
}

@book{fitzherbert_unpublished_1930,
	title = {Unpublished untitled ms. {Barr} {Smith} {Library} {Rare} {Books} and {Special} {Collections}},
	publisher = {University of Adelaide, FitzHerbert Papers},
	author = {FitzHerbert, John Aloysius},
	year = {1930},
}

@book{flierl_christianieli_1880,
	address = {Adelaide},
	title = {Christianieli ngujangujara-pepa {Dieri}-jaurani. {Pepaia} buru kulnolu},
	publisher = {Scrymgour \& Sons},
	author = {Flierl, Johann and Meyer, C. A.},
	year = {1880},
}

@unpublished{flierl_dieri_1880,
	title = {Dieri {Grammatik} [{Comparative} grammar of {Diyari} and {Wangkangurru}},
	author = {Flierl, J.},
	year = {1880},
	note = {Publisher: Lutheran Archives, Adelaide. Box 22 Immanuel Synod–Bethesda Mission},
	annote = {Unpublished ms.},
}


@book{flierl_wonini-pepa_1883,
	ids = {flierl_1843},
	address = {Adelaide},
	title = {Wonini-{Pepa} {Dieri}-{Jaurani} {Worapala} ({First} reading-book in the {Diyari} language},
	publisher = {E. Spiller, Government Printer},
	author = {Flierl, J. and Meyer, C. A.},
	year = {1883},
}

@unpublished{flierl_german_nodate,
	title = {German vocabularies of native tribes, {North} {East} {South} {Australia}, c.1898 – 1932 [{Comparative} vocabulary of {Diyari} and {Wangkangurru} c.1880},
	author = {Flierl, J.nd and {a}},
	annote = {Unpublished ms. State Library of New South Wales, Mitchell library. MLMSS 161/Box1/Folder2/Item2.},
	year = {n.d. a}
}

@unpublished{flierl_comparative_nodate,
	title = {Comparative vocabulary of {Diyari}, {Ngamani}, {Wangkangurru} and {Arabana}},
	author = {Flierl, J.nd and {b}},
	annote = {Unpublished ms. Neuendettelsau. Az42/42.},
	year = {n.d. b}
}



@article{foster_two_1990,
	title = {Two early reports on the {Aborigines} of {South} {Australia}. - reproduction of a '{Report} on the {Aborigines} of {South} {Australia}' presented to the {Statistical} {Society} in {Adelaide} and published in the {Register} on the 8th {January} 1842; and of the '{Annual} {Report} of the {Aborigines} {Department} for the year ending 30th {September} 1843' based on a surviving copy from the {South} {Australian} {Colonial} {Secretary}'s {Office}},
	volume = {28},
	number = {1-2},
	journal = {Journal of the Anthropological Society of South Australia},
	author = {Foster, Robert},
	year = {1990},
	pages = {38--63},
}

@book{fraser_australian_1892,
	address = {Sydney},
	title = {An {Australian} language as spoken by the {Awabakal}, the people of {Awaba}, or {Lake} {Macquarie} (near {Newcastle} {New} {South} {Wales}): {Being} an account of their language, traditions and customs, by {L}.{E}. {Threlkeld}; rearranged, condensed and edited with an appendix by {John} {Fraser}},
	publisher = {Charles Potter Government Printer},
	editor = {Fraser, John},
	year = {1892},
}

@book{fraser_introduction_1892,
	title = {Introduction},
	author = {{Fraser}},
	editor = {{Fraser}},
	year = {1892},
}

@article{fry_dieri_1937,
	title = {Dieri legends. {Pt} 1},
	volume = {48},
	language = {nl},
	number = {2},
	journal = {Folklore},
	author = {Fry, Henry T.},
	year = {1937},
	pages = {182--206},
}

@article{fry_dieri_1937-1,
	title = {Dieri legends},
	volume = {48},
	language = {nl},
	number = {3},
	journal = {Pt II Folklore},
	author = {Fry, H. T.},
	year = {1937},
	pages = {269--287},
}

@book{gabelentz_sprachwissenschaft_1891,
	address = {Tübingen},
	title = {Die {Sprachwissenschaft}, ihre {Aufgaben}, {Methoden} und {Bisherigen} {Ergebnisse}},
	publisher = {Tübinger Beiträge zur Linguistik},
	author = {{von der Gabelentz}, Georg},
	year = {1891},
}

@article{gabelentz_uber_1861,
    ids ={Gabelentz1861},
	title = {Über das {Passivum}: {Eine} sprachvergleichende {Abhandlung}. {Abhandlungen} der philologisch-historischen {Classe} der {Königlich}-{Sächsischen}},
	volume = {8},
	journal = {Gesellschaft der Wissenschaften},
	author = {{von der Gabelentz}, Hans Conan},
	year = {1861},
	pages = {449--546},
}

@book{gale_ngarrindjeri_2009,
	ids = {Gale2009},
	title = {Ngarrindjeri dictionary, compiled by {Mary}-{Anne} {Gale} with the elders {Eileen} {McHughes}},
	author = {Gale, Mary-Anne},
	year = {2009},
	annote = {et al.]. Adelaide: Raukkan Community Council on behalf of the Ngarrindjeri [Community].},
}

@book{gale_dorothy_2010,
	ids = {Gale2010},
	address = {Adelaide},
	title = {Dorothy {French} \& {Syd} {Sparrow}. {Ngarrindjeri} {Learners}' {Guide}},
	publisher = {Raukkan Community Council, with the University of South Australia},
	author = {Gale, M.-A.},
	year = {2010},
}

@book{gale_nothing_2011,
    ids={Gale2011},
	address = {Adelaide},
	title = {Nothing pleasing to impart? {H}.{A}.{E} {Meyer} at {Encounter} {Bay}, 1840-1848},
	publisher = {Wakefield Press},
	author = {Gale, M.-A.},
	editor = {Monteath, Peter},
	year = {2011},
}

@incollection{ganter_eipper_2016,
	title = {Eipper, {Christopher} (1813-1894},
	url = {http://missionaries.griffith.edu.au/},
	booktitle = {Regina {Ganter}, {German} {Missionaries} in {Australia} – a web-directory of intercultural encounters},
	author = {Ganter, Regina},
	year = {2016},
	urldate  = {2016-10-10},
}

@incollection{ganter_hermannsburg_2016,
	title = {Hermannsburg {Mission} {Society} (1849)},
	url = {http://missionaries.griffith.edu.au/},
	booktitle = {Regina {Ganter}, {German} {Missionaries} in {Australia} – a web-directory of intercultural encounters},
	author = {Ganter, R.},
	year = {2016},
	ulrdate  = {2013-05-09},
}

@book{ganter_regina_1862,
	editor = {Regina Ganter},
	title = {German Missionaries in {Australia} – {A} web-directory of intercultural encounters},
	url = {http://missionaries.griffith.edu.au},
	author = {Hey, Nikolaus},
	year = {1862},
	urldate = {2016-10-10},
}

@incollection{ganter_killalpaninna_2016,
	title = {Killalpaninna},
	url = {http://missionaries.griffith.edu.au/},
	booktitle = {Regina {Ganter}, {German} {Missionaries} in {Australia} – a web-directory of intercultural encounters},
	author = {Ganter, R.},
	year = {2016},
	annote = {accessed 06/03-2014).},
}

@book{ganter_neuendettelsau_2016,
	title = {Neuendettelsau {Mission} {Society}},
	url = {http://missionaries.griffith.edu.au/},
	author = {Ganter, R.},
	year = {2016},
	annote = {accessed 10/10/2016; 14/04/2014).},
}

@article{gara_life_1990,
	title = {The life of {Ivaritji} (‘{Princess} {Amelia}’) of the {Adelaide} {Tribe}},
	volume = {28},
	number = {1-2},
	journal = {Journal of the Anthropological Society of South Australia},
	author = {Gara, Tom},
	year = {1990},
	pages = {64--105},
}

@book{gardner_southern_2015,
	address = {Basingstoke, Hampshire},
	title = {Southern {Anthropology} — a history of {Fison} and {Howitt}’s {Kamilaroi} and {Kurnai}},
	publisher = {Palgrave MacMillan},
	author = {Gardner, Helen and McConvell, Patrick},
	year = {2015},
}

@book{gardner_language_1996,
	ids = {Gardner1996},
	address = {Ensay},
	title = {The {Language} of the {Kurnai} {Tribes} of {Gippsland}: with notes on grammar and pronunciation by {R}.{H}. {Mathews} and {Kurnai}-{English} and {English}- {Kurnai} vocabularies},
	publisher = {Ngarak Press},
	author = {Gardner, Peter D. and Mathews, R. H.},
	year = {1996},
}

@book{gason_dieyerie_1874,
	address = {Adelaide},
	title = {The {Dieyerie} tribe of {Australian} {Aborigines}},
	publisher = {W. C. Cox, Government Printer},
	author = {Gason, Samuel},
	year = {1874},
}

@book{gason_dieyerie_1879,
	address = {Adelaide},
	title = {The {Dieyerie} dialect},
	publisher = {E. S. Wigg \& Son},
	author = {Gason, S.},
	editor = {Woods, J. D.},
	year = {1879},
}

@incollection{gason_no_1886,
	title = {No 55. {From} {Mount} {Freeling} to {Pirigundi} {Lake}},
	booktitle = {Curr 1886. {Book} of the sixth},
	author = {Gason, S.},
	year = {1886},
	pages = {44--107},
	annote = {Repr. of Gason 1874},
}

@book{gason_diyeri_1892,
	edition = {Part IV},
	title = {The {Diyeri} dialect},
	language = {ro},
	author = {Gason, S.},
	editor = {{Fraser}},
	year = {1892},
}

@book{gatti_lingua_1930,
	address = {Roma},
	title = {La {Lingua} {Dieri}: {Contributo} alla conoscenza delle lingue {Australiane} [{The} {Dieri} {Language}: {Contribution} to the knowledge of {Australian} languages},
	language = {it},
	publisher = {Scuola Salesiana del libro},
	author = {Gatti, Giovanni},
	year = {1930},
}

@unpublished{gatti_britannnia_1934,
	title = {Britannnia e {Oceania}: {Conferenza} sull'espansione della lingua inglese in {Oceania} e sul "pigeon english" parlato nei mari australi, detta il 3 ottobre 1934 al {Circolo} {Filologico} {Milanese}},
	language = {it},
	author = {Gatti, G.},
	year = {1934},
	note = {Publisher: National Library of Australia MS},
	annote = {Unpublished ms.},
}

@incollection{gesenius_gesenius_1910,
	address = {Oxford},
	edition = {Second English},
	title = {Gesenius’ {Hebrew} grammar},
	booktitle = {W. {Gesenius} 1813 {Hebräische} {Grammatik}},
	publisher = {Clarendon Press},
	author = {Gesenius, Wilhelm and Kautzsch, Emil Friedrich},
	year = {1910},
}

@book{geytenbeek1971,
	address = {Canberra},
	title = {Gidabal grammar and dictionary},
	publisher = {Australian Institute of Aboriginal Studies},
	author = {Geytenbeek, Brian and Geytenbeek, Helen},
	year = {1971},
}

@phdthesis{giacon_grammar_2015,
	ids = {giacon_2014,Giacon2014},
	title = {A grammar of {Yuwaalaraay} and {Gamilaraay}: description of two {New} {South} {Wales} languages based on 160 years of records},
	school = {Australian National University},
	author = {Giacon, John},
	year = {2014},
}

@book{gildersleeve_latin_1895,
	address = {London},
	edition = {3rd edn},
	title = {Latin {Grammar}},
	language = {es},
	publisher = {Macmillan},
	author = {Gildersleeve, Basil Lanneau},
	year = {1895},
}

@incollection{gillen_notebooks_1894,
	title = {Notebooks on anthropology of the {Aranda} people and {Aranda} vocabulary},
	volume = {1},
	booktitle = {The {University} of {Adelaide} rare books and special collections {MSS} {09G47}},
	author = {Gillen, Francis James},
	year = {1894},
}

@book{gillen_my_1997,
	address = {South Melbourne},
	title = {My dear {Spencer}’: {The} letters of {F}.{J}. {Gillen} to {Baldwin} {Spencer}: the letters of {F}.{J}},
	publisher = {Highland House},
	author = {Gillen, F. J.},
	editor = {Baldwin Spencer, Gillen and Mulvaney, John and Morphy, Howard and Petch, Alison},
	year = {1997},
}

@book{gilmour_grammars_2006,
	address = {New York},
	title = {Grammars of colonialism: {Representing} languages in colonial {South} {Africa}},
	publisher = {Palgrave Macmillan},
	author = {Gilmour, Rachael},
	year = {2006},
}

@article{goddard_case_1982,
	title = {Case systems and case marking in {Australian} languages: {A} new interpretation},
	volume = {2},
	number = {2},
	journal = {Australian Journal of Linguistics},
	author = {Goddard, Cliff},
	year = {1982},
	pages = {167--196},
}

@book{goddard_grammar_1985,
	address = {Alice Springs},
	title = {A {Grammar} of {Yankunytjatjara}},
	publisher = {Institute for Aboriginal development},
	author = {Goddard, C.},
	year = {1985},
}

@book{graetz_open_1988,
	address = {Adelaide},
	title = {An open book},
	publisher = {Lutheran Publishing House},
	author = {Graetz, Joyce},
	year = {1988},
}

@book{grant_introducing_2000,
	title = {Introducing {Wiradjuri} sentences},
	address = {A. C. T.},
	publisher = {Restoration House},
	author = {Grant, Stan and Rudder, John and Elders, Wiradjuri Council},
	year = {2000},
}

@book{grant_wiradjuri_2001,
	ids = {GrantRudder2001},
	address = {A. C. T.},
	title = {Wiradjuri language: how it works: a grammar in everyday {English}},
	publisher = {Restoration House},
	author = {Grant, S. and Rudder, J.},
	year = {2001},
}

@book{grant_new_2010,
	address = {O’Connor, A. C. T.},
	title = {A new {Wiradhuri} dictionary},
	publisher = {Restoration House},
	author = {Grant, S. and Rudder, J.},
	year = {2010},
}

@book{grant_grammar_2014,
	ids = {GrantRudder2014},
	address = {A. C. T.},
	title = {A grammar of {Wiradjuri} language},
	publisher = {Restoration House},
	author = {Grant, S. and Rudder, J.},
	year = {2014},
}

@article{green_altyerre_2012,
	title = {The {Altyerre} story — ‘{Suffering} badly in translation’},
	volume = {23},
	number = {2},
	journal = {The Anthropological Journal of Australia},
	author = {Green, Jenny},
	year = {2012},
	pages = {158--178},
}

@book{grey_vocabulary_1839,
	ids ={Grey1839,grey1840},
	address = {London},
	title = {Vocabulary of the dialects spoken by the {Aboriginal} races of {South}-{Western} {Australia}. {Perth}: {The} author},
	publisher = {T \& W},
	author = {Grey, George},
	year = {1839},
	note = {Type: (Repr.},
	annote = {Boone 1840).},
}

@book{grey_journals_1841,
	address = {London},
	title = {Journals of two expeditions of discovery in {North}-{West} and {Western} {Australia}: {During} the years 1837},
	volume = {38, and 39. Vol. II},
	publisher = {T \& W. Boone},
	author = {Grey, G.},
	year = {1841},
}

@article{grey_languages_1845,
	title = {On the languages of {Australia}, being an extract from a dispatch from {Captain} {G}. {Grey}, {Governor} of {South} {Australia}, to {Lord} {Stanley}},
	volume = {15},
	doi = {URL:},
	journal = {The Journal of the Royal Geographical Society of London},
	author = {Grey, G.},
	year = {1845},
	pages = {365--367},
}

@book{noauthor_notitle_nodate,
	doi = {http://www.jstor.org/stable/1797917},
}

@incollection{grimwade_george_1975,
	title = {George {Taplin} and his work on {Aboriginal} languages},
	booktitle = {\biberror{Yallop \& {Grimwade}}},
	author = {Grimwade, Gordon},
	year = {1975},
	pages = {111--145},
}

@book{gunson_australian_2016,
	address = {Melbourne},
	title = {Australian {Dictionary} of {Biography}, {National} {Centre} of {Biography}, {Australian} {National} {University}},
	url = {http://adb.anu.edu.au/biography/ridley-william-4477/text7309},
	publisher = {University of Melbourne Press},
	author = {Gunson, Niel and Ridley, William},
	year = {2016},
	annote = {accessed 17/08/2016). First published,},
}

@book{gunson_australian_2016-1,
	address = {Melbourne},
	title = {Australian {Dictionary} of {Biography}, {National} {Centre} of {Biography}, {Australian} {National} {University}},
	url = {http://adb.anu.edu.au/biography/threlkeld-lancelot-edward-2734/text3859},
	publisher = {University of Melbourne Press},
	author = {Gunson, Niel and Threlkeld, Lancelot Edward},
	year = {2016},
	annote = {accessed 15/06/2016). First published,},
}

@unpublished{gunther_lecture_1840,
	title = {Lecture on the {Aborigines} of {Australia} and papers on the {Wirradhurrei} dialect 1837–1840},
	author = {Günther, James Wilhelm},
	year = {1840},
	annote = {Unpublished ms. State Library of New South Wales, Mitchell library [Wiradjuri grammar. 337-379]. C 136.B 505.},
}

@unpublished{gunther_native_1838,
    ids = {Günther1838},
	title = {The native dialect {Wirradhurri} spoken in the {Wellington} {District}},
	author = {Günther, J. W.},
	year = {1838},
	annote = {Unpublished ms. State Library of New South Wales, Mitchell library. C 136.},
}

@book{gunther_grammar_1892,
	title = {Grammar and vocabulary of the {Wiradhari} dialect in {New} {South} {Wales}},
	volume = {Part IV},
	author = {Günther, J. W.},
	editor = {{Fraser}},
	year = {1892},
}

@book{haeckel_history_1876,
	address = {London},
	title = {The history of creation},
	publisher = {King},
	author = {Haeckel, Ernst},
	year = {1876},
	annote = {first published in German 1868.},
}


@article{hale_languages_1846,
	ids = {threlkeld_1846},
	title = {The languages of {Australia}},
	volume = {VI},
	journal = {Reports of the United States exploring expedition 1838–1842},
	author = {Hale, Horatio},
	year = {1846},
	address = {Philadelphia},
	publisher  = {Lee and Blanchard},
}

@book{hale_linngithigh_1966,
	title = {Linngithigh. {Appendix} to {O}’{Grady} et al},
	author = {Hale, Ken},
	year = {1966},
}

@book{hall_petrie_1974,
	title = {Petrie, {Thomas} ({Tom}},
	url = {http://abd.anu.edu.au/biography/petrie-thomas-tom-4395/text7163.},
	publisher = {Australian National University},
	author = {Hall, Noeline V.},
	year = {1974},
	annote = {accessed 11/12/2015},
}

@book{harms_traume_2003,
	ids = {Harms2003},
	address = {Hermannsburg},
	title = {Träume und {Tränen}},
	publisher = {Verlag Ludwig-Harms-Haus},
	author = {Harms, Hartwig F.},
	year = {2003},
}

@book{harris_one_1994,
	title = {One blood. 200 years of {Aboriginal} encounter with {Christianity}: {A} story of hope},
	author = {Harris, John W.},
	year = {1994},
	annote = {Sutherland: Albatross (first edition 1990).},
}

@book{haspelmath_european_2001,
	address = {Berlin},
	title = {The {European} {Linguistic} {Area}: {Standard} {Average} {European}},
	publisher = {Mouton de Gruyter},
	author = {Haspelmath, Martin},
	year = {2001},
}

@article{haspelmath_comparative_2010,
	title = {Comparative concepts and descriptive categories in cross-linguistic studies},
	volume = {86},
	number = {3},
	journal = {Language},
	author = {Haspelmath, M.},
	year = {2010},
	pages = {663--687},
}

@book{haviland_guugu_1979,
	title = {Guugu {Yimidhirr}},
	language = {ga},
	author = {Haviland, John},
	editor = {\biberror{Dixon and Blake}},
	year = {1979},
}

@article{haviland_how_1980,
	title = {How much food will there be in heaven?’ {Lutheran} and {Aborigines} around {Cooktown} to 1900},
	volume = {4},
	number = {2},
	journal = {Aboriginal History},
	author = {Haviland, J. and Haviland, Leslie},
	year = {1980},
	pages = {118--49},
}

@book{hebart_united_1938,
	address = {North Adelaide},
	title = {The {United} {Evangelical} {Lutheran} {Church} in {Australia} ({U}.{E}.{L}.{C}.{A}): {Its} history, activities and characteristics},
	publisher = {Lutheran Book Depot},
	author = {Hebart, Theodor},
	year = {1938},
}

@book{henderson_topics_2013,
    ids ={Henderson2013},
	address = {Berlin},
	title = {Topics in {Eastern} and {Central} {Arrernte}},
	language = {es},
	publisher = {Lincom Europa},
	author = {Henderson, John},
	year = {2013},
}

@book{henderson_eastern_1994,
	address = {Alice Springs},
	title = {The {Eastern} and {Central} {Arrernte} {Dictionary}},
	publisher = {IAD Press},
	author = {Henderson, J. and Dobson, Veronica},
	year = {1994},
}

@book{hercus_languages_1969,
	ids = {Hercus1969},
	address = {Canberra},
	title = {The languages of {Victoria}: {A} late survey in two parts},
	publisher = {Australian Institute of Aboriginal Studies},
	author = {Hercus, Luise Anna},
	year = {1969},
}

@book{hercus_bagandji_1982,
	address = {Canberra},
	title = {The {Bagandji} language},
	publisher = {Research School of Pacific Studies, Australian National University for the Linguistic Circle of Canberra},
	author = {Hercus, L. A.},
	year = {1982},
}

@book{hercus_grammar_1994,
	address = {Canberra},
	title = {A {Grammar} of the {Arabana}-{Wangkangurru} {Language} {Lake} {Eyre} {Basin}, {South} {Australia}},
	publisher = {Pacific Linguistics},
	author = {Hercus, L. A.},
	year = {1994},
}

@book{hercus_grammar_1999,
	address = {Canberra},
	title = {A {Grammar} of the {Wirangu} language from the west coast of {South} {Australia}},
	publisher = {Pacific Linguistics},
	author = {Hercus, L. A.},
	year = {1999},
}

@article{hercus_perception_1973,
	title = {Perception of kinship structure reflected in the {Adnjamathanha} pronouns},
	number = {6},
	journal = {1973 Papers in Australian Linguistics},
	author = {Hercus, L. A. and White, I.},
	editor = {Schebeck, B. and Hercus, L. A. and White, I. M.},
	year = {1973},
	address = {Canberra},
	publisher = {Australian National University},
	pages = {47--72},
}

@book{hercus_tragedy_2001,
    ids ={HercusSimpson2001},
	title = {The tragedy of {Nauo}},
	author = {Hercus, L. A. and Simpson, J.},
	editor = {{Simpson}},
	year = {2001},
}

@article{hercus_otto_2004,
    ids={SimpsonHercus2004},
	title = {Otto {Siebert}: {The} missionary-ethnographer},
	volume = {3},
	journal = {Strehlow Research Centre Occasional Paper},
	author = {Hercus, L. A. and McCaul, K.},
	editor = {Veit, W.},
	year = {2004},
	pages = {36--50},
}



@book{hey_elementary_1903,
	address = {Brisbane},
	title = {An elementary grammar of the {Nggerikudi} {Language}},
	publisher = {Government Printer},
	author = {Hey, Nikolaus Johann},
	year = {1903},
}

@book{hill_broken_2002,
	address = {NSW},
	title = {Broken {Song}: {T}.{G}.{H}. {S}trehlow and {A}boriginal {P}ossession},
	publisher = {Knopf, Random House Australia Pty Ltd},
	author = {Hill, Barry},
	year = {2002},
}

@book{hobson_re-awakening_2010,
	address = {Sydney},
	title = {Re-awakening languages: theory and practice in the revitalisation of {Australia}’s {Indigenous} languages},
	publisher = {Sydney University Press},
	editor = {Hobson, John and Lowe, Kevin and Poetsch, Susan and Walsh, Michael},
	year = {2010},
}

@article{hockett_two_1954,
	title = {Two models of grammatical description},
	volume = {10},
	journal = {Word},
	author = {Hockett, Charles F.},
	year = {1954},
	pages = {210--231},
}

@book{hoff_hoff_2004,
	address = {Adelaide},
	title = {The {Hoff} vocabularies of {Indigenous} languages from the far west coast of {South} {Australia}},
	publisher = {SKANZ},
	author = {Hoff, Lothar C.},
	year = {2004},
}

@book{holmer_attempt_1966,
	address = {Canberra},
	title = {An attempt towards a comparative grammar of two {Australian} languages},
	publisher = {Australian Institute of Aboriginal Studies},
	author = {Holmer, Nils Magnus},
	year = {1966},
}

@book{holmer_notes_1971,
	address = {Canberra},
	title = {Notes on the {Bandjalang} dialect spoken at {Coraki} and {Bungawalbin} {Creek}, {N}.{S}.{W}},
	publisher = {Australian Institute of Aboriginal Studies},
	author = {Holmer, N. M.},
	year = {1971},
}

@book{holmer_history_1963,
	address = {Sweden},
	title = {On the history and structure of the {Australian} languages},
	publisher = {Lundequistska Upsala},
	author = {Holmer, N. M.},
	year = {1963},
}

@book{homann_letter_1875,
	title = {Letter to {C}. {A}. {Meyer} 19/07/1875 written in {Adelaide}},
	publisher = {Lutheran Archives, Adelaide. Box 28 Immanuel Synod–Bethesda Mission},
	author = {Homann, Ernst},
	year = {1875},
}

@book{homann_diyeri_1892,
	title = {The {Diyeri} dialect},
	volume = {Part IV},
	language = {ro},
	author = {Homann, E.},
	editor = {{Fraser}},
	year = {1892},
}

@phdthesis{horgen_languages_2004,
    ids={Horgen2004,Horgan2004},
	type = {Unpublished {Masters} thesis,},
	title = {The {Languages} of the {Lower}-{Murray}},
	school = {La Trobe University},
	author = {Horgen, Michael},
	year = {2004},
}

@inproceedings{hovdhaugen_beginning_1993,
	address = {Washington DC. Amsterdam \& Philadelphia},
	title = {The beginning of {Polynesian} linguistics: {Explorers} and missionaries},
	booktitle = {History of {Linguistics}, 1993: papers from the {Sixth} {International} {Conference} on the {History} of the language {Sciences} ({ICHoLS}) {VI}},
	publisher = {John Benjamins},
	author = {Hovdhaugen, Even},
	editor = {Jankowsky, K. R.},
	year = {1993},
	pages = {105--114},
}

@book{howitt_vogelsang_nodate,
	title = {Letter to {H}. {H}. {V}ogelsang},
	publisher = {State Library of Victoria. MS 9356 Box 1052/3(b},
	author = {Howitt, {Alfred William}},
	year = {c. 1879}
}

@book{howitt_native_1904,
	address = {London},
	title = {The native tribes of south-east {Australia}},
	publisher = {Macmillan and Co},
	author = {Howitt, A. W.},
	year = {1904},
}

@book{hughes_introduction_1998,
	title = {Introduction},
	address = {Auckland},
	publisher = {The Institute of Polynesian Languages and Literatures},
	author = {Hughes, H. G. A. and Fischer, S. R.},
	editor = {Hughes, H. G. A. and Fischer, S. R.},
	year = {1998},
	pages = {vii-lxii},
	booktitle = {\biberror{no booktitle}},
	annote = {Reprint of Crook, Greatheed \& Tima’u Te’ite’I MS, 1799.},
}

@article{humboldt_anmerkung_1801,
	title = {Anmerkung über die {Baskische} {Sprache}},
	volume = {1},
	journal = {de Chr. F. Crammer. Part},
	author = {Humboldt, Wilhelm von},
	editor = {Fischer, C. A.},
	year = {1801},
	address = {Paris},
	publisher = {Trad},
	pages = {139--144},
}

@book{humboldt_berichtigungen_1817,
	address = {Berlin},
	title = {Berichtigungen und {Zusätze} zum {Ersten} {Abschnitte} des {Zweyten} {Bandes} des {Mithridates} über die {Cantabrische} oder {Baskische} {Sprache}},
	publisher = {Voss},
	author = {Humboldt, W.von},
	year = {1817},
}

@article{hunter_reappraising_2011,
	title = {Reappraising the effects of language contact in the {Torres} {Strait}},
	volume = {4},
	journal = {Journal of Language Contact},
	author = {Hunter, Jessica and Bowern, Claire and Round, Erich R.},
	year = {2011},
	pages = {106--140},
}

@book{iggesen_number_2013,
	title = {Number of cases},
	url = {http://wals.info/chapter/49,},
	publisher = {The World Atlas of Language Structures Online},
	author = {Iggesen, Oliver A.},
	year = {2013},
	annote = {accessed 27/04/2015},
}

@article{e_north-west_1886,
	title = {North-west of {Lake} {Eyre}},
	volume = {II},
	number = {43},
	journal = {Curr 1886},
	author = {E, Jacobs F. and {—}},
	year = {1886},
	pages = {12--13},
}

@article{e_north_1886,
	title = {The north shore of {Lake} {Eyre}},
	volume = {II},
	number = {44},
	journal = {Curr 1886},
	author = {E, Jacobs F. and {—}},
	year = {1886},
	pages = {14--15},
}

@article{e__1886,
	title = {— {Kopperamana}},
	volume = {II},
	number = {56},
	journal = {Curr 1886},
	author = {E, Jacobs F.},
	year = {1886},
	pages = {108--109},
}

@book{jensz_german_2010,
	address = {Leiden: Boston},
	title = {German {Moravian} missionaries in the {British} colony of {Victoria}, {Australia}, 1848-1908: {Influential} strangers},
	publisher = {Brill},
	author = {Jensz, Felicity},
	year = {2010},
}

@phdthesis{jones_box_1996,
	title = {A box of native things’: {Ethnographic} collectors and the {South} {Australian} {Museum}, 1830s-1930s},
	school = {University of Adelaide},
	author = {Jones, P. G.},
	year = {1996},
}

@book{jones_art_1986,
	address = {Adelaide},
	title = {Art and {Land}: {Aboriginal} sculptures of the {Lake} {Eyre} region},
	publisher = {South Australian Museum in association with Wakefield Press},
	author = {Jones, P. G. and Sutton, Peter J.},
	year = {1986},
}

@incollection{kemp_phonetic_2006,
	address = {Amsterdam},
	edition = {2nd},
	title = {Phonetic transcription: {History}},
	volume = {9},
	booktitle = {The encyclopedia of language \& linguistics},
	publisher = {Elsevier},
	author = {Kemp, J. Alan},
	editor = {Brown, Keith},
	year = {2006},
	pages = {396--410},
}

@book{kempe_intalinja_1880,
	address = {Adelaide},
	title = {Intalinja nkenkalalbutjika galtjeritjika},
	language = {fi},
	publisher = {Whillas \& Ormiston},
	author = {Kempe, Friedrich Adolf Hermann},
	year = {1880},
}

@article{kempe_report_1881,
	title = {Report of the missionary {Kempe} on {Hermannsburg}},
	volume = {1},
	number = {4},
	journal = {Hermannsburger Missionsblatt April 1881},
	author = {Kempe, F. A.H.},
	year = {1881},
}

@article{kempe_grammar_1891,
    ids={Kempe1891},
	title = {A grammar and vocabulary of the language spoken by the {Aborigines} of the {Macdonnell} {Ranges}, {South} {Australia}},
	volume = {14},
	journal = {Transactions of the Royal Society of South Australia},
	author = {Kempe, F. A.H.},
	year = {1891},
	pages = {1--54},
}

@book{kempe_galtjintana-pepa_1891,
	address = {Hanover},
	title = {Galtjintana-{Pepa} {Kristianirberaka} {Mbontala}},
	publisher = {Missionshandlung},
	author = {Kempe, {F. A. H.} and Schwarz, {Wilhelm Friedrich}},
	year = {1891},
}

@book{kennedy_public_1879,
	address = {London},
	title = {The public school {Latin} grammar},
	publisher = {Longmans, Green and Co},
	author = {Kennedy, Benjamin Hall},
	year = {1879},
	annote = {first edition 1871).},
}

@phdthesis{kenny_missionary_2008,
	type = {Ph.{D}. thesis,},
	title = {From missionary to frontier scholar: {An} introduction to {Carl} {Strehlow}’s masterpiece, {Die} {Aranda}-und {Loritja}-{Stämme} in {Zentral}-{Australien}},
	school = {University of Sydney},
	author = {Kenny, Anna},
	year = {2008},
	annote = {Unpublished},
}

@book{kenny_arandas_2013,
	address = {Canberra},
	title = {The {Aranda}'s {Pepa}: {An} introduction to {Carl} {Strehlow}'s masterpiece, {Die} {Aranda}-und {Loritja}-{Stämme} in {Zentral} {Australien} (1907–1920},
	publisher = {Australian National University Press},
	author = {Kenny, A.},
	year = {2013},
}

@book{kilbury_development_1976,
	address = {Amsterdam \& Philadelphia: Amsterdam \& Philadelphia},
	title = {The development of morphophonemic theory},
	publisher = {John Benjamins},
	author = {Kilbury, James},
	year = {1976},
}

@article{knapman_mapping_2011,
	title = {Mapping an ancestral past: discovering the {Charles} {Richards}’ maps of {Aboriginal} south-eastern {Australia}},
	volume = {1},
	journal = {Australian Aboriginal Studies},
	author = {Knapman, Gareth},
	year = {2011},
	pages = {17--33},
}

@book{kneebone_teichelmann_2005,
	title = {Teichelmann, {Christian} {Gottlieb} (1807-1888) {Australian} {Dictionary} of {Biography}},
	url = {http://adb.anu.edu.au/biography/teichelmann-christian-gottlieb-13213/text23925},
	author = {Kneebone, Heidi},
	year = {2005},
	urldate  = {2016-06-17},
}

@phdthesis{kneebone_language_2005,
	type = {Ph.{D}. thesis,},
	title = {The language of the chosen few: the first phase of graphization of {Dieri} by {Hermannsburg} {Missionaries}, lake {Killalpaninna} 1867-1880},
	school = {University of Adelaide},
	author = {Kneebone, H.},
	year = {2005},
	annote = {Unpublished},
}

@article{koch_category_1984,
	title = {The category of 'associated motion' in {Kaytej}},
	volume = {1},
	journal = {Language in Central Australia},
	author = {Koch, Harold},
	year = {1984},
	pages = {23--34},
}

@incollection{koch_australian_1990,
	address = {Canberra},
	title = {Do {Australian} languages really have morphemes? {Issues} in {Kaytej} morphology},
	booktitle = {1990 {Language} and {History}. {Essays} in honour of {Luise} {A}. {Hercus}},
	publisher = {Pacific Linguistics},
	author = {Koch, H.},
	editor = {Austin, Peter and Dixon, Robert M. W. and Dutton, Tom and White, Isobel},
	year = {1990},
	pages = {193--208},
}

@book{koch_pama-nyungan_1997,
	address = {Canberra},
	title = {Pama-{Nyungan} reflexes in the {Arandic} languages},
	publisher = {Pacific Linguistics},
	author = {Koch, H.},
	editor = {Tyron, Darrell and Walsh, Michael},
	year = {1997},
}

@book{koch_methodological_2004,
	title = {A methodological history of {Australian} linguistic classification},
	author = {Koch, H.},
	editor = {Bowern, C. and Koch, H.},
	year = {2004},
}

@book{koch_arandic_2004,
	title = {The {Arandic} subgroup of {Australian} languages},
	author = {Koch, H.},
	editor = {Bowern, C. and Koch, H.},
	year = {2004},
}

@book{koch_r_2008,
	title = {R. {H}. {Mathews}' schema for the description of {Australian} languages},
	author = {Koch, H.},
	editor = {{McGregor}},
	year = {2008},
}

@inproceedings{koch_explaining_2011,
	title = {Explaining the prehistory of personal pronouns in the {Kuri} languages},
	booktitle = {conference of the {Australian} {Linguistics} {Society} meeting},
	author = {Koch, H.},
	year = {2011},
	pages = {1--4},
}

@article{koch_george_2011,
	title = {George {Augustus} {Robinson} and the documentation of languages of {South}-{Eastern} {New} {South} {Wales}},
	volume = {54},
	number = {2},
	journal = {Language and History},
	author = {Koch, H.},
	year = {2011},
	pages = {140--163},
}

@book{koch_historical_2014,
	title = {Historical relations among the {Australian} languages: {On} {Genetic} classification and contact-based diffusion},
	author = {Koch, H.},
	editor = {Koch, H. and Nordlinger, R.},
	year = {2014},
}

@book{koch_languages_2014,
	address = {Berlin and New York},
	title = {The languages and linguistics of {Australia}: {A} comprehensive guide},
	publisher = {Mouton de Gruyter},
	editor = {Koch, H. and Nordlinger, Rachel},
	year = {2014},
}

@article{koch_eastern_1997,
	title = {Eastern and {Central} {Arrernte} to {English} {Dictionary} [{Book} review},
	volume = {21},
	journal = {Aboriginal History},
	author = {Koch, H. and Turpin, Myfany},
	year = {1997},
	pages = {233--237},
}

@article{koch_untitled_1868,
	ids = {homann1868},
	title = {Untitled [{Diari} {Grammatik} ({Diyari} {Grammar})]. {Unpublished} ms. {Barr} {Smith} {Library} {Rare} {Books} and {Special} {Collections}, {University} of {Adelaide}},
	volume = {499},
	number = {6},
	journal = {FitzHerbert Papers},
	author = {Koch, Wilhelm},
	year = {1868},
}

@book{koch_nujanujarajinkiniexa_1870,
	ids = {homann_1870},
	address = {Adelaide},
	title = {Nujanujarajinkiniexa: {Dieri} jaura jelaribala},
	publisher = {Eggers \& Eimer (Office der Süd-Australische Zeitung},
	author = {Koch, W. and Homann, Ernst},
	year = {1870},
}

@article{kramer_ernst_1931,
	title = {Ernst {E}. {Kramer}'s notebooks primarily relating to the {Study} of {Aranda} [{Arrernte}] language. {Unpublished} ms. {South} {Australian} {Museum} {Anthropological} {Archives}. {AA} 669/2/1-5 [contains a copy of a lost ms grammar of {Arrernte} by {C}},
	volume = {3, 5, 7},
	journal = {Strehlow},
	author = {Kramer, Ernst Eugen},
	year = {1931},
	pages = {11--86,},
}

@article{kroeber_australian_1921,
	title = {Australian and {Oceania}: {Die} {Gliederung} der {Australischen} {Sprachen}},
	volume = {23},
	journal = {By P. W. Schmidt American Anthropologist},
	author = {Kroeber, Alfred Louis},
	year = {1921},
	pages = {2 224--226},
}

@book{raphael_ausfuhrliche_1834,
	address = {Hannover},
	title = {Ausführliche {Grammatik} der griechischen {Sprache}, 2 Bde.},
	publisher = {Hahnsche Hofbuchhandlung},
	author = {Raphael, Kühner},
	year = {1834--1835},
}

@book{kuhner_elementargrammatik_1841,
	address = {Hannover},
	title = {Elementargrammatik der lateinischen {Sprache}},
	publisher = {Hahnsche Hofbuchhandlung. Repr},
	author = {Kühner, R.},
	year = {1841},
}

@book{kurzova_indo-european_1991,
	ids  = {kurzova_1993},
	address = {Amsterdam and Philadelphia},
	title = {From {Indo}-{European} to {Latin}: {The} evolution of a morpho-syntactic type},
	publisher = {John Benjamins},
	author = {Kurzová, Helena},
	year = {1993},
}

@book{langham_building_1981,
	address = {Dordrecht, Boston, \& London},
	title = {The building of {British} social anthropology},
	publisher = {D. Reidel},
	author = {Langham, Ian and R, W. H.},
	year = {1981},
}

@book{gordon_remarks_1852,
	title = {Remarks on the vocabularies of the voyage of the {H}. {M}. {S}. Rattlesnake},
	volume = {2},
	author = {Latham, {Robert Gordon}},
	editor = {MacGillivray, John},
	year = {1852},
}

@article{leonhardi_letter_1901,
	title = {Letter to {C}. {Strehlow} 10/09/1901 written in {Germany}. {Strehlow} {Research} {Centre}, {Alice} {Springs}. 1901-1-2},
	journal = {The NT Interpreter and Translator Service},
	author = {Leonhardi, Moritz von},
	year = {1901},
}

@article{leonhardi_letter_1904,
	title = {Letter to {Carl} {Strehlow} 28/08/1904 written in {Germany}. {Strehlow} {Research} {Centre}, {Alice} {Springs}. 1904-1-2},
	journal = {The NT Interpreter and Translator Service},
	author = {Leonhardi, M.von},
	year = {1904},
}

@article{leonhardi_letter_1905,
	title = {Letter to {C}. {Strehlow} 09/09/1905 written in {Germany}. {Strehlow} {Research} {Centre}, {Alice} {Springs}. 1905-1-1},
	journal = {The NT Interpreter and Translator Service},
	author = {Leonhardi, M.von},
	year = {1905},
}

@article{leonhardi_letter_1906,
	title = {Letter to {Carl} {Strehlow} 17/03/1906 written in {Germany}. {Strehlow} {Research} {Centre}, {Alice} {Springs}. 1906-1-1},
	journal = {The NT Interpreter and Translator Service},
	author = {Leonhardi, M.von},
	year = {1906},
}

@article{leonhardi_letter_1908,
	title = {Letter to {Carl} {Strehlow} 08/03/1908 written in {Germany}. {Strehlow} {Research} {Centre}, {Alice} {Springs}. 1908-2-1},
	journal = {The NT Interpreter and Translator Service},
	author = {Leonhardi, M.von},
	year = {1908},
}

@article{leonhardi_letter_1908-1,
	title = {Letter to {Carl} {Strehlow} 29/08/1908 written in {Germany}. {Strehlow} {Research} {Centre}, {Alice} {Springs}. 1908-6-1},
	journal = {The NT Interpreter and Translator Service},
	author = {Leonhardi, M.von},
	year = {1908},
}

@article{leonhardi_letter_1908-2,
	title = {Letter to {Carl} {Strehlow} 24/09/1908 written in {Germany}. {Strehlow} {Research} {Centre}, {Alice} {Springs}. 1908-7-1},
	journal = {The NT Interpreter and Translator Service},
	author = {Leonhardi, M.von},
	year = {1908},
}

@book{leonhardi_letter_1909,
	title = {Letter to {Carl} {Strehlow} 12/02/1909, written in {Germany}. {Strehlow} {Research} {Centre}, {Alice} {Springs}. 190-2-1},
	publisher = {The NT Interpreter and Translator Service},
	author = {Leonhardi, M.von},
	year = {1909},
}

@book{lepsius_allgemeine_1855,
	address = {Berlin},
	title = {Das allgemeine linguistische {Alphabet}: {Grundsätze} der Übertragung fremder {Schriftsysteme} und bisher noch ungeschriebener {Sprachen} in europäische {Buchstaben}},
	publisher = {Verlag von Wilhelm Hertz},
	author = {Lepsius, Karl and {Richard}},
	year = {1855},
}

@book{lepsius_standard_1863,
	address = {London},
	title = {Standard alphabet for reducing unwritten languages and foreign graphic systems to a uniform orthography in {European} letters},
	publisher = {Williams \& Norgate},
	author = {Lepsius, K. R.},
	year = {1863},
}

@article{lindner_komposition_2013,
	title = {Komposition},
	volume = {IV},
	journal = {Indogermanische Grammatik},
	author = {Lindner, Thomas},
	editor = {Lindner, Thomas},
	year = {2013},
	address = {Heidelberg},
	publisher = {Carl Winter},
}

@article{lindner_ergative_2014,
	title = {Ergative historiography’ revisited},
	volume = {41},
	language = {pt},
	number = {1},
	journal = {Historiographia Linguistica},
	author = {Lindner, T.},
	year = {2014},
	pages = {188--192},
}

@book{lissarrague_salvage_2006,
    ids ={Lissarrague2006},
	address = {Nambucca Heads},
	title = {A salvage grammar and {Wordlist} of the language from the {Hunter} {River} and {Lake} {Macquarie}},
	publisher = {Muurrbay},
	author = {Lissarrague, Amanda},
	year = {2006},
}

@book{lissarrague_grammar_2010,
	address = {Nambucca Heads},
	title = {A grammar and dictionary of {Gathang}: {The} language of the {Biirbay}, {Guringay} and {Warrimay}},
	publisher = {Muurrbay},
	author = {Lissarrague, A.},
	year = {2010},
}

@unpublished{livingstone_notitle_1876,
	author = {Livingstone, Hugh},
	year = {1876},
	annote = {Untitled [grammatical descriptions of ‘Minyung’, Minjangbal] Unpublished ms. Museum Victoria. BSM356=XM6375},
}

@unpublished{livingstone_notitle_1876-1,
	author = {Livingstone, Hugh},
	year = {1876},
	annote = {Untitled [grammatical descriptions of ‘Minyung’, Minjangbal] Unpublished ms. Museum Victoria. BSM357=XM6376.},
}

@unpublished{livingstone_minyung_nodate,
	title = {The {Minyung}: {The} speech and the speakers. {A} study in {Australian} {Aboriginal} philology by the {Rev} {Hugh} {Livingstone}},
	author = {Livingstone, Hugh No date},
	annote = {formerly Presbyterian Minister at Lismore, New South Wales [contains vocabulary of ‘Minyung’, Minjangbal] Unpublished ms. Museum Victoria. BSM354=XM6386},
}

@book{livingstone_grammar_1892,
    ids={Livingstone1892},
	title = {Grammar and vocabulary of the {Minyung} dialect},
	volume = {Part IV},
	author = {Livingstone, H.},
	editor = {{Fraser}},
	year = {1892},
}

@phdthesis{lockwood_vision_2007,
    ids={Lockwood2007},
	title = {A vision frustrated: {Lutheran} missionaries to the {Aborigines} of {South} {Australia}, 1838-1853},
	school = {The University of Adelaide},
	author = {Lockwood, Christine Joy},
	year = {2007},
	annote = {Unpublished Honours thesis,},
}

@phdthesis{lockwood_two_2014,
    ids={Lockwood2014},
	title = {The two kingdoms: {Lutheran} missionaries and the {British} civilizing mission in early {South} {Australia}},
	school = {The University of Adelaide},
	author = {Lockwood, C. J.},
	year = {2014},
}

@book{losonsky_humboldt_1999,
	address = {Cambridge},
	title = {Humboldt: ‘{On} language’: {On} the diversity of human language construction and its influence on the mental development of the human species},
	publisher = {Cambridge University Press},
	author = {Losonsky, Michael},
	year = {1999},
}

@article{love_notes_1937,
	title = {Notes on grammar and vocabulary of the {Wi}:rtjapakandja tribe of the {Musgrave} {Ranges} ... {South} {Australia}. {Unpublished} ms},
	journal = {Barr Smith Library Rare Books and},
	author = {Love, James Robert Beattie},
	year = {1937},
	annote = {Special Collections, University of Adelaide, FitzHerbert Papers 499.6.L897 Folder 3.},
}

@article{love_outline_1938,
	title = {An outline of {Worora} grammar},
	volume = {3},
	journal = {Oceania Monograph},
	author = {Love, J. R. B.},
	editor = {Elkin, Adolphus P.},
	year = {1938},
	address = {Sydney},
	publisher = {Australian National Research Council
Type: (M. A. thesis,},
	pages = {112--124},
}

@book{lowth_short_1762,
	address = {London},
	title = {A short introduction to {English} grammar with critical notes},
	publisher = {A. Millar and R. and J. Dodsley},
	author = {Lowth, Robert},
	year = {1762},
}

@incollection{luhtala_amsterdam_2005,
	address = {Amsterdam \& Philadelphia},
	title = {Amsterdam {Studies} in the {Theory} and {History} of {Linguistic} {Science}},
	volume = {107},
	booktitle = {Grammar and {Philosophy} in {Late} {Antiquity}: {A} {Study} of {Priscian}'s {Sources}},
	publisher = {John Benjamins},
	author = {Luhtala, Aneli},
	year = {2005},
}

@article{manaster-ramer_origin_1994,
	title = {The origin of the term ‘ergative’},
	volume = {47},
	number = {3},
	journal = {Sprachtypologie und Universalienforschung},
	author = {Manaster-Ramer, Alexis},
	year = {1994},
	pages = {211--214},
}

@book{marett_anthropology_1912,
	address = {London},
	title = {Anthropology},
	language = {it},
	publisher = {Williams and Norgate},
	author = {Marett, Robert Ranulph},
	year = {1912},
}

@book{marett_spencers_1931,
	address = {Oxford},
	title = {Spencer’s scientific correspondence},
	language = {fr},
	publisher = {Clarendon Press},
	editor = {Marett, R. R. and Penniman, Thomas Kenneth},
	year = {1931},
}

@book{marmion_national_2005,
	address = {Canberra},
	title = {National {Indigenous} languages {Survey} report},
	publisher = {AIATSIS},
	author = {Marmion, Doug and McConvell, Patrick and McNicol, Sally},
	year = {2005},
}

@book{marmion_community_2014,
	address = {Canberra},
	title = {Community, identity, wellbeing: the report of the {Second} {National} {Indigenous} {Languages} {Survey}},
	publisher = {AIATSIS},
	author = {Marmion, D. and Obata, Kazuko and Troy, Jakelin},
	year = {2014},
}

@book{martin_hodgkin_2004,
	title = {Hodgkin, {Thomas}},
	url = {http://www.oxforddnb.com/index/101033915/Thomas-Hodgkin},
	author = {Martin, G. H.},
	year = {2004},
	urldate  = {2015-07-10},
}

@article{mathews_gundungurra_1901,
	title = {The {Gundungurra} language},
	volume = {40},
	journal = {Proceedings of the American Philological Society},
	author = {Mathews, Robert Hamilton},
	year = {1901},
	pages = {140--148},
}

@article{mathews_thurrawal_1901,
	title = {The {Thurrawal} language},
	volume = {35},
	journal = {Journal and Proceedings of the Royal Society of New South Wales},
	author = {Mathews, R. H.},
	year = {1901},
	pages = {127--160},
}

@article{mathews_aboriginal_1902,
	title = {The {Aboriginal} languages of {Victoria}},
	volume = {36},
	journal = {Journal and Proceedings of the Royal Society of New South Wales},
	author = {Mathews, R. H.},
	year = {1902},
	pages = {71--106},
}

@article{mathews_1902b_nodate,
	title = {1902b {The} {Thoorga} and other {Australian} languages},
	volume = {24},
	journal = {American Antiquarian and Oriental Journal},
	author = {Mathews, R. H.},
	pages = {101--106},
}

@article{mathews_language_1903,
	title = {Language of the {Bungandity} tribe, {South} {Australia}},
	volume = {37},
	journal = {Journal and Proceedings of the Royal Society of New South Wales},
	author = {Mathews, R. H.},
	year = {1903},
	pages = {59--74},
}

@article{mathews_languages_1903,
	title = {Languages of the {Kamilaroi} and other {Aboriginal} tribes of {New} {South} {Wales}},
	volume = {33},
	journal = {Journal of the Anthropological Institute},
	author = {Mathews, R. H.},
	year = {1903},
	pages = {259--283},
}

@article{mathews_wiradyuri_1904,
	title = {The {Wiradyuri} and other languages of {New} {South} {Wales}},
	volume = {34},
	number = {224-305},
	journal = {Journal of the Anthropological Institute of Great Britain and Ireland},
	author = {Mathews, R. H.},
	year = {1904},
}

@book{mathews_letter_1905,
	address = {Alice Springs},
	title = {Letter to {Carl} {Strehlow} 14/11/1905 written from {Parramatta}},
	language = {it},
	publisher = {Strehlow Research Centre},
	author = {Mathews, R. H.},
	year = {1905},
	note = {Issue: record number},
}

@article{mathews_languages_1907,
	title = {Languages of some tribes of {Western} {Australia} [{Luritja} material},
	volume = {46},
	journal = {Proceedings of the American Philosophical Society},
	author = {Mathews, R. H.},
	year = {1907},
	pages = {361--368},
}

@article{mathews_arranda_1907,
	title = {The {Arran}'da language, {Central} {Australia}},
	volume = {46},
	journal = {Proceedings of the American Philosophical Society},
	author = {Mathews, R. H.},
	year = {1907},
	pages = {322--339},
}

@inproceedings{mathews_notes_1910,
	address = {Queensland},
	title = {Notes on some tribes of {Western} {Australia} [{Nyungar} material},
	volume = {25},
	booktitle = {Proceedings and {Transactions} of the {Royal} geographical {Society} of {Australasia}},
	author = {Mathews, R. H.},
	year = {1910},
	pages = {119--136},
}

@unpublished{mcconnel_notitle_1940,
	author = {McConnel, Ursula Hope},
	year = {1940},
	note = {Publisher: South Australian Museum Anthropological Archives, Adelaide},
	annote = {Wik-Mungkan Grammar. Unpublished mss.},
}

@book{mcdonald_study_2002,
    ids={McDonald2002},
	address = {Munich},
	title = {A study of the phonetics and phonology of the {Yaraldi} and associated dialects},
	language = {es},
	publisher = {Lincom Europa},
	author = {McDonald, Maryalyce},
	year = {2002},
}

@inproceedings{mcgregor_early_2000,
	address = {Leuven},
	title = {An early {Trappist} grammar of {NyulNyul} ({Dampier} {Land}, {Western} {Australia}},
	booktitle = {The history of linguistic and grammatical praxis: {Proceedings} of the {XIth} {International} {Colloquium} of the {Studienkreis} {Geschichte} der {Sprachwissenschaft} ({Leuven}},
	publisher = {Peeters},
	author = {McGregor, William B.},
	editor = {Desmet, P. and Jooken, L. and Schmitter, P. and Swiggers, P.},
	year = {2000},
	pages = {445--464},
}

@book{mcgregor_encountering_2008,
	address = {Canberra},
	title = {Encountering {Aboriginal} languages: {Studies} in the history of {Australian} linguistics},
	publisher = {Pacific Linguistics},
	editor = {McGregor, W. B.},
	year = {2008},
}

@book{mcgregor_introduction_2008,
	title = {Introduction},
	author = {McGregor, W. B.},
	editor = {{McGregor}},
	year = {2008},
}

@article{mcgregor_missionary_2008,
	title = {Missionary linguistics in the {Kimberley}, {Western} {Australia}: {A} history of the first seventy years},
	volume = {35},
	number = {1},
	journal = {Historiographia Linguistica},
	author = {McGregor, W. B.},
	year = {2008},
	pages = {121--162},
}

@article{mcgregor_typology_2009,
	title = {Typology of ergativity},
	volume = {3},
	language = {pt},
	number = {1},
	journal = {Language and Linguistics Compass},
	author = {McGregor, W. B.},
	year = {2009},
	pages = {480--508},
}

@book{mcnally_aborigines_1981,
	address = {Adelaide},
	title = {Aborigines, artefacts and anguish},
	publisher = {Lutheran Publishing House},
	author = {McNally, Ward},
	year = {1981},
}


@unpublished{meyer_correspondence_1839,
	title = {Correspondence with the committee of the {Evangelical} {Lutheran} {Mission} {Society} in {Dresden}},
	author = {Meyer, Heinrich August Eduard},
	year = {1839},
	annote = {Unpublished ms Lutheran Archives, Adelaide. Adelaide Missionaries (Dresden) 2/Folder M. Translated by Heidi Kneebone, Cynthia Rathjen, Sandy Martin and Lois Zweck.},
}

@book{meyer_vocabulary_1843,
    ids={Ramindjeri1843},
	address = {Adelaide},
	title = {Vocabulary of the language spoken by the {Aborigines} of the southern portions of the settled districts of {South} {Australia}, ... {Preceded} by a grammar},
	publisher = {James Allen},
	author = {Meyer, H. A.E.},
	year = {1843},
}

@book{meyer_manners_1846,
	address = {Adelaide},
	title = {Manners and customs of the {Aborigines} of the {Encounter} {Bay} tribe, {South} {Australia}. {Adelaide}: {George} {Dehane}. {Repr}},
	publisher = {E. S. Wigg and Son},
	author = {Meyer, H. A.E.},
	editor = {{Woods}},
	year = {1846},
}

@book{moore_descriptive_1842,
	address = {London},
	title = {A descriptive vocabulary of the language in common use amongst the natives of {Western} {Australia}},
	publisher = {W. S. Orr \& Co},
	author = {Moore, George Fletcher},
	year = {1842},
}

@article{moorhouse_letter_1840,
    ids ={Moorhouse1840},
	title = {Letter to {George} {Hall} {Esqu}, {Private} {Secretary}. 18/12/1840 {Protector} of {Aborigines}},
	volume = {1},
	journal = {Out letter book},
	author = {Moorhouse, Matthew},
	year = {1840},
}

@book{noauthor_notitle_nodate-1,
	url = {http://firstsources.info/uploads/3/4/5/4/34544232/_1.},
	language = {it},
	annote = {accessed 17/03/2016},
}

@article{moorhouse_annual_1843,
	title = {Annual report of the {Aborigines} {Department} for the year ending 30th {September} 1843},
	journal = {\biberror{Repr. in R}},
	author = {Moorhouse, M.},
	year = {1843},
	pages = {54--62},
}

@book{moorhouse_vocabulary_1846,
    ids={Moorhouse1846},
	address = {Adelaide},
	title = {A vocabulary and outline of the grammatical structure of the {Murray} {River} {Language} spoken by the natives of {South} {Australia} from {Wellington} on the {Murray}, as far as the {Rufus}},
	publisher = {Andrew Murray},
	author = {Moorhouse, M.},
	year = {1846},
}

@incollection{moorhouse_report_1841,
	title = {Report on the {Aborigines} of {South} {Australia}},
	booktitle = {Presented to the {Statistical} {Society} in {Adelaide}. {Register}. 08/01/1842. {Repr}. in {R}},
	author = {Moorhouse, M. and Teichelmann, C. G.},
	year = {1841},
	pages = {38--53},
}

@incollection{morpurgo-davies_language_1975,
	title = {Language {Classification} in the {Nineteenth} {Century}},
	booktitle = {T {Sebeok} {Current} trends in linguistics},
	author = {Morpurgo-Davies, Anna},
	year = {1975},
	annote = {The Hague: Mouton. 607-716.},
}

@book{muller_letters_1854,
	address = {London},
	title = {Letters to {Chevalier} {Bunsen} on the classification of the {Turanian} languages},
	publisher = {A \& G. A. Spottiswoode},
	author = {Müller, F. Max},
	year = {1854},
}

@book{muller_lectures_1861,
	address = {London},
	title = {Lectures on the science of language, delivered at the {Royal} {Institution} of {Great} {Britain} ... in 1861 [and 1863},
	publisher = {Longman, Green, Longman and Roberts},
	author = {Müller, F. M.},
	year = {1861},
}

@incollection{muller_reise_1867,
	title = {Reise der Österreichischen {Fregatte} {Novara} um die {Erde} in den {Jahren} 1857, 1858, 1859: {Linguistischer} {Theil}, {Abteilung} {III}, {Australische} {Sprachen}. {Vienna}: {Aus} der kaiserlich-königlichen {Hof}- und {Staatsdruckerei}},
	booktitle = {In commission bei {K}. {Gerold}'s {Sohn}},
	author = {Müller, Friedrich},
	year = {1867},
	pages = {239--266},
}

@incollection{muller_reise_1868,
	address = {Band III},
	title = {Reise der Österreichischen {Fregatte} {Novara} um die {Erde} in den {Jahren} 1857, 1858, 1859: {Anthropologischer} {Theil}},
	booktitle = {In commission bei {K}},
	publisher = {Gerold's Sohn},
	author = {Müller, F. and {Ethnographie}},
	year = {1868},
}

@article{muller_18761887_nodate,
	title = {1876–1887},
	volume = {4},
	journal = {Grundriß der Sprachwissenschaft},
	author = {Müller, F.},
	address = {Vienna},
	publisher = {Hölder},
}

@incollection{muller_grundris_1882,
    ids ={Müller1882},
	address = {Vienna},
	title = {Grundriß der {Sprachwissenschaft}},
	booktitle = {{II}: {Die} {Sprachen} der {Schlichthaarigen} {Rassen}. {Part} 1: {Die} {Sprachen} der {Australischen}, der {Hyperboreischen} und der {Amerikanischen} {Rasse}},
	publisher = {Hölder},
	author = {Müller, F.},
	year = {1882},
}

@incollection{mulvaney_oxford_2008,
	address = {California},
	title = {From {Oxford} to the bush: {WE} {Roth}, {WB} {Spencer} and {Australian} {Anthropology}},
	booktitle = {The {Roth} family, anthropology \& {Colonial} administration},
	publisher = {Left Coast Press},
	author = {Mulvaney, Derek John},
	editor = {McDougall, R. and Davidson, I.},
	year = {2008},
	pages = {107--120},
}

@phdthesis{newton_more_1987,
	type = {({Hons}.) thesis,},
	title = {More than one language, more than one culture: {Scholarly} and popular ideas about {Australian} {Aboriginal} languages from early times until 1860},
	school = {Macquarie University},
	author = {Newton, Peter J. F.},
	year = {1987},
	annote = {Unpublished MA},
}

@article{nind_description_1831,
	title = {Description of the natives of {King} {George}'s {Sound} ({Swan} {River} {Colony}) and adjoining country},
	volume = {1},
	journal = {Journal of the Royal Geographical Society of London},
	author = {Nind, Scott},
	year = {1831},
	pages = {21--51},
}

@article{nobbs_bush_2005,
	title = {The bush missionary’s defence: a key document in the history of {Australian} mission ethnography},
	volume = {4},
	journal = {Strehlow Research Centre Occasional Paper},
	author = {Nobbs, Chris},
	editor = {Kenny, A. and Mitchell, S.},
	year = {2005},
	pages = {26--53},
}

@book{nordlinger_constituency_2014,
	title = {Constituency and grammatical relations in {Australian} languages},
	author = {Nordlinger, Rachel},
	editor = {{Koch} and {Nordlinger}},
	year = {2014},
}

@article{nowak_through_1993,
	title = {Through the looking glass: {Syntactic} structures of {Inuktitut} and ergativity},
	volume = {17},
	number = {1},
	journal = {Inuit Studies},
	author = {Nowak, Elka},
	year = {1993},
	pages = {103--116},
}

@book{ogrady_coherence_2004,
	title = {The coherence and distinctiveness of the {Pama}-{Nyungan} language family within the {Australian} linguistic phylum},
	author = {O'Grady, Geoffrey N. and Hale, Kenneth L.},
	editor = {{Bowern} and {Koch}},
	year = {2004},
}

@article{ogrady_languages_1966,
	title = {Languages of the world: {Indo}-{Pacific} {Fascicle} 6},
	volume = {8},
	journal = {Anthropological Linguistics},
	author = {O'Grady, G. N. and Voegelin, Carl F. and Voegelin, Frances M.},
	year = {1966},
	pages = {1--97},
}

@book{oihenart_notitia_1638,
	address = {Paris},
	title = {Notitia utriusque {Vasconiae}},
	language = {it},
	publisher = {Cramoisy},
	author = {Oihenart, Arnaud},
	year = {1638},
}

@phdthesis{oppliger_phonology_1984,
    ids ={Oppliger1984},
	type = {({Hons}) thesis,},
	title = {The phonology and morphology of {Awabakal}: a reconstitution from the early written sources},
	school = {University of Sydney},
	author = {Oppliger, Mandy},
	year = {1984},
	annote = {Unpublished BA},
}

@inproceedings{ostler_social_2004,
	address = {Amsterdam and Philadelphia},
	title = {The social roots of missionary linguistics},
	booktitle = {Missionary linguistics/ {Linguistica} {Misionera}: {Selected} papers from the first international conference on missionary linguistics},
	publisher = {John Benjamins},
	author = {Ostler, Nicholas},
	editor = {Zwartjes, Otto and Hovdhaugen, Even},
	year = {2004},
	pages = {33--46},
}

@book{dictionary_notitle_1933,
	address = {Oxford},
	publisher = {Clarendon Press},
	author = {Dictionary, Oxford English},
	year = {1933},
}

@book{petrie_tom_1904,
	address = {Brisbane},
	title = {Tom {Petrie}'s reminiscences of early {Queensland} (dating from 1837},
	publisher = {Watson, Ferguson \& Co},
	author = {Petrie, Tom and Petrie, Constance Campbell},
	year = {1904},
}

@article{planert_australische_1907,
	title = {Australische {Forschungen} {I}},
	volume = {39},
	journal = {Aranda-Grammatik. Zeitschrift für Ethnologie},
	author = {Planert, Wilhelm},
	year = {1907},
	pages = {561--566},
}

@book{planert_syntaktischen_1907,
	address = {Berlin},
	title = {Die {Syntaktischen} {Verhältnisse} des {Suaheli}},
	publisher = {Süsserott},
	author = {Planert, Wilhelm},
	year = {1907},
}

@article{planert_australische_1908,
	title = {Australische {Forschungen} {II}: {D}ieri-{G}rammatik},
	volume = {40},
	journal = {Dieri-Grammatik. Zeitschrift für Ethnologie},
	author = {Planert, W.},
	year = {1908},
	pages = {686--697},
}

@article{pott_einleitung_1884,
	title = {Einleitung in die allgemeine {Sprachwissenschaft}. {Internationale} {Zeitschrift} für {Allgemeine} {Sprachwissenschaft} {Leipzig}: {F}},
	journal = {Einleitung in die Allgemeine Sprachwissenschaft [1884-90], with Zur Litteratur der Sprachenkunde Europas [1887},
	author = {Pott, August Friedrich},
	editor = {Koerner, E. F.K.},
	year = {1884},
	address = {Amsterdam \& Philadelphia},
	publisher = {John Benjamins},
}

@book{proeve_three_1946,
	address = {Tanunda},
	title = {Three missionary pioneers},
	publisher = {Auricht’s Printing Office},
	author = {Proeve, E. H.},
	year = {1946},
}

@book{proeve_work_1952,
	address = {Tanunda},
	title = {A work of love and sacrifice},
	publisher = {Auricht’s Printing Office},
	author = {Proeve, E. H. and Proeve, Heinrich Friedrich Wilhelm},
	year = {1952},
}

@book{provis_tribes_1879,
	title = {Tribes of the {Western} {District}},
	author = {Provis, C.},
	editor = {Taplin, G.},
	year = {1879},
}

@book{ramshorn_lateinische_1824,
	address = {Leipzig},
	title = {Lateinische {Grammatik}},
	publisher = {F. C.W. Vogel},
	author = {Ramshorn, Ludwig},
	year = {1824},
}

@article{rathjen_difficult_1998,
    ids ={Rathjen1998},
	title = {A difficult and boring task: {Clamor} {Schürmann} and the language achievements among the {Parnkalla}, {Port} {Lincoln}, 1840-1852},
	volume = {8},
	journal = {Journal of the Friends of the Lutheran Archives},
	author = {Rathjen, Cynthia},
	year = {1998},
	pages = {59--95},
}

@book{ray_linguistics_1907,
	address = {Cambridge},
	title = {Linguistics},
	volume = {3},
	publisher = {Cambridge University Press},
	author = {Ray, Sidney Herbert},
	editor = {Haddon, Alfred C.},
	year = {1907},
}

@article{ray_aboriginal_1925,
	title = {Aboriginal languages},
	volume = {I},
	journal = {The Illustrated Australian Encyclopaedia},
	author = {Ray, S. H.},
	year = {1925},
	address = {Sydney},
	Publisher ={Angus and Robertson},
	pages = {2--15},
}

@book{ray_study_1893,
	ids = {Ray_1983, Ray1983},
	address = {Dublin},
	title = {A {Study} of the languages of {Torres} {Straits}, with vocabularies and grammatical notes: {Part} {I}},
	publisher = {Dublin University Press},
	author = {Ray, S. H. and Haddon, Alfred Cort},
	year = {1893},
}

@book{regamey_propos_1954,
	address = {Bern},
	title = {A {Propos} de la {Construction} {Ergative} en {Indo}-aryen {Modern} {Sprachgeschichte} und {Wortbedeutung}},
	publisher = {Francke},
	author = {Regamey, Constantin},
	editor = {Redard, George},
	year = {1954},
}

@book{rheinwald_acta_1840,
	address = {Hamburg},
	title = {Acta {Historico}-{Ecclesiastica} {Seculi} {XIX}},
	publisher = {Friedrich Perthes},
	author = {Rheinwald, George Friedrich Heinrich},
	year = {1840},
}

@unpublished{reuther_dieri_1894,
    ids={Reuther1894},
	title = {Dieri grammar and dictionary},
	author = {Reuther, Johann Georg},
	year = {1894},
	note = {Publisher: Lutheran Archives, Adelaide. Box 22 Immanuel Synod–Bethesda Mission},
	annote = {Unpublished ms.},
}

@unpublished{reuther_reuther_1899,
	title = {The {Reuther} manuscript {Part} {A}},
	author = {Reuther, J. G.},
	year = {1899},
	note = {Publisher: South Australian Museum Anthropological Archives, Adelaide. AA266
Volume: V},
	annote = {Unpublished ms.},
}




@book{reuther_ms_1899,
	title = {{MS}. grammar of {Diyari}},
	language = {is},
	author = {Reuther, J. G.},
	editor = {In Reuther, J. G. [1899–1901]. Repr. and Schwarzschild, transl in Luise A. Hercus \& Theodora},
	year = {1899},
}

@book{reuther_repr_1899,
	ids = {reuther_ms_1901a},
	title = {MS. grammar of Wangkangurru. Repr. and transl. by {Luise} {A}},
	publisher = {Hercus \& Theodora Schwarzschild},
	author = {Reuther, J. G.},
	year = {1901},
}

@book{reuther_ms_1901b,
	ids = {reuther1901b,reuther_ms_1901},
	title = {{MS}. grammar of {Yandrruwandha}},
	publisher = {Hercus \& Theodora Schwarzschild},
	author = {Reuther, J. G.},
	editor = {Reuther, J. G.},
	year = {1901},
}

@book{reuther_testamenta_1897,
	address = {Tanunda},
	title = {Testamenta {Marra}: {Jesuni} {Christuni} ngantjani jaura ninaia karitjimalkana wonti {Dieri} jaurani},
	publisher = {G. Auricht},
	author = {Reuther, J. G. and Strehlow, Carl F. T.},
	year = {1897},
}

@book{reynolds_law_1987,
	address = {Melbourne},
	title = {The {Law} of the land},
	publisher = {Penguin Books},
	author = {Reynolds, Henry},
	year = {1987},
}

@book{rhenius_grammar_1836,
	address = {Madras},
	title = {A grammar of the {Tamil} language},
	publisher = {Church Mission Press},
	author = {Rhenius, Charles Theophilus Ewald},
	year = {1836},
}

@unpublished{ridley_kamilaroi_1855,
	address = {Sydney},
	title = {Kamilaroi Grammar and Vocabulary},
	language = {io},
	author = {Ridley, William},
	year = {1855},
	note = {Publisher: Mitchell Library},
	annote = {Unpublished ms.},
}

@article{ridley_kamilaroi_1855-1,
	title = {On the {Kamilaroi} language of {Australia} {Letter} to {T}. {H}. {Key} (written from {Balmain}, {Sydney} 30/11/1854},
	journal = {Transactions of the Philological Society},
	author = {Ridley, W.},
	year = {1855},
	pages = {72--84},
}



@book{ridley_gurre_1856,
	address = {Sydney},
	title = {Gurre {Kamilaroi} or {Kamilaroi} sayings},
	publisher = {The Empire General Steam Printing Office},
	author = {Ridley, W.},
	year = {1856},
}

@article{ridley_kamilaroi_1856,
	title = {Kamilaroi tribe of {Australians} and their dialect, in a letter to {Dr}. {Hodgkin} (written 03/11/1853 from {Balmain} {Sydney}},
	volume = {4},
	journal = {Journal of the Ethnological Society of London},
	author = {Ridley, W.},
	year = {1856},
	pages = {285--293},
}

@book{ridley_kamilaroi_1866,
	address = {New South Wales. Sydney},
	title = {Kamilaroi, {Dippil} and {Turrubul}: {Languages} spoken by {Australian} {Aborigines}},
	publisher = {Government Printer},
	author = {Ridley, W.},
	year = {1866},
}

@article{ridley_report_1873,
	title = {Report on {Australian} {Languages} and {Traditions}},
	volume = {2},
	journal = {The Journal of the Anthropological Institute of Great Britain and Ireland},
	author = {Ridley, W.},
	year = {1873},
	pages = {275--291},
}

@book{ridley_kamilaroi_1875,
	address = {Sydney},
	title = {Kamilaroi and other {Australian} languages},
	publisher = {Government Printer},
	author = {Ridley, W.},
	year = {1875},
}

@book{ridley_gurre_1892,
	title = {Gurre {Kamilaroi} — ‘{Kamilaroi} sayings’},
	volume = {Part IV},
	author = {Ridley, W.},
	editor = {{Fraser}},
	year = {1892},
}

@unpublished{riedel_notitle_1931,
	address = {Adelaide},
	author = {Riedel, Johannes},
	year = {1931},
	note = {Publisher: South Australian Museum Anthropological Archives},
	annote = {Untitled [Grammar of Aranda (Arrernte) copied by E. Kramer]. Unpublished ms, 87-112, 6, 8, 10.},
}

@unpublished{riedel_ngujangujara_1914,
	title = {Ngujangujara pepa {Diari} – {Talini}},
	author = {Riedel, Wilhelm},
	year = {1914},
	note = {Publisher: Lutheran Archives, Adelaide. Box 22 Immanuel Synod–Bethesda Mission},
	annote = {Unpublished ms.},
}

@article{roberts_language_2008,
	title = {Language to save the innocent’: {Reverend} {L}. {Threlkeld}’s linguistic mission},
	volume = {94},
	number = {2},
	journal = {The Journal of the Royal Australian Historical Society},
	author = {Roberts, David Andrew},
	year = {2008},
	pages = {107--125},
}

@incollection{rocher_sanskrit_nodate,
	address = {Amsterdam},
	title = {Sanskrit: {Discovery} by {Europeans}},
	booktitle = {Encyclopaedia of language and linguistics},
	publisher = {Elsevier Ltd},
	author = {Rocher, Rosane},
	pages = {746--749},
}

@book{roth_ethnological_1897,
    ids={Roth1897},
	address = {Brisbane},
	title = {Ethnological studies among the {North}-{West}-{Central} {Queensland} {Aborigines}},
	publisher = {Government Printer},
	author = {Roth, Walter Edmund},
	year = {1897},
}

@book{roth_structure_1901,
	address = {Brisbane},
	title = {The structure of {Koko}-{Yimidir} {Language}},
	publisher = {Government Printer},
	author = {Roth, W. E.},
	year = {1901},
}

@book{rouse_cambridge_1998,
	address = {Cambridge},
	title = {Cambridge and the {Torres} {Strait}: {Centenary} essays on the 1898 {Anthropological} {Expedition}},
	publisher = {Cambridge University Press},
	editor = {Rouse, Sandra and Herle, Anita},
	year = {1998},
}

@article{schebeck_adnjamathanha_1973,
	title = {The {Adnjamathanha} personal pronoun and the {Wailpi} kinship system},
	number = {6},
	journal = {Papers in Australian Linguistics},
	author = {Schebeck, Bernhard},
	editor = {Schebeck, B. and Hercus, L. A. and White, I. M.},
	year = {1973},
	address = {Canberra},
	publisher = {Australian National University},
	pages = {1--45},
}

@Book{Scherer1973,
    ids = {Scherer1971,scherer_joiners_1973},
  author    = {Scherer, Philipp A.},
  publisher = {Lutheran Publishing House},
  title     = {From joiner’s bench to pulpit: {A} translation of {A. H. Kempe's} autobiography},
  year      = {1973},
  address   = {Adelaide},
}

@article{schleicher_zur_1859,
	title = {Zur {Morphologie} der {Sprache}},
	volume = {1},
	language = {fr},
	number = {7},
	journal = {Mémoires de l'Académie des Sciences de St. Petersbourg. Série VII},
	author = {Schleicher, August},
	year = {1859},
	address = {St. Petersburg},
    publisher = {Eggers, Schmidt \& Voss},
	pages = {1--38},
}

@article{schmidt_sprachlichen_1902,
	title = {Die {Sprachlichen} {Verhältnisse} von {Deutsch}-{Neuguinea} [{Part} 2},
	volume = {6},
	journal = {Zeitschrift für afrikanische, ozeanische und ostasiatische Sprachen},
	author = {Schmidt, Pater Wilhelm},
	year = {1902},
	pages = {1--99},
}

@article{schmidt_stellung_1908,
	title = {Die {Stellung} der {Aranda} unter den australischen {Stämmen}},
	volume = {40},
	number = {6},
	journal = {Zeitschrift für Ethnologie},
	author = {Schmidt, P. W.},
	year = {1908},
	pages = {866--901},
}

@book{schmidt_gliederung_1919,
	address = {Wien},
	title = {Die {Gliederung} der {Australischen} {Sprachen}: {Geographische}, {Bibliographische}, {Linguistische} {Grundzüge} der {Erforschung} der {Australischen} {Sprachen}},
	publisher = {Mechitharisten-Buchdruckerei},
	author = {Schmidt, P. W.},
	year = {1919},
}

@book{schmidt_personalpronomina_1919,
	address = {Wien},
	title = {Die {Personalpronomina} in den {Australischen} {Sprachen}},
	publisher = {Hölder},
	author = {Schmidt, P. W.},
	year = {1919},
}

@article{schmidt_review_1946,
	title = {Review of {Aranda}},
	volume = {44},
	url = {http://www.jstor.org/stable/40450781).},
	doi = {(URL},
	language = {pt},
	number = {4},
	journal = {Phonetics and Grammar Anthropos},
	author = {Schmidt, P. W.},
	year = {1946},
	pages = {941--994},
}



@book{schroder_erhard_2011,
	address = {Adelaide},
	title = {Erhard {Eylmann}: {Ethnographer} and explorer},
	publisher = {Wakefield Press},
	author = {Schröder, Wilfred},
	editor = {Monteath, Peter},
	year = {2011},
}

@article{schulze_aborigines_1890,
	title = {The {Aborigines} of the upper and middle {Finke} {River}},
	volume = {14},
	journal = {Transactions and Proceedings and Reports of the Royal Society of South Australia},
	author = {Schulze, Louis Gustav},
	year = {1890},
	pages = {210--246},
}

@unpublished{schurmann_diaries_1838,
	address = {Adelaide},
	title = {Diaries},
	author = {Schürmann, Clamor Wilhelm},
	year = {1838},
	note = {Publisher: Lutheran Archives},
	annote = {Unpublished ms.},
}

@incollection{schurmann_vocabulary_1844,
    ids={Schürmann1844},
	address = {Adelaide},
	title = {A vocabulary of the {Parnkalla} language spoken by the natives inhabiting the western shores of {Spencer} {Gulf}. {To} which is prefixed a collection of grammatical rules hitherto ascertained by {C}.{W}},
	booktitle = {Shürmann [sic},
	publisher = {George Dahane},
	author = {Schürmann, C. W.},
	year = {1844},
	note = {Corresponds to Schürmann 1844a in the text}
}

@incollection{schurmann_letter_1844,
	title = {Letter to the {Committee} of the {Evangelical} {Lutheran} {Mission} {Society} in {Dresden} 19/08/1844., written from {Port} {Lincoln}},
	booktitle = {Original held at the {Archiv} der {Franckeschen} {Stiftungen}, {Halle} ({Saale}), {Germany}. {Copy}, transcription and translation at {Lutheran} {Archives}},
	author = {Schürmann, C. W.},
	year = {1844},
	note = {Corresponds to Schürmann 1844b in the text}
}

@book{schurmann_aboriginal_1846,
    ids ={Schürmann1846},
	address = {Adelaide},
	title = {The {Aboriginal} tribes of {Port} {Lincoln} in {South} {Australia}, their mode of life, manners and customs},
	publisher = {George Dahane},
	author = {Schürmann, C. W.},
	year = {1846},
}

@book{schurmann_id_1987,
    ids={Schurmann1987,Schurmann1840,schurmann1840},
	address = {Adelaide},
	title = {I’d rather dig potatoes: {Clamor} {Schurmann} and the {Aborigines} of {South} {Australia} 1838-1853},
	publisher = {Lutheran Publishing House},
	author = {Schurmann, Edwin A.},
	year = {1987},
}

@incollection{schwarz_koko_1900,
	title = {Koko {Yimidir}: {Guugu}-{Yimidhirr} grammatical notes in {German}},
	booktitle = {Unpublished ms. {Australian} {Institute} of {Aboriginal} and {Torres} {Islander} {Studies}, {Canberra}. {PMS} 2663},
	author = {Schwarz, Georg Heinrich and Poland, Wilhelm Georg Friedrich},
	year = {1900},
	pages = {2664},
}

@phdthesis{scrimgeour_colinizers_2007,
	ids = {scrimgeour_2006},
	title = {Colinizers and civilizers: {Aboriginal} schools and the mission to ‘civilize’ in {South} {Australia} 1839-1845},
	school = {Charles Darwin University},
	author = {Scrimgeour, Anne},
	year = {2007},
}

@book{scott_evangelia_1879,
	address = {Sydney},
	title = {Evangelia {Mareko} {Detali} {The} {Gospel} according to {Mark} in the {Murray} {Island} {Dialect}, {Torres} {Straight}},
	language = {nl},
	publisher = {Foster and Fairfax},
	author = {Scott, J. Tait},
	year = {1879},
}


@article{schoknecht_grammar_1947,
	ids = {Schoknecht1872,schoknecht1872},
	title = {Grammar of the language of the {Dieri} {Aborigines}},
	author = {Schoknecht, Carl Heinrich Martin},
	year = {1947[1872]},
	address = {South Oakleigh},
	publisher ={A. \& C. Schoknecht}
}


@article{seely_ergative_1977,
	title = {An ergative historiography},
	volume = {4},
	language = {pt},
	journal = {Historiographia Linguistica},
	author = {Seely, Jonathan},
	year = {1977},
	pages = {191--206},
}

@book{shaw_194_nodate,
	address = {Fitzroy, Victoria},
	title = {{Early} days among the {Aborigines}: {The} story of {Yelta} and {Coranderrk} missions},
	publisher = {W},
	year = {194?},
	author = {Shaw, Ethel},
	annote = {\& J. Barr.},
}

@book{shnukal_at_1998,
	title = {At the {Australian}-{Papuan} linguistic boundary: {Sidney} {Ray}’s classification of {Torres} {Strait} languages},
	author = {Shnukal, Anna},
	editor = {{Rouse} and {Herle}},
	year = {1998},
}

@article{siebert_sagen_1910,
	title = {Sagen und {Sitten} der {Dieri} und {Nachbarstämme} in {Zentral}-{Australien}},
	volume = {97},
	journal = {Globus},
	author = {Siebert, Otto},
	year = {1910},
	pages = {57--59},
}

@article{siebert_letter_1935,
	title = {Letter to {T}. {Vogelsang}, 21/06/1935 written in {Germany}. {South} {Australian} {Museum} {Anthropological} {Archives}, {Adelaide}},
	volume = {266},
	number = {5/8/1-4},
	journal = {AA},
	author = {Siebert, O.},
	year = {1935},
	annote = {part translation of the same: AA 266/5/9).},
}

@book{siewierska_passive_2013,
	title = {Passive constructions {The} {World} {Atlas} of {Language} {Structures} {Online} {Leipzig}: {Max} {Planck} {Institute} for {Evolutionary} {Biology}},
	url = {http://wals.info/chapter/107,},
	author = {Siewierska, Anna},
	year = {2013},
	urldate  = {28-06-2016},
}

@article{silverstein_chinook_1972,
    ids ={Silverstein1972},
	title = {Chinook jargon: {Language} contact and the problem of multi-level generative systems},
	volume = {48. 378-406},
	language = {pt},
	journal = {Language},
	author = {Silverstein, Michael},
	year = {1972},
	pages = {596--625},
}

@book{silverstein_hierarchy_1976,
    ids={Silverstein1976},
	title = {Hierarchy of {Features} and {Ergativity}},
	language = {cs},
	author = {Silverstein, M.},
	editor = {{Dixon}},
	year = {1976},
}

@book{simpson_notes_1992,
	address = {Canberra},
	title = {Notes on a manuscript dictionary of {Kaurna}},
	publisher = {Pacific Linguistics},
	author = {Simpson, Jane},
	editor = {Dutton, T. and Ross, M. and Tryon, D.},
	year = {1992},
}

@article{simpson_early_1996,
	title = {Early language contact varieties in {South} {Australia}},
	volume = {16},
	number = {2},
	journal = {Australian Journal of Linguistics},
	author = {Simpson, J.},
	year = {1996},
	pages = {169--207},
}

@book{simpson_i_2008,
	title = {I could have saved you linguists a lot of time and trouble: 180 years of research and documentation of {South} {Australia}'s indigenous languages, 1826–2006},
	author = {Simpson, J. and Amery, R. and Gale, M.-A.},
	editor = {{McGregor}},
	year = {2008},
}

@book{simpson_thura-yura_2004,
	title = {Thura-{Yura} as a subgroup},
	author = {Simpson, J. and Hercus, L. A.},
	editor = {{Bowern} and {Koch}},
	year = {2004},
}

@phdthesis{singer_inclusory_2001,
	type = {Unpublished {Honours} thesis,},
	title = {The inclusory constructions in {Australian} languages},
	school = {University of Melbourne},
	author = {Singer, Ruth},
	year = {2001},
}

@article{smith_booandik_1880,
	title = {The {Booandik} tribe of {South} {Australian} {Aborigines}: {A} sketch of their habits, customs, legends and language},
	journal = {Adelaide. E. Spiller, Government Printer},
	author = {Smith, Mrs James},
	year = {1880},
}

@incollection{smythe_bandjalang_1978,
	ids = {smythe1949},
	address = {Canberra},
	title = {Bandjalang grammar},
	booktitle = {\biberror{T. {Crowley} The {Middle} {Clarence} dialects of {Bandjalang}}},
	publisher = {Australian Institute of Aboriginal Studies},
	author = {Smythe, William E.},
	year = {1978[1949]},
	pages = {247--478},
	note = {First published 1949. Elementary grammar of the Gumbáinggar Language (North Coast, New South Wales). Sydney: Oceania Linguistic Monographs. Reprinted from Oceania 19, 130-191, 254-299 (1948); 20, 29-65 (1949); corrigenda in Oceania 21, 73-76 (1950).}
}

@book{spencer_native_1899,
	address = {London},
	title = {The {Native} {Tribes} of {Central} {Australia}},
	publisher = {Macmillan},
	author = {Spencer, Walter Baldwin and Gillen, Francis James},
	year = {1899},
}

@article{stockigt_early_2015,
	title = {Early descriptions of {Pama}-{Nyungan} ergativity. {Missionary} {Linguistics} world-wide: {Theory}, practice and politics},
	volume = {42},
	number = {2},
	journal = {Historiographia Linguistica. Amsterdam \& Philadelphia: John Benjamins},
	author = {Stockigt, Clara},
	year = {2015},
	pages = {335--377},
}

@book{strehlow_letter_1896,
	title = {Letter to {Christian} {Keysser} 18/12/1896 written from {Bethesda}. {Lutheran} {Archives}, {Adelaide}. {Immanuel} {Synod}-{FRM} {N9}},
	language = {it},
	author = {Strehlow, C. F.T.},
	translator = {Lange, Janette},
	year = {1896},
}

@book{strehlow_galtjindinjamea-pape_1904,
	address = {Tanunda},
	title = {Galtjindinjamea-{Pape} {Aranda}-{Wolambarinjaka} ({Book} of instruction of the {Aranda} {Congregation}},
	publisher = {G. Auricht},
	author = {Strehlow, C. F.T.},
	year = {1904},
	ids = {strehlow_1904a}
}

@article{strehlow_letter_1904,
	title = {Letter to {Kaibel} 22/11/1904 written in {Hermannsburg}},
	language = {it},
	journal = {Lutheran Archives},
	author = {Strehlow, C. F.T.},
	year = {1904},
	annote = {Adelaide. Immanuel-FRM N9.},
	ids = {strehlow_1904b}
}

@incollection{strehlow_letter_1906,
	title = {Letter to {R}},
	booktitle = {H. {Mathews} 4/03/1906 written in {Hermannsburg}. {National} {Library} of {Australia} {MS8006}},
	author = {Strehlow, C. F.T.},
	year = {1906},
	annote = {Series2 folder 4 box1.},
}

@book{strehlow_aranda-und_1907,
	address = {Frankfurt am Main},
	title = {Die {Aranda}-und {Loritja}-{Stämme} in {Zentral}-{Australien}},
	volume = {Vols. 1-5},
	publisher = {Städtisches Völkerkunde-Museum},
	author = {Strehlow, C. F.T.},
	year = {1907},
}

@article{strehlow_einige_1908,
	title = {Einige {Bemerkungen} über die von {Dr}. {Planert} auf {Grund} der {Forschungen} des {Missionars} {Wettengel} veröffentlichte {Aranda}-{Grammatik}},
	volume = {40},
	journal = {Zeitschrift für Ethnologie},
	author = {Strehlow, C. F.T.},
	year = {1908},
	pages = {698--703},
}

@unpublished{strehlow_notitle_1910,
	address = {Alice Springs},
	author = {Strehlow, C. F.T.},
	year = {1910},
	note = {Publisher: Strehlow Research Centre},
	annote = {Untitled [Comparative grammar of Arrernte and Luritja]. Unpublished ms.},
}

@article{strehlow_untitled_1931,
    ids ={Strehlow1931a},
	title = {Untitled [{Grammar} of {Aranda} ({Arrernte}) copied by {E}. {Kramer} from lost original},
	volume = {3, 5, 7},
	journal = {Unpublished ms},
	author = {Strehlow, C. F. T.},
	year = {1931},
	address = {Adelaide},
	publisher = {South Australian Museum Anthropological Archives},
	pages = {11--86},
}

@book{strehlow_grammatik_1931,
	address = {Adelaide},
	title = {Die {Grammatik} der {Aranda}-{Sprache} [mimeograph copy of original lost {Arrernte} grammar by {C}},
	publisher = {Strehlow]. Lutheran Archives},
	author = {Strehlow, C. F. T.},
	year = {1931},
}

@book{strehlow_tale_2011,
	address = {London},
	title = {The tale of {Frieda} {Keysser}},
	volume = {I},
	publisher = {Wild Cat Press},
	author = {Strehlow, John},
	year = {2011},
}

@book{strehlow_letter_1934,
	title = {Letter to the {Registrar}, {The} {University} of {Adelaide} 11/07/1934, written in {Adelaide}},
	publisher = {University of Adelaide Archives. Series},
	author = {Strehlow, Theodor Georg Heinrich},
	year = {1934},
}

@phdthesis{strehlow_aranda_1938,
	type = {Ph.{D}. thesis,},
	title = {Aranda grammar},
	school = {The University of Adelaide},
	author = {Strehlow, T. G.H.},
	year = {1938},
	annote = {published 1944].},
}

@article{strehlow_aranda_1944,
	title = {Aranda phonetics and grammar},
	volume = {7},
	journal = {= Oceania Monographs},
	author = {Strehlow, T.G.H.},
	year = {1944},
	address = {Sydney},
	publisher = {The University of Sydney},
}

@incollection{strehlow_no_1979,
	address = {Adelaide},
	title = {{Altjira} {Rega} {Ekalta}, {Praise} to the {Lord}, the {Almighty}},
	booktitle = {Yearbook of the {Lutheran} {Church} of {Australia} 1979},
	publisher = {Lutheran Publishing House},
	author = {Strehlow, T. G. H.},
	editor = {Wiebusch, E. W.},
	year = {1979},
	note = {no author cited, but {TGHS} according to {Lois} {Zweck})}
}

@book{sutton_australian_1979,
	address = {Canberra},
	title = {Australian language names},
	publisher = {Pacific Linguistics},
	author = {Sutton, Peter},
	editor = {Wurm, Stephen A.},
	year = {1979},
}

@book{sutton_explorations_nodate,
	title = {Explorations in {Northmost} {Australia}: a {Life} of {Ursula} {Hope} {McConnel}},
	author = {Sutton, P.},
}

@book{symmons_grammatical_1841,
    ids ={Symmons1841},
	address = {Perth},
	title = {Grammatical introduction to the study of the {Aboriginal} language in {Western} {Australia}. {Perth}: {The} author},
	publisher = {The Western Australian Almanac},
	author = {Symmons, Charles},
	year = {1841},
	note = {Type: (Repr.},
	annote = {= Grammar of the language spoken by the Aborigines of Western Australia.},
}

@book{symmons_grammar_1892,
	title = {Grammar of a dialect in {Western} {Australia}},
	volume = {Part IV},
	language = {it},
	author = {Symmons, C.},
	editor = {{Fraser}},
	year = {1892},
}

@article{taplin_vocabulary_1867,
	title = {Vocabulary and grammar of the languages of the {Aborigines} who inhabit the shores of the lakes and lower {Murray}. {Unpublished} ms},
	journal = {Barr Smith Library Rare Books and},
	author = {Taplin, George},
	year = {1867},
	annote = {Special Collections, University of Adelaide. 499. 6 T17.},
}

@incollection{taplin_notes_1870,
	title = {Notes on the comparative table of {Australian} languages},
	booktitle = {Grimwade 1975},
	author = {Taplin, G.},
	year = {1870},
	pages = {120--131},
}

@article{taplin_notes_1872,
	title = {Notes on a comparative table of {Australian} languages},
	volume = {1},
	journal = {The Journal of the Anthropological Institute of Great Britain and Ireland},
	author = {Taplin, G.},
	year = {1872},
	pages = {84--88},
}

@book{taplin_native_1874,
	address = {Strathalbyn},
	title = {Native book of worship},
	publisher = {Joseph Elliot [Southern Argus Printing Office},
	author = {Taplin, G.},
	year = {1874},
}

@book{taplin_taplin_1874,
	title = {Taplin to the {Sub}-{Protector} of {Aborigines}, in {Report} of the sub-protector of {Aborigines} for the half year ending},
	url = {http://www.firstsources.info/index.html},
	author = {Taplin, G. 1874b. Letter from the Rev. G.},
	month = {12},
	year = {1874},
	urldate  = {2015-12-11},
}

@book{taplin_narrinyeri_1874,
	address = {Adelaide},
	title = {The {Narrinyeri}: {An} account of the tribes of {South} {Australian} {Aborigines} inhabiting the country around the {Lakes} {Alexandrina}, {Albert}, and {Coorong}, and the lower part of the {River} {Murray}, their manners and customs, also, {An} account of the mission at {Point} {Macleay}},
	publisher = {J. T. Shawyer},
	author = {Taplin, G.},
	year = {1874},
}

@book{taplin_report_1875,
	title = {Report of the {Sub}-protector of {Aborigines}: {For} the year ending {December} 31st 1875},
	url = {http://www.firstsources.info/index.html},
	author = {Taplin, G.},
	year = {1875},
	urldate  = {2016-10-10},
}

@book{taplin_grammar_1878,
	ids = {Taplin1878},
	address = {Adelaide},
	title = {Grammar of the {Narrinyeri} tribe of {Australian} {Aborigines}},
	publisher = {W. C. Cox, Government Printer},
	author = {Taplin, G.},
	year = {1878},
}

@book{taplin_1879a_nodate,
	ids={Taplin1879a,taplin_1879a},
	address = {Adelaide},
	title = {The folklore, manners, customs, and languages of the {South} {Australian} {Aborigines}},
	year={1879},
	publisher = {E. Spiller, Government Printer},
	author = {Taplin, G.},
}

@book{taplin_narrinyeri_1879,
	address = {Adelaide},
	title = {The {Narrinyeri}},
	publisher = {E. S. Wigg \& Son},
	author = {Taplin, G.},
	editor = {Woods, J. D.},
	year = {1879},
}

@book{taplin_grammar_1880,
    ids={Taplin1880},
	address = {Adelaide},
	title = {Grammar of the {Narrinyeri} tribe of {Australian} {Aborigines}},
	publisher = {E. Spiller, Government Printer},
	author = {Taplin, G.},
	year = {1880},
}

@book{taplin_grammar_1892,
	title = {Grammar of the {Narrinyeri} and other dialects},
	volume = {Part IV},
	author = {Taplin, G.},
	editor = {{Fraser}},
	year = {1892},
}


@incollection{Varro1996,
	ids = {taylor_studies_1976,Varro_1996},
	title = {De lingua {Latina} {X}: {A} New Critical Text and English Translation with Prolegomena and Commentary},
	editor  = {Daniel J. Taylor},
	address ={Amsterdam \& Philadelphia},
	publisher = {John Benjamins},
	series = {Studies in the History of the Language Sciences },
	number = {85},
	year = {1996}
}

@unpublished{teichelmann_diaries_1839,
	title = {Diaries},
	author = {Teichelmann, Christian Gottlieb},
	year = {1839},
	annote = {Unpublished ms. Lutheran Archives, Adelaide. Adelaide Missionaries (Dresden) Letters 3/Folder TA. Translated by Marcus Krieg.},
}

@book{teichelmann_aboriginals_1841,
	address = {Adelaide},
	title = {Aboriginals of {South} {Australia}: {Illustrative} and explanatory note of the manners, customs, habits and superstitions of the natives of {South} {Australia}},
	publisher = {Committee of the SA Wesleyan Methodist Auxiliary Missionary Society},
	author = {Teichelmann, C. G.},
	year = {1841},
}

@article{teichelmann_letter_1841,
	title = {Letter to {Hans} {Conan} von der {Gabelentz} 06/01/1841},
	volume = {22},
	number = {125},
	journal = {Magazine für die Literatur des Auslandes},
	author = {Teichelmann, C. G.},
	editor = {Lehmann, James},
	translator = {McElvenny, James},
	year = {1841},
}

@article{teichelmann_dictionary_1857,
	title = {Dictionary of the {Adelaide} dialect. ms held by {South} {African} {Public} {Library}},
	journal = {G.12.c.13(5},
	author = {Teichelmann, C. G.},
	year = {1857},
	annote = {Catalogued by Bleek 1858. No 59.},
}

@book{teichelmann_annotations_1858,
	title = {Annotations made to copy of {Teichelmann} \& {Schürmann} 1840. ms held by {South} {African} {Public} {Library}},
	volume = {13},
	author = {Teichelmann, C. G.},
	year = {1858},
	note = {Issue: a.19(3},
	annote = {Catalogued by Bleek 1858. No 56].},
}

@book{teichelmann_verb_1858,
	title = {Of the verb. ms held by {African} {Public} {Library}},
	volume = {12},
	author = {Teichelmann, C. G.},
	year = {1858},
	note = {Issue: c.13(4},
	annote = {Catalogued by Bleek 1858. No 57].},
}

@book{teichelmann_outlines_1840,
	ids={TeichelmannSchürmann1840,teichelmann1940},
	address = {Adelaide},
	title = {Outlines of a grammar, vocabulary, and phraseology, of the {Aboriginal} language of {South} {Australia}, spoken by the natives in and for some distance around {Adelaide}},
	publisher = {C. G. Teichelmann and C. W. Schurmann},
	author = {Teichelmann, C. G. and Schürmann, Clamor W.},
	year = {1840},
}

@article{terrill_development_1997,
    ids ={Terrill1997},
	title = {The development of antipassive constructions in {Australian} languages},
	volume = {17},
	number = {1},
	journal = {Australian Journal of Linguistics},
	author = {Terrill, Angela},
	year = {1997},
	pages = {71--88},
}

@book{thalbitzer_phonetic_1904,
	address = {Meddelelser om Grønland XXXI},
	title = {A {Phonetic} {Study} of the {Eskimo} {Language}, based on observations made on a journey in north {Greenland}},
	author = {Thalbitzer, Carl Wilhelm},
	year = {1904},
}

@book{thieberger_paper_1995,
	address = {Canberra},
	title = {Paper and talk: {A} manual for reconstituting materials in {Australian} {Indigenous} languages from historical sources},
	publisher = {Aboriginal Studies Press},
	author = {Thieberger, Nicholas},
	year = {1995},
}

@book{thieberger_linguistic_2004,
	title = {Linguistic report on the single {Noongar} native title claim},
	url = {http://hdl.handle.net/11343/27658.},
	author = {Thieberger, N.},
	year = {2004},
}

@book{thomas_culture_2007,
	address = {Canberra},
	title = {Culture in translation. {The} anthropological legacy of {R}},
	publisher = {ANU Press},
	author = {Thomas, Martin},
	translator = {Mathews, H.},
	year = {2007},
}

@article{thomas_veroffentlichungen_1909,
	title = {Veröffentlichungen aus dem städtischen {Voelker}-{Museum} {Frankfurt} am {Main}: {I}},
	volume = {20},
	number = {1},
	journal = {Folklore},
	author = {Thomas, Northcote W. and Strehlow, C.},
	year = {1909},
	address = {Frankfurt},
	publisher = {Baer \& Co},
	pages = {125--127},
}


@article{thrax_tekne_1986,
	title = {The {Tekhnē} {Grammatikē} of {Dionysius} {Thrax}, transl. into English by J. Alan Kemp},
	volume = {13},
	number = {2},
	journal = {Historiographia Linguistica},
	author = {Kemp, Alan J.},
	year = {1986},
	pages = {343--363},
}

@book{threlkeld_specimens_1924,
	address = {Sydney},
	title = {Specimens of the language of the {Aborigines} of {New} {South} {Wales} to northward of {Sydney}. {Threlkeld} {Papers}, 1815 to 1862},
	publisher = {Mitchell Library, State Library of NSW},
	author = {Threlkeld, Lancelot Edward},
	year = {1924},
	note = {Type: ML A 382/ CY Reel 820,},
}

@book{threlkeld_specimens_1927,
	address = {Sydney},
	title = {Specimens of a dialect of the {Aborigines} of {New} {South} {Wales}: being the first attempt to form their speech into a written language},
	publisher = {Monitor Office},
	author = {Threlkeld, L. E.},
	year = {1827},
}

@book{threlkeld_australian_1834,
    ids={Threlkeld1834},
	address = {c., New South Wales. Sydney},
	title = {An {Australian} grammar: {Comprehending} the principles and natural rules of the language, as spoken by the {Aborigines} in the vicinity of {Hunter}’s {River}, {Lake} {Macquarie}},
	publisher = {Stephens \& Stokes},
	author = {Threlkeld, L. E.},
	year = {1834},
}

@book{threlkeld_australian_1836,
	address = {Sydney},
	title = {An {Australian} spelling book in the language as spoken by the {Aborigines} in the vicinity of {Hunter}’s {River}, {Lake} {Macquarie}, {New} {South} {Wales}},
	url = {http://handle.slv.vic.gov.au/10381/110999},
	publisher = {Stephen and Stokes, Herald Office},
	author = {Threlkeld, L. E.},
	year = {1836},
}

@book{threlkeld_letter_1842,
	title = {Letter to {C}. {Schürmann} 10/3/1842. {Lutheran} {Archives}, {Adelaide}. {Teichelmann} correspondence 1838-1853, {Adelaide} {Missionaries} ({Dresden}) {Letters} 3/{Folder} {TB}},
	author = {Threlkeld, L. E.},
	translator = {Krieg, Marcus},
	year = {1842},
}

@book{threlkeld_key_1850,
	address = {Sydney},
	title = {A key to the {Aboriginal} language being an analysis of the various modifications of the verb},
	publisher = {Kemp and Fairfax},
	author = {Threlkeld, L. E.},
	year = {1850},
}

@incollection{threlkeld_notitle_1974,
	address = {Canberra},
	booktitle = {Australian reminiscences \& papers of {L}. {E}. {Threlkeld}, missionary to the {Aborigines}, 1924-1859},
	publisher = {Australian Institute of Aboriginal Studies},
	author = {Threlkeld, L. E.},
	editor = {Gunson, Niel},
	year = {1974},
}

@book{threlkeld_grammar_1892,
	title = {Grammar of the {Awabakal} dialect},
	volume = {Part IV},
	author = {Threlkeld, L. E.},
	editor = {{Fraser}},
	year = {1892},
}

@article{tindale_legend_1935,
	title = {The legend of {Waijungari}, {Jaralde} tribe, {Lake} {Alexandrina}, {South} {Australia}, and the phonetic system employed in its transcription},
	volume = {5},
	number = {3},
	journal = {Records of the South Australian Museum},
	author = {Tindale, Norman Barnett},
	year = {1935},
	pages = {261--274},
}

@article{tindale_notes_1937,
	title = {Notes on {Wainjiwalku} grammar. {Unpublished} ms, {South} {Australian} {Museum} {Anthropological} {Archives}, {Adelaide}},
	volume = {338},
	number = {8/21},
	journal = {AA},
	author = {Tindale, N. B.},
	year = {1937},
}

@unpublished{tindale_report_1937,
	title = {Report on trip to {Germany} to obtain information regarding {Reuther}’s manuscript},
	author = {Tindale, N. B.},
	year = {1937},
	annote = {Unpublished ms, South Australian Museum Anthropological Archives, Adelaide. AA 266/5/19/1.},
}

@article{tindale_pitjantjatjara_1963,
	title = {Pitjantjatjara grammar and vocabulary. {Unpublished} ms},
	journal = {South Australian Museum Anthropological Archives},
	author = {Tindale, N. B.},
	year = {1963},
}

@book{tindale_aboriginal_1974,
	address = {Berkeley},
	title = {Aboriginal tribes of {Australia}: their terrain, environmental controls, distribution, limits, and proper names},
	publisher = {University of California Press},
	author = {Tindale, N. B.},
	year = {1974},
}

@article{trombetti_delle_1903,
	title = {Delle relazioni delle lingue caucasiche con le lingue amito-semitiche e con altri gruppi linguistichi},
	volume = {16},
	language = {it},
	journal = {Lettera al Professore H[ugo]. Schuchardt. Giornalle della Società Asiatica Italiana},
	author = {Trombetti, Alfredo},
	year = {1903},
	pages = {145--175},
}

@article{trudinger_grammar_1943,
	title = {Grammar of the {Pitjantjatjara} dialect, {Central} {Australia}},
	volume = {13},
	language = {es},
	number = {3},
	journal = {Oceania},
	author = {Trudinger, Ronald},
	year = {1943},
	pages = {205--223},
}

@book{turner_nineteen_1861,
	address = {London},
	title = {Nineteen years in {Polynesia}: {Missionary} life, travels, and researches in the {Islands} of the {Pacific}},
	publisher = {John Snow},
	author = {Turner, George},
	year = {1861},
}

@article{veit_social_2004,
	ids = {weit_2004},
	title = {Social anthropology versus cultural anthropology: {Baldwin} {Spencer} and {Carl} {Friedrich} {Theodor} {Strehlow} in {Central} {Australia}},
	volume = {3},
	journal = {Strehlow Research Centre Occasional Paper},
	author = {Veit, Walter F.},
	editor = {Veit, W.},
	year = {2004},
	pages = {92--110},
}

@incollection{vogelsang_letter_1878,
	title = {Letter to {A}},
	booktitle = {W. {Howitt} 2/10/1878 written from {Bocaltenina} [{Boocaltaninna}]. {State} {Library} of {Victoria}. {MS} 9356 {Box} 1052/3(b},
	author = {Vogelsang, Hermann Heinrich},
	year = {1878},
}

@book{vollmann_descriptions_2008,
	address = {Graz},
	title = {Descriptions of {Tibetan} ergativity: {A} historiographical account},
	publisher = {Leykam},
	author = {Vollmann, Ralf},
	year = {2008},
}

@article{wafer_waiting_2011,
	title = {Waiting for {Biraban}: {Lancelot} {Threlkeld} and the '{Chibcha} phenomenon' in {Australian} missionary linguistics},
	volume = {54},
	number = {2},
	journal = {Language and History},
	author = {Wafer, James and Carey, Hilary},
	year = {2011},
	pages = {112--139},
}

@article{whitney_lepsiuss_1861,
	title = {On {Lepsius}’s standard alphabet},
	volume = {7},
	doi = {URL: http://www.jstor.org/stable/592160},
	journal = {Journal of the American Oriental Society},
	author = {Whitney, William D.},
	year = {1861},
	pages = {299--332},
}

@incollection{whorf_relation_1941,
	address = {Menasha, Wis},
	title = {The relation of habitual thought and behavior to language},
	booktitle = {Language, culture, and personality: {Essays} in memory of {Edward} {Sapir}},
	publisher = {Sapir Memorial Publication Fund},
	author = {Whorf, Benjamin Lee},
	editor = {Spier, L. and Hallowell, I. and Newman, S. S.},
	year = {1941},
	pages = {75--93},
}

@unpublished{wiebusch_julbara_nodate,
	title = {Julbara wordlist [{Wirangu}},
	author = {Wiebusch, Claud},
	annote = {Unpublished ms. Lutheran Archives, Adelaide. ELCA-Koonibba Box, unnumbered.},
}

@article{weingreen_construct-genitive_1954,
	title = {The construct-genitive relation in {Hebrew} syntax},
	volume = {4},
	number = {1},
	journal = {Vestus Testamentum},
	author = {Weingreen, Jacob},
	year = {1954},
	pages = {50--59},
}

@phdthesis{wilkins_mparntwe_1989,
	ids = {Wilkins1989,wilkins1988},
	title = {Mparntwe {Arrernte} ({Aranda}): {Studies} in the structure and semantics of grammar},
	school = {Australian National University},
	author = {Wilkins, David P.},
	year = {1989},
}

@book{winer_grammatik_1844,
	address = {Leipzig},
	edition = {1},
	title = {Grammatik des neutestamentlichen {Sprachidioms} als sichere {Grundlage} der neutestamentlichen {Exegese}, ({Grammar} of the idiomatic speech of the {New} {Testament} as a sound basis new {Testament} {Exegesis}},
	publisher = {Friedrich Christian Wilhelm Vogel},
	author = {Winer, Georg Benedikt},
	year = {1844},
}

@book{wurm_australian_1966,
	address = {Canberra},
	title = {Australian linguistic studies},
	publisher = {Australian National University},
	editor = {Wurm, Stephen A.},
	year = {1966},
}

@book{wurm_languages_1972,
	ids  = {capell_1972},
	address = {The Hague},
	title = {Languages of {Australia} and {Tasmania}},
	publisher = {Mouton},
	author = {Wurm, S. A.},
	year = {1972},
}

@article{yallop_narinjari_1975,
	ids = {YallopGrimwade1975},
	title = {Narinjari: {An} outline of the language studied by {George} {Taplin}, with {Taplin}'s notes and comparative table},
	volume = {17},
	journal = {The Narinjari language 1864-1964, by Colin Yallop. Part 2 George Taplin and his work on Aboriginal languages, by Gordon Grimwade},
	author = {Yallop, Colin L. and Grimwade, Gordon},
	year = {1975},
	address = {Sydney},
	publisher = {The University of Sydney},
}

@incollection{zwartjes_forward_2014,
	address = {Amsterdam \& Philadelphia},
	title = {Forward and acknowledgements},
	booktitle = {Studies in the {History} of the {Language} {Sciences}: {Missionary} {Linguistics} {V}},
	publisher = {John Benjamins. vii-xi},
	author = {Zwartjes, Otto and Zimmermann, Klaus and Schrader-Kniffki, Martina},
	editor = {Zwartjes, Zimmermann and {Schrader-Kniffki}},
	year = {2014},
}

@article{zweck_for_2012,
	title = {For they are our neighbours’: {The} debate on {Aboriginal} {Mission}. {Kirchen}-und {Missions}-blatt 1862},
	volume = {22},
	journal = {Journal of the Friends of the Lutheran Archives},
	author = {Zweck, Lois},
	year = {2012},
	pages = {38--61},
}

@InCollection{handtpapers,
  author    = {Handt, J.S.C.},
  booktitle = {The Wellington Valley Project: Papers relating to the church mission to Wellington Valley, New South Wales 1830–1841},
  publisher = {University of Newcastle},
  title     = {The papers of Rev. J. S. C. Handt},
  year      = {1831–1843},
  editor    = {Carey, Hilary M. and Roberts, David A.},
  volume    = {1},
  url       = {https://downloads.newcastle.edu.au/library/cultural collections/the-wellington-valley-project/handt/},
}

@Book{Lane1997,
  author = {Lane, Jo},
  title  = {The Journals of the Reverend George Taplin, Missionary to the Ngarrindjeri People of the Lower Murray, Lakes and the Coorong, 1859–1879},
  year   = {1997},
}

@InCollection{Jones2005,
  author    = {Jones, P.},
  booktitle = {Australian Dictionary of Biography},
  publisher = {National Centre of Biography, Australian National University},
  title     = {Unaipon, James (1835–1907)},
  year      = {2005},
  timestamp = {last accessed online 8 May 2021},
  url       = {https://adb.anu.edu.au/biography/unaipon-james-13227/},
}

@InBook{Gara1998,
    ids = {gara_1998},
  author    = {Gara, T. J.},
  chapter   = {The Life and Times of Mullawirraburka (‘King John’) of the Adelaide Tribe},
  editor    = {Simpson, J. and Hercus, L.},
  publisher = {Aboriginal History Inc.},
  title     = {History in Portraits: Biographies of nineteenth century South Australian Aboriginal people},
  year      = {1998},
}

@Book{Leigh1839,
  author    = {Leigh, W. H.},
  publisher = {Smith Elder and Co.},
  title     = {Travels and adventures in South Australia},
  year      = {1839},
}

@Book{Hylton2012,
  author    = {Hylton, Jane and {Art Gallery of South Australia}},
  publisher = {Art Gallery of South Australia},
  title     = {South Australia illustrated: Colonial painting in the land of promise},
  year      = {2012},
}

@InCollection{DeAraugo2005,
  author    = {De Araugo, Tess},
  booktitle = {Australian Dictionary of Biography},
  publisher = {National Centre of Biography, Australian National University},
  title     = {Pepper, Nathaniel (1841–1877)},
  year      = {2005},
  timestamp = {last accessed online 25 May 2021},
  url       = {https://adb.anu.edu.au/biography/pepper-nathaniel-13148/text23799},
}

@Article{Eades1982,
  author  = {Eades, Diana},
  journal = {Australian Journal of Linguistics},
  title   = {You Gotta know how to talk … : Information seeking in south‐east Queensland aboriginal society},
  year    = {1982},
  number  = {1},
  pages   = {61–82},
  volume  = {2},
  doi     = {10.1080/07268608208599282},
}

@InCollection{Lockwood2017,
  author    = {Lockwood, C.},
  booktitle = {Colonialism and its aftermath},
  publisher = {Wakefield Press},
  title     = {Tammuruwe, Life Story},
  year      = {2017},
  address   = {Adelaide},
  editor    = {Brock, P. and Gara, T.},
  pages     = {85–85},
}

@Article{Champion1939,
  author  = {Champion, B. W.},
  journal = {Journal and Proceedings of the Australian Historical Society},
  title   = {Lancelto Threlkeld: His life and work 1788–1859},
  year    = {1939},
  pages   = {341–411},
  volume  = {25},
}


@Article{RadcliffeBrown1918,
  author  = {Radcliffe-Brown, A. R.},
  journal = {The Journal of the Royal Anthropological Institute of Great Britain and Ireland},
  title   = {Notes on the Social Organization of Australian Tribe},
  year    = {1918},
  pages   = {222–253},
  volume  = {48},
}


@Book{Eyre1845,
  author    = {Eyre, E. J.},
  publisher = {T. \& W. Boom},
  title     = {Journals of Expeditions of discovery into Central Australia, and overland from Adelaide to King George's Sound, in 1840-1, including an account of the manners and customs of the Aborigines, and the state of their relations with Europeans},
  year      = {1845},
  address   = {London},
}

@InCollection{GabySinger2014,
  author    = {Gaby, Alice and Singer, Ruth},
  booktitle = {The languages and linguistics of Australia},
  publisher = {de Gruyter},
  title     = {Semantics of Australian Aboriginal languages},
  year      = {2014},
  address   = {Berlin},
  editor    = {Rachel Nordlinger and Harold Koch},
}

@Book{Berndt1939,
  author    = {Berndt, Ronald Murray and Vogelsang, Theodore},
  publisher = {Royal Society of South Australia},
  title     = {Notes on the Dieri tribe of South Australia},
  year      = {1939},
}

@InCollection{Jacobs1886a,
  author    = {Jacobs, F. E. (sic. J. E. Jacob)},
  booktitle = {The {Australian} race: {Its} origin, languages, customs, place of landing in {Australia}, and the routes by which it spread itself over the continent},
  publisher = {John Ferres},
  title     = {No. 43. – North-west of Lake Eyre},
  year      = {1886},
  address   = {Melbourne},
  chapter   = {Book the sixth},
  editor    = {Curr, Edward M.},
  pages     = {12–13},
  volume    = {II},
}

@InCollection{Jacobs1886b,
  author    = {Jacobs, F. E. (sic. J. E. Jacob)},
  booktitle = {The {Australian} race: {Its} origin, languages, customs, place of landing in {Australia}, and the routes by which it spread itself over the continent},
  publisher = {John Ferres},
  title     = {No. 44. – The north shore of Lake Eyre},
  year      = {1886},
  address   = {Melbourne},
  chapter   = {Book the sixth},
  editor    = {Curr, Edward M.},
  pages     = {14–15},
  volume    = {II},
}

@InCollection{Jacobs1886c,
  author    = {Jacobs, F. E. (sic. J. E. Jacob)},
  booktitle = {The {Australian} race: {Its} origin, languages, customs, place of landing in {Australia}, and the routes by which it spread itself over the continent},
  publisher = {John Ferres},
  title     = {No. 56. – Kopperamana},
  year      = {1886},
  address   = {Melbourne},
  chapter   = {Book the sixth},
  editor    = {Curr, Edward M.},
  pages     = {108–109},
  volume    = {II},
}

@InCollection{Reynolds2008,
  author    = {Reynolds, Barrie},
  booktitle = {The Roth family, anthropology, and colonial administration},
  publisher = {Routledge},
  title     = {The family background and achievements of Walter Edmund Roth},
  year      = {2008},
  editor    = {McDougall, R. and Davidson, I.},
}


@Misc{conole_nodate,
    ids = {Conole2013},
  author       = {Conole, Peter},
  howpublished = {Online resource of the Western Australia Police Office: Historical Society Inc.},
  title        = {A Colonial law man: {Charles Symmons} (1840–1887)},
  timestamp    = {last accessed online 02/09/2014},
  url          = {https://policewahistory.org.au/HTML_Pages/Charles_Symmons.html},
}

@InCollection{Gunson2021,
  author    = {Gunson, Niel},
  booktitle = {Australian Dictionary of Biography},
  publisher = {University of Melbourne Press},
  title     = {Biraban (flourished 1819–1842)},
  year      = {2021},
  address   = {Melbourne},
  note      = {First published, 1966},
  urldate = {2021-05-06},
  url       = {https://adb.anu.edu.au/biography/biraban-1781},
}





@InCollection{MerlanHeath1982,
  ids = {merlan_dyadic_1982},
  author    = {Merlan, Francesca and Heath, Jeffrey},
  booktitle = {Languages of kinship in Aboriginal Australia},
  publisher = {University of Sidney},
  title     = {Dyadic Kinterms},
  year      = {1982},
  editor    = {Heath, J. and Merlan, F. and Rumsey, A.},
  pages     = {107–124},
  series    = {Oceania Linguistic Monography},
  number = {24},
  editor = {Heath, J. and Merlan, F. and Rumsey, A.},
}






@Book{Poland_1998,
  ids = {Poland_1988},
  author    = {Poland, W. G. F.},
  publisher = {Lutheran Publishing House},
  title     = {Loose leaves: {R}eminiscences of a pioneer {North Queensland} missionary},
  year      = {1988},
  address   = {Adelaide},
}

@InProceedings{Robins_1959,
  ids = {robins_1959},
  author    = {Robins, Robert Henry},
  booktitle = {Transactions of the Philological Society},
  title     = {In defence of {WP}},
  year      = {1959},
  number    = {1},
  pages     = {116–144},
  volume    = {58},
}

@Article{Cunningham1969,
  ids = {Sharpe_1992,cunningham1969},
  author  = {Cunningham, Margaret C.},
  journal = {University of Queensland Papers, Faculty of Arts},
  title   = {A description of the {Yugumbir} dialect of {Bundjalung}},
  year    = {1969},
  number  = {8},
  pages   = {69–122},
  volume  = {1},
}

@Misc{Simpson2021,
    ids = {simpson2021},
  author       = {Simpson, Jane},
  howpublished = {As episode in podcast: The History and Philosophy of the Languages Sciences},
  title        = {Grammars for analysis, grammars for learners},
  year         = {2021},
  url          = {https://vimeo.com/518533241},
}

@Book{Sommerfelt_1938,
  author    = {Sommerfelt, A.},
  publisher = {H. Aschehoug \& Company (W. Nygaard)},
  title     = {La langue et la société: caractères sociaux d’une langue de type archaïque},
  year      = {1938},
  address   = {Oslo},
  volume    = {18},
}


@PhdThesis{Stockigt2017,
    ids = {stockigt_2017,Stockigt_2017},
  author = {Stockigt, Clara},
  school = {University of Adelaide},
  title  = {{Pama-Nyungan} Morpho-syntax: {L}ineages of Description},
  year   = {2017},
}

@InCollection{stockigt_inpress,
  ids = {Stockigt2021b},
  author    = {Stockigt, Clara},
  booktitle = {Oxford Guide to Australian languages},
  publisher = {Oxford University Press},
  title     = {Nineteenth-century classification of {Australian} languages},
  year      = {In Press},
  address   = {Oxford},
  editor  = {Claire Bowern}
}

@InCollection{Stockigt_2020,
  author    = {Stockigt, Clara},
  booktitle = {More than mere words: {E}ssays on language and linguistics in honour of {Peter Sutton}},
  publisher = {Wakefield Press},
  title     = {The nexus of anthropology and linguistics in {Australia}: {A} historical overview},
  year      = {2020},
  editor    = {Walsh, M. and Monaghan, P.},
}

@Book{Sutton2009,
    ids = {Sutton_2009},
  author    = {Sutton, Peter},
  publisher = {Melbourne University Press},
  title     = {The politics of suffering: {I}ndigenous {Australia} and the end of the liberal consensus},
  year      = {2009},
  address   = {Melbourne},
}

@book{Krzywieki1934,
	address = {London},
	author = {Krzywieki, L.},
	publisher = {Macmillan},
	title = {Primitive society and its vital statistics},
	year = {1934}
}




@book{Radcliffe-Brown1930,
	ids = {RadcliffeBrown1930-31,Radcliffe1030},
	series = {Oceania Monographs},
	number = {1},
	author = {Radcliffe-Brown, A. R.},
	address = {Melbourne},
	publisher = {Macmillan \& Co},
	title = {The Social Organization of {Australian} Tribes},
	year = {1930--1931}
}


@article{Radcliffe-Brown1918,
	author = {Radcliffe-Brown, A. R.},
	journal = {The Journal of the Royal Anthropological Institute of Great Britain and Ireland},
	pages = {222--253},
	title = {Notes on the Social Organization of {Australian} Tribe},
	volume = {48},
	year = {1918}
}


@book{Strehlow1924,
	address = {Tanunda},
	author = {Strehlow, C.},
	publisher = {Aurichts' Printing Office},
	year = {1924},
	title = {Galtjindinjamea-pepa: {Aranda}-{Wolambarinjaka} / nana intalelamala {C. Strehlow}, {Galtjindanindanala}}
}

@book{Green2010,
	address = {Alice Springs:},
	author = {Green, Jenny},
	publisher = {IAD Press},
	title = {{Central} \& {Eastern} {Anmatyerr} to {English} dictionary},
	year = {2010}
}



@book{Mullins1996,
	ids = {Mullens1996},
	address = {Canberra},
	author = {Mullins, Steve},
	publisher = {Australian National University},
	title = {Haddon, Alfred Cort (1855–1940). {Australian} Dictionary of Biography, {National Centre of Biography}},
	year = {1996},
	url = {https://adb.anu.edu.au/biography/haddon-alfred-cort-10386/text18401},
	urldate = {2021-06-11},
	annote = {published first in hardcopy 1996}
}



@misc{Hale1961,
	ids = {Hale_1961},
	author = {Hale, Ken},
	note = {[10]pp. Typescript. Paper read at 36th annual meeting of the LSA, 28 Dec 1961 * general remarks on linguistic relationships, map showing degrees of branching among related languages, Aranda and surrounding tribes taken as example ; tribal map of Central Australia ; explanation of dialect chain. * AIATSIS pMS 745},
	title = {Toward a genetic classification of {Australian} languages},
	year = {1961}
}




@book{Thomas2011,
	ids = {Thomas_2011},
	address = {Sydney},
	author = {Thomas, Martin},
	publisher = {Allen \& Unwin},
	title = {The Many Worlds of {RH} Mathews: In Search of an Australian Anthropologist},
	year = {2011}
}




@article{Walsh_1997,
	author = {Walsh, Michael},
	journal = {Cross-cultural communication problems in {Aboriginal} {Australia}},
	address = {Darwin},
	publisher = {Northern Australian Research Unit},
	url = {http://hdl.handle.net/1885/47329},
	pages = {1–23},
	volume = {7},
	year = {1997}
}


@book{Wilkes1845,
        ids = {Wilkes_1845},
	address = {Philadelphia},
	author = {Wilkes, Charles},
	publisher = {Lea and Blanchard},
	title = {Narrative of the {United States} Exploring Expedition during the years 1838, 1839, 1840, 1841, 1842. {V}ol. 1–5},
	year = {1845}
}


@book{Woods1879,
	ids = {woods1879},
	address = {Adelaide},
	editor = {J. D. Woods},
	publisher = {E.S. Wigg \& Son},
	title = {The native tribes of {South} {Australia}},
	year = {1879}
}


@thesis{Allen2011,
	ids = {allen_2011},
	address = {“{English Episcopalians}” versus “{German Lutherans}”},
	author = {Allen, L. P.},
	school = {University of Sydney},
	type = {Honours dissertation},
	title = {The Contribution of Cultural and Theological Differences to the Failure of the {Wellington Valley Mission}},
	year = {2011}
}


@book{Amery2004,
	ids = {amery2004},
	address = {Beyond Their Expectations: {Teichelmann \& Schürmann}’s Efforts to Preserve the {Kaurna} Language Continue to Bear Fruit},
	author = {Amery, Rob},
	series = {Strehlow Research Centre, Occasional Paper},
	number = {3},
	publisher = {\biberror{no publisher}},
	address = {\biberror{no address}},
	year = {2004}
}


@book{Arnold1781,
	ids = {arnold1781},
	address = {Leipzig},
	author = {Arnold, Theodor},
	publisher = {Wansenhaus},
	title = {{Grammatica Anglicana Concentrata, oder kurzgefaßte Englische Grammatic, {Revised by J. B. Rogler}}},
	year = {1781[1736]}
}



@book{Caldwell1856,
	ids =  {caldwell_1861},
	address = {London},
	author = {Caldwell, R.},
	publisher = {Williams \& Norgate},
	title = {A comparative grammar of the {Dravidian} or {South}-{Indian} family of  languages},
	year = {1856}
}

@book{dickson_inpress,
	editor = {Claire Bowern},
	booktitle ={Oxford Guide to Australian languages},
	address = {Oxford},
	publisher = {Oxford University Press},
	author = {Dickson, Greg},
	title = {Kriol},
	year = {1811}
}


@book{KloseKlose2002,
	address = {the Kaurna: the Klose letters. North Adelaide},
	author = {Klose, Samuel. & Graetz, Joyce},
	publisher = { Friends of Lutheran Archives},
	sortname = {Klose, Samuel. & Graetz, Joyce},
	title = { Missionary to},
	year = {2002}
}


@book{graetz2002,
	address = {North Adelaide},
	author = {Klose, Samuel and Graetz, Joyce},
	publisher = {Friends of Lutheran Archives},
	title = {Missionary to the {Kaurna}: {T}he {Klose} letters},
	year = {2002}
}


@incollection{Hale1976,
	ids = {hale_1976},
	address = {\biberror{no address}},
	author = {Hale, K. L.},
	booktitle = {Grammatical categories in {Australian} languages},
	editor = {R. M. W. Dixon},
	pages = {78--105},
	publisher = {\biberror{no publisher}},
	title = {The adjoined relative clause in {Australia}},
	year = {1976}
}


@book{Prichard1847,
	ids = {prichard_1847,jamesprichard_1847},
	address = {London},
	author = {Prichard, James C.},
	publisher = {Sherwood, Gilbert and Piper},
	title = {Physical History of Mankind },
	volume = {v},
	year = {1847}
}


@book{kelly_mcconvell_2018,
	editor = {Patrick McConvell and Piers Kelly and Sebastien Lacrampe},
	booktitle = {Skin, Kin and Clan: {T}he dynamics of social categories in {Indigenous Australia}},
	author = {Kelly, Piers and Patrick McConvell},
	address = {Canberra},
	publisher = {ANU Press},
	pages = {21-42},
	title = {Evolving perspectives in {Aboriginal} social organization: {{F}}rom mutual misrecognition to kinship renaissance},
	volume = {i},
	year = {2018}
}


@book{Latz2014,
	ids = {latz_2014},
	address = {Alice Springs},
	author = {Latz, Peter},
	publisher = {The author},
	title = {{Moses Tjalkabota Uraiakuraia}, {Aranda} Man of High Degree and {Christian} Evangelist},
	year = {2014}
}


@book{Oihenart1656,
	ids = {oihenart_1656},
	note = {Second revised edition. [J. Gorosterratzu, transl.] Revista Internacional de Estudios Vascos, 17-19 (1926-1928). Facsimile. Gasteiz: Eusko Legebiltzarra, 1992.},
	author = {Oihenart, Arnaud},
	title = {Notitia utriusque Vasconiae tum Ibericae tum aquitanicae},
	year = {1656}
}


@book{PfitznerSchmaal1991,
	ids = {pfitzner_1991},
	address = {Alice Springs},
	author = {Pfitzner, J and J. Schmaal},
	publisher = {Finke River Mission},
	title = {Learning {Arrarnta}, revised by {H. Oberscheidt}},
	year = {1991}
}


@book{Planert1905a,
	address = {Berlin},
	author = {Planert, W.},
	publisher = {Dietrich Reimer},
	title = {{Handbuch} der {Nama}-sprache in {Deutsch-Südwestafrika}},
	year = {1905}
}


@book{Planert1905b,
	volume = {VIII},
	number = {3},
	author = {Planert, W.},
	pages = {104-176},
	title = {{Über die {Sprache} der Hottentotten und Buschmänner}},
	journal = {Mittheilungen des Seminars für Orientalische Sprachen},
	year = {1905}
}




@book{Planert1906,
	ids = {planert_1906},
	volume = {IX},
	number = {1},
	author = {Planert, W.},
	pages = {168-177},
	title = {{Einige {Bemerkungen} zum Studium des Samoanischen}},
	journal = {Mittheilungen des Seminars für orientalische {Sprachen}},
	year = {1906}
}


@article{ray1897,
	ids = {ray_haddon_1897},
	author = {Ray, Sidney H. and Alfred Cort Haddon},
	journal = {Proc. R. Irish Acad},
	pages = {119--373},
	title = {A Study of the languages of {Torres Straits}, with vocabularies and grammatical notes: {{P}}art {II}},
	volume = {3.4},
	year = {1897}
}


@book{Sapir1991,
	ids = {sapir_1921},
	address = {New York},
	author = {Sapir, Edward},
	publisher = {Harcourt, Brace and Company},
	title = {Language: {{A}}n introduction to the study of speech},
	year = {1991}
}


@incollection{Spieseke1878,
	ids ={spieseke1878,Spieseke_1878},
	address = {\biberror{no address}},
	author = {Spieseke},
	booktitle = {\biberror{no booktitle}},
	editor = {\biberror{Brough Smyth}},
	pages = {56--58},
	publisher = {\biberror{no publisher}},
	title = {\biberror{No Title}},
	year = {1878}
}


@incollection{Meakins2014,
	ids = {meakins_2014},
	address = {\biberror{no address}},
	author = {Meakins, Felicity},
	booktitle = {\biberror{no booktitle}},
	editor = {\biberror{Koch and Nordlinger}},
	pages = {\biberror{no pages}},
	publisher = {\biberror{no publisher}},
	title = {Language contact varieties},
	year = {2014}
}
