@book{langsci-current-book, editor = {Ji Yea Kim and Veronica Miatto and Andrija PetroviÄ‡ and Lori Repetti}, title = {{Epenthesis and beyond}}, subtitle = {{Recent approaches to insertion in phonology and its interfaces}},year = {2024}, series = {Topics in Phonological Diversity}, number = {4}, location = {Berlin}, publisher = {Language Science Press}, options = {dataonly=true} } 
