% Encoding: UTF-8

@unpublished{vaux03,
	author = {Bert Vaux},
	note = {Yale University Linguistics Colloquium, 16 September 2003},
	title = {Consonant epenthesis and the problem of unnatural phonology},
	year = {2003}
}

@unpublished{staro15,
	author = {Peter Staroverov},
	note = {Ms. Universität Leipzig},
	title = {[t]-epenthesis revisited. {{T}}he case of {A}purucayali},
	year = {2015}
}

@unpublished{ps93,
	author = {Alan Prince and Paul Smolensky},
	note = {Ms. Rutgers University and University of Colorado at Boulder},
	title = {Optimality {T}heory: {{C}}onstraint Interaction in Generative Grammar},
	year = {1993}
}

@unpublished{lombardi03,
	author = {Linda Lombardi},
	note = {Ms. University of Maryland},
	title = {Markedness and the typology of epenthetic vowels},
	year = {2003}
}

@unpublished{eid21,
	author = {Ghattas Eid and Ingo Plag},
	note = {Ms. HHU Düsseldorf},
	title = {Syllable structure and syllabification in {Maaloula Aramaic}},
	year = {2021}
}

@unpublished{clements90,
	author = {Clements, George N.},
	note = {Ms. Cornell University},
	title = {The hierarchical representation of vowel height},
	year = {1990}
}

@unpublished{Waddy1989,
	author = {Waddy, Julie Anne},
	title = {Draft {Anindilyakwa} dictionary},
	year = {1989},
}

@unpublished{Miatto2022,
	author = {Miatto, Veronica},
	note = {Manuscript, {Stony Brook University}},
	title = {Between intrusivity and epenthesis: {{A}} case of {Italian} word-final inserted vowels},
	year = {2022}
}

@unpublished{Heath:2020aa,
	author = {Heath, Jeffrey},
	note = {ms, Canberra},
	title = {Draft Grammatical Sketch of {{Anindilyagwa (Groote Eylandt, {Australia})}}},
	year = {2020}
}

@techreport{phoible,
	address = {Leipzig},
	author = {Steven Moran and Daniel McCloy and Richard Wright},
	institution = {Max Planck Institute for Evolutionary Anthropology},
	title = {{{PHOIBLE}} Online},
	year = {2014}
}

@phdthesis{zollphd,
	author = {Cheryl Zoll},
	school = {UC Berkeley},
	title = {Parsing below the Segment in a Constraint-Based Framework},
	year = {1996}
}

@phdthesis{vanEgmond2012,
	author = {van Egmond, Marie-Elaine},
	school = {University of Sydney},
	title = {Enindhilyakwa phonology, morphosyntax and genetic position},
	year = {2012}
}

@phdthesis{susman1943accentual,
	author = {Susman, Amelia},
	school = {Columbia University},
	title = {The Accentual System of {W}innebago},
	year = {1943}
}

@phdthesis{montgomery-anderson_2008,
	author = {Montgomery-Anderson, Brad},
	place = {Lawrence},
	school = {University of Kansas},
	title = {A reference grammar of {O}klahoma {C}herokee},
	year = {2008}
}

@phdthesis{kaun,
	address = {Los Angeles},
	author = {Abigail Kaun},
	school = {UCLA},
	title = {The Typology of Rounding Harmony: {{A}}n {O}ptimality {T}heoretic Approach},
	year = {1995}
}

@phdthesis{iosadphd,
	author = {Iosad, Pavel},
	school = {Universitetet i Tromsø},
	title = {Representation and variation in substance-free phonology: {{A}} case study in {C}eltic},
	year = {2012}
}

@phdthesis{hall_2007,
	author = {Hall, Daniel Currie},
	place = {Toronto},
	school = {University of Toronto},
	title = {The Role of Representation of Contrast in Phonological Theory},
	year = {2007}
}

@phdthesis{easterday2017highly,
	author = {Easterday, Shelece},
	school = {University of New Mexico},
	title = {Highly complex syllable structure: {A} typological study of its phonological characteristics and diachronic development},
	year = {2017}
}

@phdthesis{cote2000consonant,
	author = {Côté, Marie-Hélène},
	school = {Massachusetts Institute of Technology},
	title = {Consonant cluster phonotactics: {{A}} perceptual approach},
	year = {2000}
}

@phdthesis{berthiaume-phd,
	author = {Scott Berthiaume},
	school = {University of Texas at Arlington},
	title = {A Phonological Grammar of {N}orthern {P}ame},
	year = {2003}
}

@phdthesis{bednall2019,
	author = {Bednall, James},
	school = {Australian National University and Université Paris Diderot},
	title = {Temporal, aspectual and modal expression in {Anindilyakwa, the language of the Groote Eylandt archipelago, {Australia}}},
	year = {2019}
}

@phdthesis{Zogbo:1981,
	author = {Zogbo, Gnoléba Raymond},
	school = {Th{è}se de 3{è}me cycle, Sorbonne. plate 7.1 Gur languages},
	title = {Morpho-syntaxe, lexicologie des bases, lexicologie des nominaux du bété (région de Daloa)},
	year = {1981}
}

@phdthesis{Zec1988,
	author = {Zec, Draga},
	school = {Stanford University},
	title = {Sonority Constraints on Prosodic Structure},
	year = {1988}
}

@phdthesis{Vydrina:2017,
	author = {Vydrina, Alexandra},
	school = {Sorbonne Paris Cité},
	title = {A corpus-based description of {K}akabe, a {W}estern {M}ande language: {{P}}rosody in grammar},
	year = {2017}
}

@phdthesis{Staroverov2014,
	author = {Staroverov, Petr},
	school = {Rutgers University},
	title = {Splitting Theory and Consonant Epenthesis},
	url = {https://rucore.libraries.rutgers.edu/rutgers-lib/45498/},
	year = {2014}
}

@phdthesis{Sigler1996,
	author = {Sigler, Michelle},
	school = {Massachusetts Institute of Technology},
	title = {Specificity and Agreement in {S}tandard {W}estern {A}rmenian},
	year = {1996}
}

@phdthesis{Schang:1995,
	author = {Emmanuael Schang},
	school = {{U.F.R.} de sciences du langue, Université de {N}ancy {II}},
	title = {Description d'une langue de {{Côte d'Ivoire}: {{L}}'avikam}},
	year = {1995}
}

@phdthesis{Saunders:2009,
	author = {Saunders, Philip Alexander},
	school = {University of Ulster},
	title = {Encountering {{Kouya}: {{A}} study of the key phonological syntactic and discourse properties of an endangered {Kru}} language},
	year = {2009}
}

@phdthesis{Sande:diss,
	author = {Sande, Hannah},
	school = {UC Berkeley},
	title = {Distributing morphologically conditioned phonology: {{T}}hree case studies from {G}uébie},
	year = {2017}
}

@phdthesis{Orgun:1996,
	author = {Orgun, Cemil},
	school = {UC Berkeley},
	title = {Sign-based morphology and phonology with special attention to {O}ptimality {T}heory},
	type = {Unpublished dissertation},
	year = {1996}
}

@phdthesis{Lenaka:1999,
	author = {Lenaka, Ngoran Loveline},
	school = {Universite de Yaoundé Yaoundé},
	title = {A sketch outline of the phonology of {N}demli},
	year = {1999}
}

@phdthesis{Leeding1989,
	author = {Leeding, Velma},
	school = {University of Sydney},
	title = {Anindilyakwa phonology and morphology},
	year = {1989}
}

@phdthesis{Langdon1966,
	author = {Langdon, Margaret},
	school = {University of California at Berkeley},
	title = {A {g}rammar of {D}iegueño: {The Mesa {Grande} dialect}},
	year = {1966}
}

@phdthesis{Khachaturyan:2015,
	author = {Khachaturyan, Maria},
	publisher = {LLACAN},
        school = {UC Berkeley},
	title = {Grammaire du mano},
	year = {2015}
}

@phdthesis{Kabrah2004,
	author = {Kabrah, Rawiah},
	school = {Boston University},
	title = {Opacity and transparency in the phonology of {M}akkan {{Arabic}}: {{A}} stratal optimality-theoretic approach},
	year = {2004}
}

@phdthesis{Hume1992,
	author = {Hume, Elizabeth},
	school = {Cornell University},
	title = {Front vowels, coronal consonants and their interaction in non-linear phonology},
	year = {1992}
}

@phdthesis{Herzallah1990,
	author = {Herzallah, Rukayyah S.},
	school = {Cornell University},
	title = {Aspects of Palestinian {{Arabic}} phonology: {{A}} nonlinear approach},
	year = {1990}
}

@phdthesis{Hall:2003,
	author = {Hall, Nancy},
	school = {University of Massachusetts Amherst},
	title = {Gestures and segments: {{V}}owel intrusion as overlap},
	year = {2003}
}

@phdthesis{Hall2009,
	author = {Hall, Kathleen Currie},
	school = {Ohio State University},
	title = {A probabilistic model of phonological relationships from contrast to allophony},
	year = {2009}
}

@phdthesis{Hall2004,
	address = {University of Massachusetts},
	author = {Hall, Nancy},
	title = {Vowel intrusion as overlap},
	year = {2004}
}

@phdthesis{Hager:2014,
	author = {Hager-M’Boua, Ayé Clarisse},
	school = {Université de Gen{è}ve},
	title = {Structure de la Phrase en {A}bidji, Langue {Kwa} de {C}{ô}te d’{I}voire},
	year = {2014}
}

@phdthesis{Guehoun:1993,
	author = {Guéhoun, N. Augustin},
	school = {Université Stendhal (Grenoble 3)},
	title = {Description systématique du {Dida de {Lakota} (langue kru de {Côte d'Ivoire})}},
	type = {Doctoral dissertation},
	year = {1993}
}

@phdthesis{Grossmann:1982,
	author = {Grossmann, Rebecca Suzanne},
	publisher = {The University of Texas at Arlington},
	title = {Discourse grammar of {B}andi},
	year = {1992}
}

@phdthesis{Green:2010,
	author = {Green, Christopher R},
	school = {Indiana University},
	title = {Prosodic phonology in {B}amana ({B}ambara): {{S}}yllable complexity, metrical structure, and tone},
	year = {2010}
}

@phdthesis{Fitzgerald:1997,
	author = {Fitzgerald, Colleen M.},
	school = {The University of Arizona},
	title = {O'odham Rhythms},
	year = {1997}
}

@phdthesis{Diallo:1988,
	author = {Mamadou Diallo},
	school = {Université Stendhal Grenoble III},
	title = {Éléments de systématique et de dialectologie du {{Marka}-kan (Burkina-Faso)}},
	type = {PhD Thesis},
	year = {1988}
}

@phdthesis{Delalorm:2016,
	author = {Delalorm, Cephas},
	school = {SOAS University of London},
	title = {Documentation and description of {S}ekpele: {{A}} {{Ghana}-{Togo}} mountain language of {G}hana},
	year = {2016}
}

@phdthesis{Crawford1966,
	author = {Crawford, James Mack},
	school = {University of California at Berkeley},
	title = {The {C}ocopa {l}anguage},
	year = {1966}
}

@phdthesis{Butler2014,
	author = {Butler, Becky},
	school = {Cornell University},
	title = {Deconstructing the {{Southeast}} {{Asian}} Sesquisyllable: {{A}} Gestural Account},
	year = {2014}
}

@phdthesis{Bokhari2020,
	author = {Bokhari, Hassan},
	school = {Indiana University Bloomington},
	title = {A comprehensive analysis of coda clusters in {H}ijazi {{Arabic}}: {{A}}n optimality-theoretic perspective},
	year = {2020}
}

@phdthesis{Boersma:1998,
	author = {Boersma, Paul},
	school = {Netherlands Graduate School of Linguistics},
	title = {Functional phonology},
	year = {1998}
}

@phdthesis{BodjiSande:2014,
	author = {Sylvain Bodji and Hannah Sande},
	doi = {10.7297/X208639V},
	note = {2014--15},
	school = {University of California, Berkeley},
	title = {{Guébie} Fieldwork Collection},
	type = {Survey of California and Other Indian Languages},
	year = {2014}
}

@phdthesis{Bobuafor:2004,
	author = {Bobuafor, Mercy},
	school = {Leiden University},
	title = {A grammar of {T}afi},
	year = {2013}
}

@phdthesis{Baertsch2002,
	author = {Baertsch, Karen},
	school = {Indiana University Bloomington},
	title = {An Optimality Theoretic approach to syllable structure: {{T}}he Split Margin hierarchy},
	year = {2002}
}

@phdthesis{Babaev:2011,
	author = {Babaev, Kiril Vladimirovič},
	school = {Rossijskij gosudarstvennyj gumanitarnyj universitet},
	title = {Âzyk zialo: {{O}}čerk gramatiki i slovar'},
	year = {2011}
}

@phdthesis{Allou:2017,
	author = {Yannick, M. Allou Allou Serge},
	school = {Université Felix Houphouët Boigny},
	title = {Description linguistique et sociolinguistique de kouzie: {{P}}arler kru du {{Côte d'Ivoire}}},
	year = {2017}
}

@phdthesis{Allan:1973,
	author = {Allan, Edward Jay},
	school = {University of London, School of Oriental and African Studies},
	title = {A grammar of {B}uem: {{T}}he {L}elemi language},
	year = {1973}
}

@phdthesis{Al:1981,
	author = {Al-Mozainy, Hamza Qublan},
	school = {The University of Texas at Austin},
	title = {Vowel alternations in a {B}edouin {H}ijazi {A}rabic dialect: {{A}}bstractness and stress},
	year = {1981}
}

@phdthesis{Ahua:2004,
	author = {Ahua, Mouchi Blaise},
	school = {Universität Osnabrück},
	title = {Conditions linguistiques pour une orthographe de l’agni: {Une} analyse contrastive des dialectes sanvi et djuablin},
	year = {2004}
}

@phdthesis{Agbetsoamedo:2014,
	author = {Agbetsoamedo, Yvonne},
	school = {Department of Linguistics, Stockholm University},
	title = {Aspects of the Grammar and Lexicon of {S}εεε},
	type = {PhD Thesis},
	year = {2014}
}

@phdthesis{Abunya:2018,
	author = {Abunya, Levina N},
	school = {University of Ghana},
	title = {Aspects of {K}aakye Grammar},
	year = {2018}
}

@phdthesis{Abu-Mansour1987,
	author = {Abu-Mansour, Mahasen},
	school = {University of Florida},
	title = {A nonlinear analysis of {{Arabic}} syllabic phonology, with Special Reference to {M}akkan},
	year = {1987}
}

@misc{ridouane_2006,
	author = {Ridouane, Rachid},
	doi = {10.1.1.504.3088},
	title = {On the feature [spread glottis]},
	year = {2006}
}

@misc{padgett:v,
	author = {Jaye Padgett},
	howpublished = {Ms., UC Santa Cruz},
	title = {{R}ussian Voicing Assimilation, Final Devoicing, and the Problem of [v]},
	year = {2002}
}

@misc{decreto_19_2003,
	author = {Guatemala, Congreso de la República de},
	title = {Ley de Idiomas (Law of Languages) 2003},
	url = {https://www.congreso.gob.gt/assets/uploads/info_legislativo/decretos/19-03.pdf},
	year = {2003}
}

@misc{decreto_1046-87,
	author = {Guatemala, Presidencia de la República de},
	title = {Agreement Recognizing the Orthography for the {M}ayan Languages of {G}uatemala},
	url = {https://leyes.infile.com/index.php?id=182&id_publicacion=5687},
	year = {1987}
}

@misc{Wrench2008,
	author = {Wrench, Alan},
	note = {version 1.17},
	title = {Articulate Assistant user guide},
	year = {2008}
}

@misc{Vaux2001,
	author = {Vaux, Bert},
	note = {Paper presented at the LSA, Washington, D.C.},
	title = {Consonant epenthesis and hypercorrection},
	year = {2001}
}

@misc{Staroverov2015,
	author = {Staroverov, Peter},
	note = {Ms, Universität Leipzig},
	title = {[t]-epenthesis revisited: {{T}}he case of {A}purucayali},
	url = {https://ling.auf.net/lingbuzz/002379/},
	year = {2015}
}

@misc{OnigaRe2021,
	author = {Oniga, Renato and Alessandro Re},
	note = {Paper presented at the Epenthesis Workshop, Stony Brook University, September 17-19, 2021.},
	title = {Epenthesis in {{Latin}}},
	year = {2021}
}

@misc{Moradi2017,
	author = {Moradi, Sedigheh},
	note = {Ms, Stony Brook University.},
	title = {Non-canonical {E}penthesis: {{{E}}}penthetic quality and the role of morphonology},
	url = {https://www.academia.edu/100511567/Non_canonical_Epenthesis_Epenthetic_quality_and_the_role_of_morphonology},
	year = {2017}
}

@misc{McCarthyPrince1994,
	author = {McCarthy, John J. and Alan S. Prince},
	note = {Ms. University of Massachusetts, Amherst and Rutgers University.},
	title = {The emergence of the unmarked},
	year = {1994}
}

@misc{Lombardi1998,
	author = {Lombardi, Linda},
	note = {Unpublished manuscript, University of Maryland [Rutgers Optimality Archive, ROA-247].},
	title = {Evidence for {{MaxF}}eature Constraints from {{Japanese}}},
	year = {1998}
}

@misc{Kim2022a,
	address = {Stony Brook University},
	author = {Kim, Ji Yea},
	note = {PhD dissertation},
	title = {Morphophonological Consonant Epenthesis in Suffix Realizations},
	year = {2022}
}

@misc{Hutton1996,
	author = {Hutton, Jeremy},
	note = {Paper presented at the 4th Phonology Meeting, University of Manchester, U.K.},
	title = {Optimality Theory and historical language change},
	year = {1996}
}

@misc{Halletal2015,
	author = {Hall, Kathleen Currie and Claire Allen and Kevin McMullin and Veronica Letawsky and Alannah Turner},
	note = {Proceedings of the 18th International Congress of Phonetic Sciences ({ICPhS} 2015},
	title = {Measuring magnitude of tongue movement for vowel height and backness},
	year = {2015}
}

@misc{Gopal2018,
	author = {Gopal, Deepthi},
	note = {PhD thesis, University of Manchester.},
	title = {Similarity and representations in sonorant phonology},
	year = {2018}
}

@misc{Fukazawa1999,
	author = {Fukazawa, Haruka},
	note = {PhD dissertation, University of Maryland.},
	title = {Theoretical Implications of {{OCP}} Effects on Features in Optimality Theory},
	year = {1999}
}

@misc{FourakisPort1986,
	author = {Fourakis, Marios and Robert Port},
	note = {Journal of Phonetics 14. 197- 221.},
	title = {Stop Epenthesis in {{English}}},
	year = {1986}
}

@misc{Dolatian2021,
	author = {Dolatian, Hossep},
	note = {Manuscript},
	title = {Orthography to Phonology: {{D}}irectional syllabification and epenthesis of the {A}rmenian schwa},
	year = {2021}
}

@phdthesis{Bellik2019a,
	school = {University of California},
	author = {Bellik, Jennifer},
	title = {Vowel Intrusion in {{Turkish}} Onset Clusters},
	year = {2019}
}

@misc{Barras2011,
	author = {Barras, William},
	note = {PhD thesis, University of Edinburgh.},
	title = {Sociophonology of rhoticity and r-sandhi},
	year = {2011}
}

@misc{Barbosa2014,
	author = {Barbosa, Adriano Vilela and Eric Vatikiotis-Bateson},
	note = {Paper presented at the 168th Meeting of the Acoustical Society of America, Indianapolis, IN},
	title = {Optical flow analysis for measuring tongue-motion},
	year = {2014}
}

@mastersthesis{elfner_2006,
	author = {Elfner, Emily J.},
	place = {Calgary},
	school = {University of Calgary},
	title = {The Mora in {B}lackfoot},
	year = {2006}
}

@manual{R,
	address = {Vienna},
	author = {{R Core Team}},
	organization = {R Foundation for Statistical Computing},
	title = {R: {{A}} Language and Environment for Statistical Computing},
	url = {https://www.R-project.org/},
	year = {2017}
}

@inproceedings{ring2014intrusive,
	address = {Yangon University},
	author = {Ring, Hiram and Gruber, James},
	booktitle = {24th meeting of the {{SouthE}ast {Asian} Linguistics Society ({SEALS} 24)}},
	title = {Intrusive vowels in {P}nar: {{T}}here and not there},
	year = {2014}
}

@inproceedings{kramer06,
	address = {Somerville},
	author = {Martin Krämer},
	booktitle = {Proceedings of the 25th {W}est {C}oast {C}onference on {F}ormal {L}inguistics},
	editor = {Donald Baumer and David Montero and Michael Scanlon},
	pages = {236--244},
	publisher = {Cascadilla Proceedings Project},
	title = {The emergence of the comparatively unmarked},
	year = {2006}
}

@inproceedings{heselwood2015epenthetic,
	author = {Heselwood, Barry and Shitaw, Abdurraouf and Ghummed, Aimen and Plug, Leendert},
	booktitle = {Proceedings of the 18th {International Congress of Phonetic Sciences}},
	organization = {University of Glasgow},
	title = {Epenthetic and excrescent vowels in stop sequences in {T}ripolitanian {L}ibyan {A}rabic},
	year = {2015}
}

@inproceedings{harms1976segmentalization,
	author = {Harms, Robert T.},
	booktitle = {Texas linguistic forum},
	organization = {Department of Linguistics, University of Texas at Austin},
	pages = {73--88},
	title = {The segmentalization of {F}innish ‘nonrules’},
	volume = {5},
	year = {1976}
}

@inproceedings{hall2019annotating,
	author = {Hall, Nancy and Niederecker, Andie and Sue, Elica and Orellana, Irene},
	booktitle = {Proceedings of the {Annual Meetings on Phonology}},
	title = {Annotating archival recordings of {H}ocank ({W}innebago)},
	volume = {6},
	year = {2019}
}

@inproceedings{cohn2015relation,
	address = {Glasgow},
	author = {Cohn, Abigail and Tilsen, Sam},
	booktitle = {Proceedings of the 18th {International Congress of Phonetic Sciences}},
	publisher = {University of Glasgow},
	title = {Relation between syllable count judgments and durations of {{E}}nglish liquid rimes.},
	year = {2015}
}

@inproceedings{Zogbo:2012,
	address = {Paris},
	author = {Zogbo, Lynell Marchese},
	booktitle = {Towards Proto-{Niger}-{Congo}: {{C}}omparison and Reconstruction},
	pages = {18--21},
	publisher = {International Congress},
	title = {{Kru} revisited, {K}ru revealed},
	year = {2012}
}

@inproceedings{Zimmermann2019,
	author = {Zimmermann, Eva},
	booktitle = {Proceedings of {AMP} 2018},
	title = {Gradient Symbolic Representations and the Typology of Ghost Segments},
	year = {2019},
}

@inproceedings{LiskerAbramson1970,
	address = {Prague},
	author = {Lisker, Leigh and Arthur S. Abramson},
	booktitle = {Proceedings of the 6th {International Congress of Phonetic Sciences}},
	title = {The voicing dimension: {S}ome experiments in comparative phonetics},
	year = {1970}
}

@inproceedings{Legrendreetal1990,
	address = {Psychology Press},
	author = {Legendre, Géraldine and Yoshiro Miyata and Paul Smolensky},
	booktitle = {12th Annual Conf. {{C}}{SS} Pod},
	pages = {884--891},
	title = {Harmonic Grammar – {{A}} formal multi-level connectionist theory of linguistic well-formedness: {{A}}n application},
	year = {1990}
}

@article{LeSaout:1974,
	author = {Le Saout, Joseph},
	booktitle = {Annales de {l'Université d'Abidjan, Série H: {{L}}inguistique Abidjan}},
	number = {1},
	pages = {5--20},
	title = {Remarques phonético-phonologiques sur les séquences de type {{CvLV}}},
	volume = {7},
	year = {1974}
}

@inproceedings{LancienCôté2019,
	address = {Melbourne},
	author = {Lancien, Mélanie and Marie-Hélène Côté},
	booktitle = {Proceedings of the 19th {International Congress of Phonetic Sciences ({{ICP}hS} 2015)}},
	title = {Intrusive vowels preceding /R/ in {Q}uebec {{French}}},
	year = {2019}
}

@inproceedings{Kaun1999,
	author = {Kaun, Abigail},
	booktitle = {Proceedings of the 25th {Annual Meeting of the {Berkeley} Linguistics Society: {{S}}pecial Session on {Caucasian}, {Dravidian}, and {Turkic} Linguistics} (2000)},
	pages = {95--106},
	title = {Epenthesis-Driven Harmony in {{Turkish}}},
	year = {2000}
}

@inproceedings{Hutin2014,
	address = {Chonnam National University, Gwangju},
	author = {Hutin, Mathilde},
	booktitle = {{Proceedings of the 5th International Conference on Phonology and Morphology}},
	title = {Can Release Burst be responsible for Epenthesis? {A} Case Study of {K}orean},
	year = {2014}
}

@inproceedings{Heselwoodetal2015,
	address = {Glasgow},
	author = {Heselwood, Barry and Abdurraouf Shitaw and Aimen Ghummed and Leendert Plug},
	booktitle = {Proceedings of the 18th {International Congress of Phonetic Sciences ({{ICP}hS} 2015)}},
	title = {Epenthetic and excrescent vowels in stop sequences in {T}ripolitanian {L}ibyan {{Arabic}}},
	year = {2015}
}

@article{Griceetal2015Italian,
	author = {Grice, Martine and Savino, Michelina and Roettger, Timo B.},
	doi = {10.1121/1.5030923},
	ids = {Griceetal2018},
	journal = {The Journal of the Acoustical Society of America},
	number = {4},
	pages = {2474--2486},
	title = {Word final schwa is driven by intonation: {The} case of {Bari {Italian}}},
	volume = {143},
	year = {2018}
}

@inproceedings{GoldwaterJohnson:2003,
	author = {Goldwater, Sharon and Johnson, Mark},
	booktitle = {Proceedings of the {Stockholm Workshop on Variation Within {O}ptimality {T}heory}},
	pages = {111--120},
	title = {Learning {{OT}} constraint rankings using a maximum entropy model},
	year = {2003}
}

@incollection{vauxsamuels17,
	address = {Amsterdam},
	author = {Bert Vaux and Bridget Samuels},
	booktitle = {Beyond Markedness in Formal phonology},
	editor = {Bridget Samuels},
	pages = {69--100},
	publisher = {Benjamins},
	title = {Consonant epenthesis and markedness},
	year = {2017}
}

@incollection{sonoritycycle,
	address = {New York},
	author = {George N. Clements},
	booktitle = {{{B}etween the grammar and physics of speech}},
        series = {Papers in Laboratory Phonology}, 
        number = {1}, 
	editor = {John Kingston and Mary Beckman},
	pages = {283--333},
	publisher = {Cambridge University Press},
	title = {The Role of the Sonority Cycle in Core Syllabification},
	year = {1990}
}

@incollection{smith2019vowel,
	address = {Melbourne},
	author = {Smith, Kaylin},
	booktitle = {Vowel insertion in {{Scottish} {English}} liquid + nasal clusters: {{B}}oundary disputes and durational relations},
	bootitle = {{Proceedings of the 19th International Congress of Phonetic Sciences}},
	editor = {Calhoun, Sasha and Paola Escudero and Marija Tabain and Paul Warren},
	pages = {132--136},
	publisher = {International Phonetic Association},
	title = {Vowel insertion in {{Scottish} {English}} liquid + nasal clusters: {{B}}oundary disputes and durational relations},
	year = {2019}
}

@incollection{selkirk:majorclassfeatures,
	address = {Cambridge},
	author = {Elisabeth O. Selkirk},
	booktitle = {Language Sound Structure: {Studies in Phonology}},
	editor = {Mark Aronoff and Richard T. Oehrle},
	pages = {107--136},
	publisher = {MIT Press},
	title = {On the Major Class Features and Syllable Theory},
	year = {1984}
}

@incollection{rice07,
	address = {Cambridge},
	author = {Keren Rice},
	booktitle = {The {C}ambridge Handbook of Phonology},
	editor = {Paul V. De Lacy},
	pages = {79--98},
	publisher = {Cambridge University Press},
	title = {Markedness in phonology},
	year = {2007}
}

@incollection{pierrehumbert2001exemplar,
	address = {Amsterdam},
	author = {Pierrehumbert, Janet},
	booktitle = {Frequency and the emergence of linguistic structure},
	editor = {Bybee, Joan and Hopper, Paul},
	pages = {137--157},
	publisher = {Benjamins},
	title = {Exemplar dynamics: {Word} frequency, lenition and contrast},
	year = {2001}
}

@incollection{michelson1989invisibility,
	address = {Albany},
	author = {Michelson, Karin},
	booktitle = {Theoretical perspectives on Native {American} languages},
	editor = {Gerdts, Donna and Karin Michelson},
	pages = {38--69},
	publisher = {Suny Press Albany},
	title = {Invisibility: {{V}}owels without a timing slot in {M}ohawk},
	year = {1989}
}

@incollection{kitto1999correspondence,
	address = {Toronto},
	author = {Kitto, Catherine and De Lacy, Paul V.},
	booktitle = {Proceedings of {AFLA (Austronesian Formal Linguistics Association VI}},
	editor = {Kitto, C. and C. Smallwood},
	pages = {181--200},
	publisher = {University of Toronto, Dept. of Linguistics},
	title = {Correspondence and epenthetic quality},
	year = {1999}
}

@incollection{kaun:typology,
	address = {Cambridge},
	author = {Abigail Kaun},
	booktitle = {Phonetically Based Phonology},
	editor = {Bruce Hayes and Robert Kirchner and Donca Steriade},
	pages = {87--116},
	publisher = {Cambridge University Press},
	title = {The Typology of Rounding Harmony},
	year = {2004}
}

@incollection{jjm18,
	address = {Amsterdam},
	author = {John McCarthy},
	booktitle = {Perspectives on {Arabic} Linguistics {XXX}},
	editor = {Amel Khalfaoui and Matthew Tucker},
	pages = {7--32},
	publisher = {Benjamins},
	title = {How to delete},
	year = {2018}
}

@incollection{itomestercompounds,
	address = {Cambridge},
	author = {Junko Itô and Armin Mester},
	booktitle = {Formal approaches to {{Japanese} linguistics: {{P}}roceedings of {FAJL} 4. {{M}}{IT}} {Working Papers in Linguistics}},
	editor = {Yoichi Miyamoto and Masao Ochi},
	pages = {97--111},
	publisher = {MIT Department of Linguistics and Philosophy},
	title = {Prosodic Adjunction in {J}apanese Compounds},
	number = {55},
	year = {2007}
}

@incollection{fletcher2010prosody,
	address = {Hoboken},
	author = {Fletcher, Janet},
	booktitle = {The handbook of phonetic sciences},
	edition = 2,
	editor = {Hardcastle, William J. and Laver, John and Gibbon, Fiona E.},
	pages = {521--602},
	publisher = {Wiley},
	title = {The prosody of speech: {{T}}iming and rhythm},
	year = {2010}
}

@incollection{crosswhite04,
	address = {Cambridge},
	author = {Crosswhite, Catherine},
	booktitle = {Phonetic Bases of Markedness},
	editor = {Bruce Hayes and Robert Kirchner and Donca Steriade},
	pages = {191--231},
	publisher = {Cambridge University Press},
	title = {Vowel reduction},
	year = {2004}
}

@incollection{clemhume,
	address = {Oxford},
	author = {George N. Clements and Elizabeth Hume},
	booktitle = {The {Handbook of Phonological Theory}},
	editor = {John Goldsmith},
	pages = {245--306},
	publisher = {Blackwell},
	title = {The internal organization of speech sounds},
	year = {1995}
}

@incollection{canalis2007extent,
	author = {Canalis, Stefano},
	booktitle = {Proceedings of the {{XXXIII}} Incontro di grammatica generativa},
	editor = {Bisetto, Antonietta and Barbieri, Francesco},
	pages = {1--14},
	title = {{To} what extent is {A}lbanian word stress predictable?},
	year = {2007}
}

@incollection{bybee2000phonology,
	address = {Stanford},
	author = {Bybee, Joan},
	booktitle = {Usage-based models of language},
	editor = {Barlow, Michael and Kemmer, Suzanne},
	pages = {65--85},
	publisher = {Center for the Study of Language and Information},
	title = {The phonology of the lexicon: {Evidence} from lexical diffusion},
	year = {2000}
}

@incollection{butcher_placearticulation_2006,
	address = {New York},
	author = {Butcher, Andrew},
	booktitle = {Speech production: {Models}, phonetic processes and techniques},
	editor = {Harrington, Jonathan M. and Tabain, Marija},
	pages = {187--210},
	publisher = {Psychology Press},
	title = {{Australian} {{Aboriginal}} languages: {Consonant-salient} phonologies and the `place of articulation imperative'},
	year = {2006}
}

@incollection{boersha09,
	address = {Amsterdam},
	author = {Paul Boersma and Silke Hamann},
	booktitle = {Loan Phonology},
	editor = {Andrea Calabrese and Leo Wetzels},
	pages = {11--58},
	publisher = {Benjamins},
	title = {Loanword adaptation as first-language phonological perception},
	year = {2009}
}

@incollection{billington_acoustic_nodate,
	address = {Canberra},
	author = {Billington, Rosey and Mansfield, John and Stoakes, Hywel},
	booktitle = {Proceedings of the 18th {{Australasian}} {International} {Conference} on {Speech} {Science} and {Technology}},
	editor = {Rosey Billington},
	pages = {66--70},
	publisher = {Australasian Speech Science and Technology Association},
	title = {Acoustic and durational characteristics of {Anindilyakwa} vowels},
	year = {2022}
}

@incollection{alderete1995winnebago,
	address = {Amherst},
	author = {Alderete, John},
	booktitile = {Papers in Optimality Theory},
	booktitle = {{Winnebago} accent and {D}orsey's {L}aw},
	editor = {Beckman, Jill and Laura Walsh Dickey and Suzanne Urbanczyk},
	pages = {21--51},
	publisher = {GLSA, University of Massachusetts},
	title = {{Winnebago} accent and {D}orsey's {L}aw},
	year = {1995}
}

@incollection{adiego2019consonant,
	address = {Leiden},
	author = {Adiego, Ignasi-Xavier},
	booktitle = {Hroznỳ and {Hittite}:  {The} First Hundred Years },
	editor = {Ronald I. Kim and Jana Mynářová and Peter Pavúk},
	pages = {95--119},
	publisher = {Brill},
	title = {Consonant Clusters, Defective Notation of Vowels and Syllable Structure in {C}aromemphite},
	series = {Culture and History of the Ancient Near East},
	number = {107},
	year = {2019},
	doi = {10.1163/9789004413122_008}
}

@incollection{Zwicky1972,
	address = {Bloomington},
	author = {Zwicky, Arnold},
	booktitle = {Linguistic change and generative theory},
	editor = {Stockwell, Robert and Ronald Macauley},
	pages = {275- 301},
	publisher = {Indiana University Press},
	title = {Note on a phonological hierarchy in {{E}}nglish},
	year = {1972}
}

@incollection{Zec2007,
	address = {Cambridge},
	author = {Zec, Draga},
	booktitle = {The {Cambridge} Handbook of Phonology},
	editor = {De Lacy, Paul V.},
	pages = {161--195},
	publisher = {Cambridge University Press},
	title = {The Syllable},
	year = {2007}
}

@incollection{Younes1993,
	address = {Amsterdam},
	author = {Younes, Munther},
	booktitle = {Perspectives on {Arabic} linguistics {V}},
	editor = {Mushira Eid and Clive Holes},
	pages = {119–145},
	publisher = {John Benjamins},
	title = {Emphasis spread in two {A}rabic dialects},
	year = {1993}
}

@incollection{VauxWolfe2009,
	address = {Cambridge},
	author = {Vaux, Bert and Wolfe, Andrew},
	booktitle = {Contemporary Views on Architecture and Representations in Phonology},
	editor = {Eric Raimy and Charles E. Cairns},
	pages = {101--143},
	publisher = {MIT Press},
	title = {The Appendix},
	year = {2009}
}

@incollection{VanPutten:2014,
	address = {Amsterdam},
	author = {Van Putten, Saskia},
	booktitle = {Information structure and reference tracking in complex sentences},
	editor = {van Gijn, Rik and Putten, Saskia and Matić, Dejan and Hammond, Jeremy},
	pages = {71--98},
	publisher = {John Benjamins},
	title = {Left dislocation and subordination in {A}vatime ({K}wa)},
	year = {2014}
}

@incollection{SvantessonKarlsson2004,
	author = {Svantesson, Jan-Olof and Karlsson, Anastasia},
	booktitle = {Proceedings, {International symposium on tonal aspects of languages ({TAL}2004)}},
	editor = {Bernard Bel and Isabelle Marlien},
	pages = {177--180},
	publisher = {Chinese Academy of Sciences},
	title = {Minor syllable tones in {K}ammu},
	year = {2004}
}

@incollection{Stokes1981,
	address = {Darwin},
	author = {Stokes, Judith},
	booktitle = {Work Papers of {{{SIL}}}-{{{AAB}}} Series {{A}} , {{A}}ustralian Phonologies: {{C}}ollected Papers},
	editor = {Waters, Bruce},
	pages = {139--181},
	publisher = {SIL},
	title = {Anindilyakwa phonology from phoneme to syllable},
	volume = 5,
	year = {1981}
}

@incollection{Steriade:2009,
	address = {Cambridge},
	author = {Steriade, Donca},
	booktitle = {The Nature of the Word: {Studies in honor of Paul Kiparsky}},
	editor = {Kristin Hanson and Sharon Inkelas},
	pages = {151--79},
	publisher = {MIT Press},
	title = {The Phonology of perceptibility effects: {{T}}he {P-M}ap and its consequences for constraint organization},
	year = {2009}
}

@incollection{Steriade2009,
	address = {Cambridge},
	author = {Steriade, Donca},
	booktitle = {On the Nature of the Word: {{S}}tudies in Honor of {P}aul {K}iparsky},
	editor = {Kristin Hanson and Sharon Inkelas},
	pages = {151--179},
	publisher = {MIT Press},
	title = {The phonology of perceptibility effects: {{T}}he P-map and its consequences for constraint organization},
	year = {2009}
}

@incollection{Steriade2001,
	address = {San Diego},
	author = {Steriade, Donca},
	booktitle = {The role of speech perception in phonology},
	editor = {Hume, Elizabeth and Keith Johnson},
	pages = {219–250},
	publisher = {Academic Press},
	title = {Directional asymmetries in place assimilation: {A} perceptual account},
	year = {2001}
}

@incollection{Shaw1994,
	author = {Shaw, Patricia},
	booktitle = {{Proceedings of the 12th {{West} Coast Conference on Formal Linguistics}}},
	editor = {Duncan, Erin and Donka Farkas and Philip Spaelti},
	pages = {117--132},
	title = {The prosodic constituency in minor syllables},
	year = {1994}
}

@incollection{Sen2022,
	address = {Oxford},
	author = {Sen, Ranjan},
	booktitle = {The {Oxford} History of Phonology},
	editor = {B. Elan Dresher and Harry van der Hulst},
	pages = {109--133},
	publisher = {Oxford University Press},
	title = {The {Greco-R}oman Tradition},
	year = {2022}
}

@incollection{Sande:classification,
	address = {Berlin},
	author = {Hannah Sande},
	booktitle = {{African} linguistics on the prairie: {S}elected papers from the 45th {A}nnual {C}onference on {A}frican {L}inguistics},
	editor = {Jason Kandybowicz and Travis Majorand and Harold Torrence and Philip T. Duncan},
	pages = {37--49},
	publisher = {Language Science Press},
	title = {Classification of {G}uébie within {K}ru},
	year = {2018}
}

@incollection{Pater2010,
	address = {London},
	author = {Pater, Joe},
	booktitle = {Phonological Argumentation},
	editor = {Parker, Steve},
	pages = {123--154},
	publisher = {Equinox},
	title = {Morpheme-Specific Phonology: {{C}}onstraint Indexation and Inconsistency Resolution},
	year = {2010}
}

@incollection{Padgett2011,
	address = {Hoboken},
	author = {Padgett, Jaye},
	booktitle = {The {B}lackwell companion to phonology},
	editor = {van Oostendorp, Marc and Colin. J. Ewen and Elizabeth Hume and Keren Rice},
	pages = {1--26},
	publisher = {Wiley},
	title = {Consonant-vowel place feature interactions},
	doi = {10.1002/9781444335262.wbctp0075},
	volume = {3},
	year = {2011}
}

@incollection{Ohala1974,
	address = {Amsterdam},
	author = {Ohala, John},
	booktitle = {Historical linguistics {{II}}. {{T}}heory and description in phonology},
	editor = {Anderson, John Mathieson and Charles Jones},
	pages = {353--389},
	publisher = {North-Holland Publishing Co},
	title = {Experimental historical phonology},
	year = {1974}
}

@incollection{Oberlies2003,
	address = {Abingdon},
	author = {Oberlies, Thomas},
	booktitle = {The {{Indo}}-{{Aryan}} languages},
	editor = {George Cardona and Dhanesh Jain},
	pages = {161–203},
	publisher = {Routledge},
	title = {Aśokan {{Prakrit}} and {Pāli}},
	year = {2003}
}

@incollection{Norman2012,
	address = {Berlin},
	author = {Norman, Kenneth R.},
	booktitle = {The {{Indo}-Aryans} of ancient {{South}} {{Asia}}: {{L}}anguage, material culture and ethnicity},
	editor = {George Erdosy},
	pages = {278–292},
	publisher = {De Gruyter},
	title = {Dialect variation in {Old} and {{Middle Indo-Aryan}}},
	year = {2012}
}

@incollection{Miattoetal2019,
	address = {Melbourne},
	author = {Miatto, Veronica and Silke Hamann and Paul Boersma},
	booktitle = {Proceedings of the 19th {International Congress of Phonetic Sciences} ({{ICP}hS} 2019)},
	editor = {Sasha Calhoun and Paola Escudero and Marija Tabain and Paul Warren},
	pages = {949--953},
	publisher = {International Phonetic Association},
	title = {Self-reported {L}2 input predicts phonetic variation in the adaptation of {{English}} final consonants into {{Italian}}},
	year = {2019}
}

@incollection{Miatto2020,
	author = {Miatto, Veronica},
	booktitle = {{Proceedings of the 11th International Conference of Experimental Linguistics ({{ExL}ing} 2020)}},
	pages = {137--140},
	title = {Perception of word-final inserted vowels and syllabicity in {I}talian},
	year = {2020}
}

@incollection{MccarthyPrince1990,
	address = {Amsterdam},
	author = {McCarthy, John and Alan Prince},
	booktitle = {{Perspectives on {{{Arabic}} linguistics {II} (Papers from the Second Annual Symposium on {{Arabic}} Linguistics)}}},
	editor = {Mushira Eid and John McCarthy},
	pages = {1--54},
	publisher = {John Benjamins},
	title = {Prosodic morphology and templatic morphology},
	year = {1990}
}

@incollection{McCarthyPrince1995,
	address = {Amherst},
	author = {McCarthy, John and Alan Prince},
	booktitle = {University of Massachusetts Occasional Papers in Linguistics 18},
	editor = {Jill Beckman and Laura Walsh Dickey and Suzanne Urbanczyk},
	pages = {249--384},
	publisher = {GLSA Publications [Rutgers Optimality Archive, ROA-103]},
	title = {Faithfulness and Reduplicative Identity},
	year = {1995}
}

@incollection{Matisoff1973,
	address = {Los Angeles},
	author = {Matisoff, James A.},
	booktitle = {Consonant Types and Tone {({Southern} {California} Occasional Papers in Linguistics {No}. 1)}},
	editor = {Larry M. Hyman},
	pages = {73–95},
	publisher = {University of Southern California},
	title = {Tonogenesis in {{Southeast} {Asia}}},
	year = {1973}
}

@incollection{Masson:1992,
	address = {Abidjan},
	author = {Masson, Denis},
	booktitle = {Esquisses phonologiques de trois langues ivoriennes: {Beng, Dida, Yaouré}},
	editor = {Egner, Ingeborg},
	pages = {1--56},
	publisher = {Inst. de Linguistique Appliquée (ILA)},
	title = {Esquisse phonologique du dida de {Y}ocoboué},
	year = {1992}
}

@incollection{Lindblom1990,
	address = {Dordrecht},
	author = {Lindblom, Björn},
	booktitle = {Speech production and speech modelling ({{{NATO}}} {{{ASI}}} Series)},
	editor = {Hardcastle, William J. and Marchal, Alain},
	pages = {403--439},
	publisher = {Springer},
	sortname = {Lindblom, Bjorn},
	title = {Explaining Phonetic Variation: {{A}} Sketch of the {{H}}\&{{H}} Theory},
	year = {1990}
}

@incollection{Leben:2003,
	address = {Trenton},
	author = {William R Leben},
	booktitle = {Trends in {A}frican linguistics 5: {{L}}inguistic typology and representation of {A}frican languages},
	editor = {John Mugane},
	pages = {129--138},
	publisher = {Africa World Press},
	title = {Tonal feet as tonal domains},
	year = {2003}
}

@incollection{Leben:2002,
	address = {Bielefeld},
	author = {Leben, William R},
	booktitle = {Typology of {African} prosodic systems},
	editor = {Ulrike Gut and Dayfdd Gibbon},
	pages = {27--40},
	publisher = {Universität Bielefeld},
	title = {Tonal feet},
	volume = {1},
	year = {2002}
}

@incollection{Krug2017,
	address = {Berlin},
	author = {Krug, Manfred},
	booktitle = {The history of {{{{{E}}}}nglish}: {{{{{{E}}}}}}arly Modern {{{{{E}}}}nglish}},
	editor = {Alexander Bergs and Laurel Brinton},
	pages = {241–266},
	publisher = {Mouton de Gruyter},
	title = {{The Great Vowel Shift}},
	year = {2017}
}

@incollection{KittoLacy1999,
	address = {Toronto},
	author = {Kitto, Catherine and Paul V. De Lacy},
	booktitle = {Proceedings of {{{AFLA}} {{VI}}: {{T}}he Sixth Meeting of the {{Austronesian}} Formal Linguistics Association}},
	editor = {Catherine Kitto and Carolyn Smallwood},
	pages = {181--200},
	publisher = {Department of Linguistics, University of Toronto},
	title = {Correspondence and epenthetic quality},
	year = {1999}
}

@incollection{Kiparsky2022,
	address = {Oxford},
	author = {Kiparsky, Paul},
	booktitle = {The {Oxford} History of phonology},
	editor = {B. Elan Dresher and Harry van der Hulst},
	pages = {1--24},
	publisher = {Oxford University Press},
	title = {Pāṇini},
	year = {2022}
}

@incollection{Kiparsky2003,
	address = {Cambridge},
	author = {Kiparsky, Paul},
	booktitle = {The syllable in Optimality Theory},
	editor = {Féry, Caroline and Ruben van de Vijver},
	pages = {147--182},
	publisher = {Cambridge University Press},
	title = {Syllables and moras in {A}rabic},
	year = {2003}
}

@incollection{Khachaturian1992,
	address = {Delmar},
	author = {Khachaturian, A.},
	booktitle = {{Proceedings of the 4th International Conference on {Armenian} Linguistics}},
	editor = {Greppin, J. A. C.},
	pages = {115--128},
	publisher = {Caravan},
	title = {Voiced aspirated consonants in the {Nor Bayazet dialect of {Armenian}}},
	year = {1992}
}

@incollection{Kaye:1982,
	address = {Montreal},
	author = {Kaye, Jonathan},
	booktitle = {Projet sur les langues {K}ru},
	editor = {Jonathan Kaye and Hilda Koopman and Dominique Sportiche},
	pages = {233--295},
	publisher = {Quebec University},
	title = {Les dialectes dida},
	year = {1982}
}

@incollection{Kawahara:2007,
	address = {Amherst},
	author = {Shigeto Kawahara},
	booktitle = {University of {M}assachusetts Occasional papers in linguistics 32: {P}apers in {O}ptimality {T}heory {III}},
	editor = {Leah Bateman and Michael O'Keefe and Ehren Reilly and Adam Werle},
	pages = {1--33},
	publisher = {GLSA Publications},
	title = {Copying and spreading in phonological theory: {{{E}}}vidence from echo epenthesis},
	year = {2007}
}

@incollection{Kager:1997,
	address = {Oxford},
	author = {Kager, René},
	booktitle = {Derivations and Constraints in Phonology},
	editor = {Roca, Iggy},
	pages = {463--499},
	publisher = {Oxford University Press},
	sortname = {Kager, Rene},
	title = {Rhythmic vowel deletion in {O}ptimality {T}heory},
	year = {1997}
}

@incollection{Kabak2011,
	address = {Hoboken},
	author = {Kabak, Bariş},
	booktitle = {The {Blackwell} Companion to Phonology},
	doi = {10.1002/9781444335262.wbctp0118},
	editor = {M. Oostendorp and C. J. Ewen and E. Hume and K. Rice},
	publisher = {Wiley},
	sortname = {Kabak, Baris},
	title = {{Turkish} Vowel Harmony},
	year = {2011}
}

@incollection{Iosad2020,
	address = {Aberdeen},
	author = {Iosad, Pavel},
	booktitle = {Language on the move across domains and communities: {{S}}elected papers from the 12th triennial Forum for {Research on the Languages of Scotland and {Ulster}}},
	editor = {Kopaczyk, J. and R. McColl Millar},
	pages = {200–230},
	publisher = {University of Aberdeen},
	title = {The life cycle of preaspiration in the {G}aelic languages},
	year = {2020}
}

@incollection{Inkelas:1997,
	address = {Oxford},
	author = {Inkelas, Sharon and Orgun, Orhan and Zoll, Cheryl},
	booktitle = {Optimality Theory in Phonology: {{A}} Reader},
	editor = {McCarthy, J. J.},
	pages = {542--551},
	publisher = {Blackwell},
	title = {The implications of lexical exceptions for the nature of grammar},
	year = {1997}
}

@incollection{Holt2015,
	address = {Oxford},
	author = {Holt, D. E.},
	booktitle = {The {{Oxford}} handbook of historical phonology},
	editor = {Patrick Honeybone and Joseph Salmons},
	pages = {545–562},
	publisher = {Oxford University},
	title = {Historical sound change in {Optimality Theory}},
	year = {2015}
}

@incollection{Hayes1989meter,
	address = {Orlando},
	author = {Hayes, Bruce},
	booktitle = {Rhythm and meter},
	editor = {Paul Kiparsky and Gilbert Youmans},
	pages = {201–260},
	publisher = {Academic Press},
	title = {The prosodic hierarchy in meter},
	year = {1989}
}

@incollection{HarrisGussmann1998,
	address = {Lublin},
	author = {Harris, John and Edmund Gussmann},
	booktitle = {Structure and Interpretation: {{S}}tudies in Phonology},
	editor = {Cyran, Eugeniusz},
	pages = {139--162},
	publisher = {Folium},
	title = {Final codas: {{W}}hy the west was wrong},
	year = {1998}
}

@incollection{Halle:2000,
	address = {Amsterdam},
	author = {Halle, Morris},
	booktitle = {Research in {A}froasiatic grammar},
	editor = {Jacqueline Lecarme and Jean Lowenstamm and Ur Shlonsky},
	pages = {125--150},
	publisher = {Amsterdam; Philadelphia; J. Benjamins Pub. Co; 1999},
	title = {Distributed morphology: {I}mpoverishment and fission},
	year = {2000}
}

@incollection{Hall2011,
	address = {Oxford},
	author = {Hall, Nancy},
	booktitle = {The {{Blackwell}} Companion to Phonology},
	doi = {10.1002/9781444335262.wbctp0067},
	editor = {van Oostendorp, Marc and Collin J. Ewen and Elizabeth Hume and Keren Rice},
	pages = {1576–1596},
	publisher = {Wiley-Blackwell},
	title = {Vowel epenthesis},
	year = {2011}
}

@incollection{ClementsSezer:1982,
	address = {Dordrecht},
	author = {Clements, George N. and Sezer, Engin},
	booktitle = {The structure of phonological representations},
	editor = {van der Hulst, H. and N. Smith},
	pages = {213--255},
	publisher = {Foris},
	title = {Vowel and consonant disharmony in {T}urkish},
	year = {1982}
}

@article{Clements:1991,
	author = {Nick Clements},
	booktitle = {Working papers of the {C}ornell Phonetics Library},
	pages = {677--123},
	title = {Place of articulation in consonants and vowels: {{A}} unified theory},
	volume = {5},
	year = {1991}
}

@incollection{Clements:1986,
	address = {Dordrecht},
	author = {Nick Clements},
	booktitle = {The phonological representation of suprasegmentals},
	editor = {Koen Bogers and Harry van der Hulst and Marten Mous},
	pages = {317--336},
	publisher = {Foris publications},
	title = {Syllabification and epenthesis in the {B}arra dialect of {G}aelic},
	year = {1986}
}

@incollection{ChoHolloway2003,
	address = {Cambridge},
	author = {Cho, Young-mee Yu and Tracy Holloway King},
	booktitle = {The syllable in {Optimality Theory}},
	editor = {Caroline Féry and Ruben van de Vijver},
	pages = {183--213},
	publisher = {Cambridge University Press},
	title = {Semisyllables and Universal Syllabification},
	year = {2003}
}

@incollection{Bubenik2003,
	address = {Abingdon},
	author = {Bubenik, Vik},
	booktitle = {The {{Indo}}-{{Aryan}} languages},
	editor = {George Cardona and Dhanesh Jain},
	pages = {204–249},
	publisher = {Routledge},
	title = {{Prākrits and Apabhraṁśa}},
	year = {2003}
}

@incollection{Broselow2018,
	address = {London},
	author = {Broselow, Ellen},
	booktitle = {The {{Routledge} handbook of {Arabic}} linguistics},
	editor = {E. Benmamoun and R. Bassiouney},
	pages = {32–47},
	publisher = {Routledge},
	title = {Syllable structure in the dialects of {A}rabic},
	year = {2018}
}

@incollection{Broselow1992,
	address = {Amsterdam},
	author = {Broselow, Ellen},
	booktitle = {Perspectives on {{Arabic} linguistics {IV}}},
	editor = {Ellen Broselow and Mushira Eid and John McCarthy},
	pages = {7--45},
	publisher = {John Benjamins},
	title = {Parametric variation in {A}rabic dialect phonology},
	year = {1992}
}

@incollection{Brentari1990,
	address = {Washington},
	author = {Brentari, Diane},
	booktitle = {Sign Language Research: {{T}}heoretical Issues},
	editor = {Ceil Lucas},
	pages = {57--68},
	publisher = {Gallaudet University Press},
	title = {Licensing in {{ASL}} handshape change},
	year = {1990}
}

@incollection{Bradley2004,
	address = {Berlin},
	author = {Bradley, Travis},
	booktitle = {Laboratory Approaches to {Spanish} Phonology},
	editor = {T. L. Face},
	pages = {197--224},
	publisher = {Mouton de Gruyter},
	title = {Gestural timing and rhotic variation in {S}panish codas},
	year = {2004}
}

@article{BoleRichard:1983,
	author = {Bole-Richard, Rémy},
	journal = {Atlas des langues kwa de {Côte d'Ivoire}},
	pages = {307--357},
	sortname = {Bole-Richard, Remy},
	title = {Ebrié},
	volume = {1},
	year = {1983}
}

@incollection{Blust1999,
	address = {London},
	author = {Blust, Robert},
	booktitle = {{{Pacific}} island languages: {{{{E}}}}ssays in honour of G. {{B}}. {{M}}ilner},
	editor = {Jeremy H. C. S. Davidson},
	pages = {7–28},
	publisher = {University of London, SOAS},
	title = {Three recurrent changes in {{Oceanic}} languages},
	year = {1999}
}

@incollection{Blevins2008,
	address = {Oxford},
	author = {Blevins, Juliette},
	booktitle = {Linguistic Universals and Language Change},
	editor = {Jeff Good},
	pages = {79--107},
	publisher = {Oxford Academic},
	title = {Consonant Epenthesis: {N}atural and Unnatural Histories},
	year = {2008}
}

@incollection{Bermúdez-OteroTrousdale2012,
	address = {Oxford},
	author = {Bermúdez-Otero, Ricardo and Graeme Trousdale},
	booktitle = {The {{Oxford}} handbook of the history of {{English}}},
	editor = {Terttu Nevalainen and Elizabeth Closs Traugott},
	pages = {691–720},
	publisher = {Oxford University Press},
	sortname = {Bermudez-Otero, Ricardo and Graeme Trousdale},
	title = {Cycles and continua: {{O}}n unidirectionality and gradualness in language change},
	year = {2012}
}

@incollection{Bermúdez-Otero2017,
	address = {Abingdon},
	author = {Bermúdez-Otero, Ricardo},
	booktitle = {{The {Routledge} handbook of phonological theory}},
	editor = {Hannahs, S. J. and Anna R. K. Bosch},
	pages = {100--134},
	publisher = {Routledge},
	sortname = {Bermudez-Otero, Ricardo},
	title = {Stratal phonology},
	year = {2017}
}

@incollection{Bermúdez-Otero2015,
	address = {Oxford},
	author = {Bermúdez-Otero, Ricardo},
	booktitle = {The {{Oxford}} handbook of historical phonology},
	editor = {Patrick Honeybone and Joseph C. Salmons},
	pages = {374–399},
	publisher = {Oxford University Press},
	sortname = {Bermudez-Otero, Ricardo},
	title = {Amphichronic explanation and the life cycle of phonological processes},
	year = {2015}
}

@incollection{Bermúdez-Otero2011,
	address = {Malden},
	author = {Bermúdez-Otero, Ricardo},
	booktitle = {{The {Blackwell} companion to phonology}},
	editor = {Marc van Oostendorp and Colin Ewen and Elizabeth Hume and Keren Rice},
	pages = {2019--2048},
	publisher = {Wiley-Blackwell},
	sortname = {Bermudez-Otero, Ricardo},
	title = {Cyclicity},
	year = {2011}
}

@incollection{Bellik2019b,
	address = {Melbourne},
	author = {Bellik, Jennifer},
	booktitle = {Proceedings of the 19th {International Congress of Phonetic Sciences}},
	editor = {Calhoun, Sasha and Paola Escudero and Marija Tabain and Paul Warren},
	pages = {3498–3502},
	title = {The effect of speech style and deaccentuation on vowel intrusion in {T}urkish complex onsets},
	year = {2019}
}

@incollection{Bafile2002,
	address = {Pisa},
	author = {Bafile, Laura},
	booktitle = {{Atti} delle {{XXIII}} {G}iornate G. {{F}}. {{S}}. {N}ovember 28-30},
	langid = {italian},
	pages = {205--212},
	publisher = {ETS},
	title = {Il trattamento delle consonanti finali nel fiorentino: {A}spetti fonetici},
	year = {2002}
}

@incollection{BaertschDavis2009,
	address = {Berlin},
	author = {Baertsch, Karen and Stuart Davis},
	booktitle = {Strength relations in phonology},
	editor = {Kuniya Nasukawa and Phillip Backley},
	pages = {285–316},
	publisher = {Mouton de Gruyter},
	title = {Strength relations between consonants: {{A}} syllable-based {{OT}} approach},
	year = {2009}
}

@incollection{AronoffRepetti2021,
	address = {Oxford},
	author = {Aronoff, Mark and Lori Repetti},
	booktitle = {Periphrasis and inflexion in diachrony},
	editor = {Ledgeway, Adam and John Charles Smith and Nigel Vincent},
	pages = {362--380},
	publisher = {Oxford University Press},
	title = {Conditioned Epenthesis in {{Romance}}},
	year = {2021}
}

@inbook{wax_cavallaro_2020,
	author = {Wax Cavallaro, Maya C.},
	booktitle = {{Supplemental Proceedings of the 2020 {A}nnual {M}eeting on {P}honology}},
	editor = {Bennett, Ryan and Bibbs, Richard and Brinkerhoff, Mykel Loren and Kaplan, Max J. and Rich, Stephanie and Rysling, Amanda and Van Handel, Nicholas and Wax Cavallaro, Maya C.},
	place = {Washington},
	publisher = {Linguistic Society of America},
	title = {[{SG}] and final consonant allophony in {Tz'utujil}},
	url = {http://journals.linguisticsociety.org/proceedings/index.php/amphonology/index},
	year = {2020}
}

@inbook{walter2018,
	author = {Mary Ann Walter},
	booktitle = {The Rouen Meeting: {S}tudies on {Turkic} Structures and Language Contacts},
	edition = 1,
	pages = {87--94},
	publisher = {Harrassowitz Verlag},
	title = {The significance of vowel insertion in Ottoman {Turkish}},
	year = {2018}
}

@inbook{ladefoged_1983,
	author = {Ladefoged, Peter},
	booktitle = {Vocal fold physiology: {{C}}ontemporary research and clinical issues},
	editor = {Bless, Diane M. and Abbs, James H.},
	pages = {351--360},
	place = {San Diego},
	publisher = {College Hill Press},
	title = {The linguistic use of different phonation types},
	year = {1983}
}

@inbook{harris_lindsay_1995,
	author = {Harris, John and Lindsey, Geoff},
	booktitle = {Frontiers of phonology: {{A}}toms, structures, derivations},
	editor = {Durand, Jacques and Katamba, Francis},
	pages = {34–79},
	place = {Berlin},
	publisher = {Moulton de Gruyter},
	title = {The elements of phonological representation},
	year = {1995}
}

@inbook{avery_idsardi_2001,
	author = {Avery, Peter and Idsardi, William J.},
	booktitle = {Studies in {D}istinctive {F}eature {T}heory},
	editor = {Hall, T. Alan},
	pages = {41–70},
	place = {Berlin},
	publisher = {Moulton de Gruyter},
	title = {Laryngeal dimensions, completion and enhancement},
	year = {2001}
}

@inbook{anderbois_2011,
	author = {AnderBois, Scott},
	booktitle = {{North} {East} Linguistic Society ({NELS}) 39},
	editor = {Lima, Suzi and Mullin, Kevin and Smith, Brian},
	pages = {41--54},
	place = {Amherst},
	publisher = {GLSA},
	title = {Strong positions and laryngeal features in {Yukatek {Maya}}},
	volume = {1},
	year = {2011}
}

@inbook{Weinberger1994,
	address = {San Diego},
	author = {Weinberger, Steven},
	booktitle = {First and second language phonology},
	editor = {Yavas, Mehmet},
	pages = {283--302},
	publisher = {Singular},
	title = {Functional and phonetic constraints on second language phonology},
	year = {1994}
}

@inbook{Polivanov1931,
	address = {The Hague},
	author = {Polivanov, Evgenij Dmitrievič},
	booktitle = {Selected works: {{A}}rticles on general linguistics},
	editor = {Polivanov, Evgenij Dmitrievič},
	pages = {223–237},
	publisher = {Mouton},
	title = {{La} perception des sons d’une langue étrangè},
	year = {1931/1974}
}

@inbook{Pierrehumbert2001,
	address = {Amsterdam},
	author = {Pierrehumbert, Janet},
	booktitle = {Frequency and the emergence of linguistic structure},
	editor = {Bybee, Joan and Paul Hopper},
	pages = {137–157},
	publisher = {Benjamins},
	title = {Exemplar dynamics: {{W}}ord frequency, lenition and contrast},
	year = {2001}
}

@inbook{McQueenCutler1997,
	address = {Oxford},
	author = {McQueen, James and Anne Cutler},
	booktitle = {The Handbook of Phonetic Sciences},
	editor = {William J. Hardcastle and John Laver},
	pages = {566–586},
	publisher = {Blackwell},
	title = {Cognitive processes in speech perception},
	year = {1997}
}

@inbook{Householder1956,
	address = {The Hague},
	author = {Householder, F. W. Jr.},
	booktitle = {For {Roman} Jakobson},
	editor = {Lunt, Horace and Hugh McLean and Cornelis H. van Schooneveld},
	pages = {235–244},
	publisher = {Mouton},
	title = {Unreleased {PTK} in {American} {English}},
	year = {1956}
}

@inbook{Hamann2011,
	address = {London},
	author = {Hamann, Silke},
	booktitle = {Continuum Companion to Phonology},
	editor = {Kula, Nancy and Engbert Doede Botma and Kuniya Nasukawa},
	pages = {202–224},
	publisher = {Continuum},
	title = {The phonetics-phonology interface},
	year = {2011}
}

@inbook{HaleKissock2007,
	address = {Oxford},
	author = {Hale, Mark and Madelyn Kissock},
	booktitle = {The {Oxford} Handbook of Linguistic Interfaces},
	doi = {10.1093/oxfordhb/9780199247455.013.0004},
	editor = {Ramchand, Gillian and Charles Reiss},
	pages = {81--101},
	publisher = {Oxford University Press},
	title = {The phonetics-phonology interface and the acquisition of perseverant underspecification},
	year = {2007}
}

@inbook{EscuderoBoersma2003,
	author = {Escudero, Paola and Paul Boersma},
	booktitle = {Proceedings of the 25th Annual Penn Linguistics Colloquium (Penn Working Papers in Linguistics 8.1)},
	editor = {Arunachalam, Sundha and Elsi Kaiser and Alexander Williams},
	pages = {71–85},
	title = {Modelling the perceptual development of phonological contrasts with {Optimality Theory and the Gradual Learning Algorithm}},
	year = {2003}
}

@inbook{Cook1969,
	address = {London},
	author = {Cook, Thomas L.},
	booktitle = {Twelve {Nigerian} Languages.},
	editor = {Dunstan, Elizabeth},
	pages = {35--46},
	publisher = {Longmans Green},
	title = {{Efik}},
	year = {1969}
}

@inbook{Busà2008,
	address = {Trieste},
	author = {Busà, Maria Grazia},
	booktitle = {{E}colingua: {{T}}he Role of {E}-corpora in Translation, Language Learning, and Testing},
	editor = {Taylor, C.},
	pages = {113--126},
	publisher = {Edizioni Università di Trieste},
	title = {Teaching prosody to {I}talian learners of {{E}}nglish: {{W}}orking towards a new approach},
	year = {2008}
}

@inbook{BoersmaHamann2009,
	address = {Amsterdam},
	author = {Boersma, Paul and Silke Hamann},
	booktitle = {Loan Phonology},
	doi = {10.1075/cilt.307.02boe},
	editor = {Calabrese, Calabrese and Willem Leo Wetzels},
	pages = {11--58},
	publisher = {Benjamins},
	title = {Loanword adaptation as first-language phonological perception},
	year = {2009}
}

@inbook{Boersma2011,
	address = {Amsterdam},
	author = {Boersma, Paul},
	booktitle = {Bidirectional Optimality Theory},
	doi = {10.1075/la.180},
	editor = {Benz, Anton and Jason Mattausch},
	pages = {33--72},
	publisher = {Benjamins},
	title = {A programme for bidirectional phonology and phonetics and their acquisition and evolution},
	year = {2011}
}

@inbook{Boersma2009,
	address = {Berlin},
	author = {Boersma, Paul},
	booktitle = {Phonology in Perception},
	editor = {Boersma, Paul and Silke Hamann},
	pages = {55--110},
	publisher = {De Gruyter},
	title = {Cue constraints and their interactions in phonological perception and production},
	year = {2009}
}

@conference{windsor_cobler_2013,
	author = {Windsor, Joseph W. and Cobler, J. L.},
	booktitle = {{Annual Conference of the {C}anadian {L}inguistics {A}ssociation}},
	month = {6},
	place = {Victoria},
	title = {A unified analysis of three phrase-final phenomena in {B}lackfoot.},
	year = {2013}
}

@conference{rill_2013,
	author = {Rill, Justin},
	booktitle = {37th {P}enn {L}inguistics {C}olloquium},
	place = {Philadelphia},
	title = {Vowel tensing in {K}aqchikel {M}aya},
	year = {2013}
}

@conference{flynn_hodgson_windsor_2019,
	author = {Flynn, Darin and Hodgson, Merion and Windsor, Joseph W.},
	booktitle = {{Annual Conference of the {C}anadian {L}inguistic {A}ssociation}},
	place = {Vancouver},
	title = {Aspiration in {B}lackfoot and {P}lains {C}ree},
	year = {2019}
}

@book{wiik1965finnish,
	address = {Turun},
	author = {Wiik, Kalevi},
	publisher = {Turun yliopisto},
	title = {{{Finnish}} and {{E}}nglish vowels: {{A}} comparison with special reference to the learning problems met by native speakers of {{{Finnish}} learning {E}nglish}},
	volume = {94},
	year = {1965}
}

@book{wiese98,
	address = {Oxford},
	author = {Richard Wiese},
	publisher = {Clarendon},
	title = {The Phonology of {G}erman},
	year = {1998}
}

@book{unesco,
	address = {Paris},
	booktitle = {Atlas of the World's Languages in Danger},
	edition = {3},
	editor = {Moseley, Christopher},
	publisher = {Unesco},
	title = {Atlas of the World's Languages in Danger},
	url = {http://www.unesco.org/culture/en/endangeredlanguages/atlas},
	year = {2010}
}

@book{uffbook,
	address = {Tübingen},
	author = {Christian Uffmann},
	publisher = {Niemeyer},
	title = {Vowel Epenthesis in Loanword Adaptation},
	year = {2007}
}

@book{selkirk:1984,
	address = {Cambridge},
	author = {Elisabeth O. Selkirk},
	publisher = {The MIT Press},
	title = {Phonology and {syntax: {{T}}he relation between sound and structure}},
	year = {1984}
}

@book{patal_majzul_2000,
	address = {Ciudad de Guatemala},
	author = {Patal Majzul, Filiberto and García Matzar, Lolmay Pedro Oscar and Espantzay Serech, Ixchel Carmelina},
	place = {Guatemala},
	publisher = {Cholsamaj},
	sortname = {Patal Majzul, Filiberto and Garcia Matzar, Lolmay Pedro Oscar and Espantzay Serech, Ixchel Carmelina},
	title = {{R}ujunamaxik ri {K}aqchikel chi' : {V}ariación dialectal en {K}aqchikel},
	year = {2000}
}

@book{operstein2010consonant,
	address = {Amsterdam},
	author = {Operstein, Natalie},
	publisher = {John Benjamins},
	title = {Consonant structure and prevocalization},
	year = {2010}
}

@book{oostendorp00,
	address = {Berlin},
	author = {Marc van Oostendorp},
	publisher = {de Gruyter},
	title = {Phonological Projection: {{A}} Theory of Feature Content and Prosodic Structure},
	year = {2000}
}

@book{lombardi_1994,
	address = {London},
	author = {Lombardi, Linda},
	place = {New York},
	publisher = {Routledge},
	title = {Laryngeal Features and Laryngeal {Neutralization}},
	year = {1994}
}

@book{leprivitali:dict,
	address = {Bologna},
	author = {Luigi Lepri and Daniele Vitali},
	publisher = {Pendragon},
	title = {Dizionario Bolognese-Italiano Italiano-Bolognese},
	year = {2007}
}

@book{launey_1992,
	author = {Launey, Michel},
	address = {México},
	publisher = {Universidad Nacional Autónoma de México, Instituto de Investigaciones Antropológicas,},
	title = {Introducción a la lengua y a la literatura nahuatl},
	year = {1992}
}

@book{ladefoged_1971,
	author = {Ladefoged, Peter},
	address = {Chicago},
	publisher = {University of Chicago Press},
	title = {Preliminaries to linguistic phonetics},
	year = {1971}
}

@book{groundedphono,
	address = {Cambridge},
	author = {Diana Archangeli and Douglas Pulleyblank},
	publisher = {MIT Press},
	title = {Grounded Phonology},
	year = {1994}
}

@book{fleischhacker2005similarity,
	address = {Los Angeles},
	author = {Fleischhacker, Heidi Anne},
	publisher = {University of California},
	title = {Similarity in phonology: {{{E}}}vidence from reduplication and loan adaptation},
	year = {2005}
}

@book{fallon_2002,
	address = {London},
	author = {Fallon, Paul D},
	place = {New York},
	publisher = {Routledge},
	title = {The synchronic and diachronic phonology of ejectives},
	year = {2002}
}

@book{ethnologue16,
	address = {Dallas},
	booktitle = {{Ethnologue}: {Languages} of the World},
	edition = {16},
	editor = {Lewis, M. Paul},
	publisher = {SIL},
	title = {{Ethnologue}: {Languages} of the World},
	url = {https://www.ethnologue.com/language/cak},
	year = {2009}
}

@book{dresher09,
	address = {Cambridge},
	author = {Dresher, B. Elan},
	publisher = {Cambridge University Press},
	title = {The Contrastive Hierarchy in Phonology},
	year = {2009}
}

@book{desisto2020,
	address = {Utrecht},
	author = {De Sisto, Mirella},
	publisher = {LOT},
	title = {The Interaction Between Phonology and Meter},
	year = {2020}
}

@book{delacy06,
	address = {Cambridge},
	author = {Paul V. De Lacy},
	publisher = {Cambridge University Press},
	title = {Markedness: {{R}}eduction and Preservation in Phonology},
	year = {2006}
}

@book{dayley_1985,
	author = {Dayley, Jon P.},
	address = {Berkeley},
	publisher = {University of California Press},
	title = {Tzutujil grammar},
	volume = {107 University of California Publications in Linguistics},
	year = {1985}
}

@book{brown_maxwell_little_2006,
	author = {Brown, R. McKenna and Maxwell, Judith M. and Little, Walter E.},
	address = {Austin},
	publisher = {University of Austin Press},
	title = {¿{L}a ütz awäch? {{I}}ntroduction to {K}aqchikel {M}aya Language},
	year = {2006}
}

@book{bologneseprimertwo,
	address = {Bologna},
	author = {Daniele Vitali},
	edition = {2},
	publisher = {Perdisa},
	title = {Dscårret in bulgnaiṡ?},
	year = {2009}
}

@book{blevins04,
	address = {Cambridge},
	author = {Juliette Blevins},
	publisher = {Cambridge University Press},
	title = {Evolutionary Phonology: {{T}}he Emergence of Sound Patterns},
	year = {2004}
}

@book{andersonewen,
	address = {Cambridge},
	author = {John Anderson and Colin Ewen},
	publisher = {Cambridge University Press},
	title = {Principles of Dependency Phonology},
	year = {1987}
}

@book{Yildiz2010,
	address = {Newcastle upon Tyne},
	author = {Yıldız, Yasemin},
	publisher = {Cambridge Scholars Publishing},
	sortname = {Yildiz, Yasemin},
	title = {Age Effects in the Acquisition of {{English}} Onset Clusters by {{Turkish}} Learners: {{A}}n Optimality-Theoretic Approach},
	year = {2010}
}

@book{Willett:1991,
	address = {Dallas},
	author = {Willett, Thomas Leslie},
	publisher = {SIL},
	title = {A reference grammar of {S}outheastern {T}epehuan},
	year = {1991}
}

@book{Westermann:1930,
	address = {Oxford},
	author = {Westermann, Diedrich},
	publisher = {Oxford University Press},
	title = {A study of the {{E}}we language},
	year = {1930}
}

@book{Vaux1998,
	address = {Oxford},
	author = {Bert Vaux},
	publisher = {Clarendon Press},
	title = {The {Phonology of A}rmenian},
	year = {1998}
}

@book{Uffmann2007a,
	address = {Tübingen},
	author = {Uffmann, Christian},
	number = {510},
	publisher = {Niemeyer},
	series = {Linguistische Arbeiten},
	title = {Vowel Epenthesis in Loanword Adaptation},
	year = {2007}
}

@book{Thomann:1905,
	address = {Paris},
	author = {G. Thomann},
	publisher = {{Hachette Livre BNF}},
	title = {Essai de manuel de la langue néoulé},
	year = {1905}
}

@book{Shevelov1964,
	address = {Heidelberg},
	author = {Shevelov, George Y.},
	publisher = {Carl Winter Universitätsverlag},
	title = {A prehistory of {{{{Slavic}}}}: {{T}}he historical phonology of Common {{{{Slavic}}}}},
	year = {1964}
}

@book{Sen1960,
	address = {Deccan College},
	author = {Sen, Sukumar},
	publisher = {Linguistic Society of India},
	title = {A comparative grammar of {{Middle Indo-Aryan}}},
	year = {1960}
}

@book{Scheer2004,
	address = {Berlin},
	author = {Scheer, Tobias},
	doi = {10.1515/08336},
	publisher = {De Gruyter Mouton},
	title = {What is {{CVCV}} and why should it be?},
	year = {2004}
}

@book{PrinceSmolensky1993,
	address = {Cambridge},
	author = {Prince, Alan and Paul Smolensky},
	publisher = {Blackwell},
	title = {Optimality Theory: {Constraint} Interaction in {Generative Grammar}},
	year = {2004}
}

@book{Pisowicz1976,
	address = {Wrocaw},
	author = {Pisowicz, A.},
	publisher = {Zakod},
	title = {{Le} développement du consonantisme arménien},
	year = {1976}
}

@book{Passino2008,
	address = {Padua},
	author = {Passino, Diana},
	publisher = {UniPress},
	title = {Aspects of consonantal lengthening in {{Italian}}},
	year = {2008}
}

@book{Oostendorp2011,
	address = {Berlin and New York},
	author = {van Oostendorp, Marc},
	doi = {10.1515/9783110809244},
	publisher = {Mouton de Gruyter},
	title = {Phonological projection: {{A}} theory of feature content and prosodic structure},
	year = {2011}
}

@book{Ohala1983,
	address = {Delhi},
	author = {Ohala, Manjari},
	publisher = {Motilal Banarsidass},
	title = {Aspects of {{Hindi}} phonology},
	year = {1983}
}

@book{Oberlies2001,
	address = {Berlin},
	author = {Oberlies, Thomas},
	publisher = {de Gruyter},
	title = {Pāli: {{A}} grammar of the language of the {Theravāda Tipiṭaka} (with a concordance to {P}ischel's {{Grammatik}} der {{Prakrit}}-{{Sprachen}})},
	year = {2001}
}

@book{Morse:1976,
	address = {New York},
	author = {Morse, Mary Lynn Alice},
	publisher = {Columbia University},
	title = {A sketch of the phonology and morphology of {B}obo ({{U}}pper {V}olta).},
	year = {1976}
}

@misc{Moradietal2023,
	author = {Moradi, Sedigheh and Andrija Petrović and Lori Repetti and Mark Aronoff},
	note = {Ms, Stony Brook University},
	sortname = {Moradi, Sedigheh and Andrija Petrovic and Lori Repetti and Mark Aronoff},
	title = {Epenthesis Goes Beyond {Phonology: {{A}}} Unified Formal Account},
	url = {https://github.com/andrija-petrovic/andrija-petrovic.github.io/blob/master/pdfs/Epenthesis_Goes_Beyond_Phonology.pdf},
	year = {2023}
}

@book{Miller2001,
	address = {Berlin},
	author = {Miller, Amy},
	publisher = {Mouton de Gruyter},
	title = {A Grammar of {Jamul Tiipay}},
	year = {2001}
}

@book{McPherson:2020,
	address = {Berlin},
	author = {McPherson, Laura},
	publisher = {De Gruyter Mouton},
	title = {A Grammar of {S}eenku},
	year = {2020}
}

@book{Mayrhofer1978,
	address = {Berlin},
	author = {Mayrhofer, Manfred},
	publisher = {Walter de Gruyter},
	title = {{{Sanskrit}}-{{Grammatik}} (mit sprachvergleichenden {{E}}rläterungen)},
	year = {1978}
}

@book{Mayrhofer1951,
	address = {Heidelberg},
	author = {Mayrhofer, Manfred},
	publisher = {Carl {W}inter {U}niversitätsverlag},
	title = {{{Handbuch} des Pāli (mit Texten und Glossar): {{{E}}}ine {E}inführung in das sprachwissenschaftliche Studium des Mittelindischen}},
	year = {1951}
}

@book{Masica1991,
	address = {Cambridge},
	author = {Masica, Colin P.},
	publisher = {Cambridge University Press},
	title = {The {{Indo}}-{{Aryan}} languages},
	year = {1991}
}

@book{Marchese:1986,
	address = {Dallas},
	author = {Marchese, Lynell},
	publisher = {Summer Institute of Linguistics},
	title = {Tense/aspect and the development of auxiliaries in {Kru} languages},
	year = {1986}
}

@book{Marchese:1979,
	address = {Abidjan},
	annote = {In this book one can find the most complete description of the phonology and syntax of Kru languages as a family that exists in a single volume. Marchese provides the phonemic and tonal inventories for ten Eastern and ten Western Kru languages. She continues to describe the syntactic properties of noun phrases and verbs in Kru in general, with examples from various Western and Eastern Kru languages. She finishes with a discussion of sentence structure in sentences with and without auxiliaries, in negative contexts, in interrogative clauses, and in topicalisation. Mentioned but not thoroughly described are verb doubling, noun classes, and particle verbs.},
	author = {Marchese, Lynell},
	publisher = {ILA},
	title = {Atlas Linguistique {Kru}},
	year = {1983}
}

@article{Lombardi1995,
	author = {Lombardi, Linda},
	journal = {Rutgers Optimality Archive},
	title = {Why place and voice are different: {{C}}onstraint-specific alternations and Optimality Theory},
	volume = {105},
	year = {1995}
}

@book{Levelt1989,
	address = {Cambridge},
	author = {Levelt, Willem J. M.},
	publisher = {MIT Press},
	title = {Speaking: {{F}}rom intention to articulation},
	year = {1989}
}

@book{LeSaout:1979,
	address = {Nice},
	author = {Joseph {Le Saout}},
	publisher = {CEPLAN},
	title = {Notes sur la phonologie du {G}ouro (zone de {Z}uénoula)},
	year = {1979}
}

@book{Krämer2001,
	address = {Berlin},
	author = {Krämer, Martin},
	publisher = {Mouton de Gruyter},
	sortname = {Kramer, Martin},
	title = {Vowel Harmony and Correspondence Theory},
	year = {2003}
}

@misc{JosephRalli2021,
	author = {Joseph, Brian and Angela Ralli},
	note = {Paper presented at the Epenthesis Workshop, Stony Brook University, September 17-19, 2021.},
	title = {The Aftermath of Epenthesis: {{F}}rom hiatus to morpheme in {G}reek},
	year = {2021}
}

@book{Jamison1983,
	address = {Göttingen},
	author = {Jamison, Stephanie W.},
	publisher = {Vandenhoeck \& Ruprecht},
	title = {Function and form in the -áya-formations of the {Rig Veda and Atharva Veda}},
	year = {1983}
}

@book{Innes:1966,
	address = {London},
	annote = {A fairly thorough grammar of Grebo, this introduction to the language covers phonology, morphology, and syntax.},
	author = {Innes, Gordon},
	iso_code = {gry},
	olac_field = {semantics; phonology; syntax; typology; phonetics; general_linguistics; morphology},
	publisher = {School of Oriental and African Studies, University of London},
	title = {An Introduction to {G}rebo},
	wals_code = {grb},
	year = {1966}
}

@book{Inkelas&Zoll,
	address = {Cambridge},
	author = {Inkelas, Sharon and Zoll, Cheryl},
	publisher = {Cambridge University Press},
	title = {Reduplication: {{D}}oubling in morphology},
	volume = {106},
	year = {2005}
}

@book{Hayes:1995,
	address = {Chicago},
	author = {Hayes, Bruce},
	publisher = {University of Chicago Press},
	title = {Metrical stress theory: {P}rinciples and case studies},
	year = {1995}
}

@book{Gu2002,
	address = {New York},
	author = {Gu, Chong},
	publisher = {Springer-Verlag},
	title = {Smoothing spline {{ANOVA}} models. {{S}}pringer Series in Statistics},
	year = {2002}
}

@book{GokselKerslake2005,
	address = {New York},
	author = {Göksel, A. and C. Kerslake},
	publisher = {Routledge},
	sortname = {Goksel, A. and C. Kerslake},
	title = {{{Turkish}}: {{A}} comprehensive grammar},
	year = {2005}
}

@book{Fabb1997,
	address = {Oxford},
	author = {Fabb, Nigel},
	publisher = {Blackwell},
	title = {Linguistics and literature: {{L}}anguage in the verbal arts of the world},
	year = {1997}
}

@book{Ethnologue20,
	address = {Dallas},
	booktitle = {{Ethnologue}: {Languages} of the world},
	edition = 23,
	editor = {David M. Eberhard and Gary F. Simons and Charles D. Fenning},
	publisher = {SIL International},
	title = {{Ethnologue}: {Languages} of the world},
	year = {2020}
}

@book{Endzelin1922,
	address = {Riga},
	author = {Endzelin, J.},
	publisher = {Kommissionsverlag A. Gulbis},
	title = {Lettische {{Grammatik}}},
	year = {1922}
}

@book{Egner:1989,
	address = {Abidjan},
	author = {Egner, Inge},
	publisher = {Annales de l'Université d'Abidjan, H, Linguistique},
	series = {Tome XV},
	title = {Précis de grammaire {W}obé},
	year = {1989}
}


@book{Easterday2019,
author = {Easterday, Shelece},
title = {Highly complex syllable structure},
subtitle = {A typological and diachronic study},
year = {2019},
series = {Studies in Laboratory Phonology},
number = {9},
address = {Berlin},
publisher = {Language Science Press},
doi = {10.5281/zenodo.3268721}
}

@book{Dumestre:2003,
	address = {Paris},
	author = {Gerard Dumestre},
	publisher = {Karthala},
	title = {Grammaire fondamentale du {B}ambara},
	year = {2003}
}

@book{Dum2009,
	address = {Amsterdam/Philadelphia},
	author = {Dum-Tragut, Jasmine},
	doi = {10.1075/loall.14},
	note = {Number 14 in {London Oriental and African Language Library}},
	publisher = {John Benjamins},
	title = {Modern {{Eastern} {Armenian}}},
	year = {2009}
}

@book{Dresher:2009,
	address = {Cambridge},
	annote = {Here Dresher proposes a language-specific hierarchy of phonological contrastiveness. Phonemes are specified only for contrastive features, and those features are arranged on hierarchies or trees. A node on the tree represents a natural class of segments, all which share that feature and the features it dominates. Only features that are contrastive for the language in question are represented in that language's contrastiveness hierarchy.},
	author = {Elan Dresher},
	publisher = {Cambridge University Press},
	title = {The contrastive hierarchy in phonology},
	year = {2009}
}

@book{Dolphyne:1988,
	address = {Accra},
	author = {Dolphyne, Florence Abena},
	publisher = {Ghana Universities Press},
	title = {The {A}kan ({T}wi-{F}ante) language: {{I}}ts sound systems and tonal structure},
	year = {1988}
}

@book{Delafosse:1904,
	address = {Paris},
	annote = {Delafosse was the first to claim, in this work, that there are two major branches of Kru, Eastern and Wester, split for the most part along the Liberia/Côte d'Ivoire border.},
	author = {Maurice Delafosse},
	publisher = {E. Leroux},
	title = {Vocabulaires comparatifs de plus de 60 langues ou dialectes parlés à la {C}ôte d'{I}voire},
	year = {1904}
}

@book{DeLacy2006,
	address = {Cambridge},
	author = {De Lacy, Paul V.},
	publisher = {Cambridge University Press},
	title = {Markedness: {{R}}eduction and preservation in phonology},
	year = {2006}
}

@book{CoverThomas2002,
	address = {London},
	author = {Cover, Thomas A. and Thomas, Joy A.},
	edition = 2,
	publisher = {Wiley},
	title = {Elements of information theory},
	year = {2002}
}

@book{ChomskyHalle:1968,
	address = {New York},
	author = {Chomsky, Noam and Halle, Morris},
	publisher = {Harper \& Row},
	title = {The sound pattern of {{E}}nglish.},
	year = {1968}
}

@book{Cavirani2015,
	address = {Utrecht},
	author = {Cavirani, Edoardo},
	publisher = {LOT},
	title = {Modeling phonologization: {Vowel} reduction and epenthesis in {L}unigiana dialects},
	year = {2015}
}

@book{Bloch1965,
	address = {Paris},
	author = {Bloch, Jules},
	publisher = {{Librairie d'Amérique et d'Orient Adrien-Maisonneuve, translated by Alfred Master}},
	title = {{{Indo}}-{{Aryan}}: {{F}}rom the {V}edas to modern times [{{English}} edition]},
	year = {1965}
}

@book{Blevins2004,
	address = {Cambridge and New York},
	author = {Blevins, Juliette},
	publisher = {Cambridge University Press},
	title = {Evolutionary Phonology: {{T}}he Emergence of Sound Patterns},
	year = {2004}
}

@book{Berry:1969,
	author = {Berry, Jack and Kotei, Nii Amon},
	publisher = {US Office of Education, Institute of International Studies},
	title = {An introductory course in {G}a},
	year = {1969}
}

@book{Bergman:1981,
	address = {Dallas},
	author = {Bergman, Richard},
	publisher = {{SIL}},
	title = {An outline of {I}gede grammar},
	year = {1981}
}

@book{BauerBenedict1997,
	address = {Berlin},
	author = {Bauer, Robert S. and Paul K. Benedict},
	doi = {10.1515/9783110823707},
	publisher = {De Gruyter Mouton},
	title = {Modern {C}antonese Phonology},
	year = {1997}
}

@article{Żygis2010,
	author = {Żygis, Marzena},
	journal = {ZAS Papers in Linguistics},
	pages = {111--140},
	sortname = {Zygis, Marzena},
	title = {Typology of consonantal insertions},
	volume = {52},
	year = {2010}
}

@article{zygis10,
	author = {Marzena Żygis},
	journal = {{ZAS} Papers in Linguistics},
	pages = {111--140},
	sortname = {Marzena Zygis},
	title = {Typology of consonantal insertions},
	volume = {52},
	year = {2010}
}

@article{windsor_2016,
	author = {Windsor, Joseph W.},
	journal = {Calgary Working Papers in Linguistics},
	pages = {61--80},
	title = {Contrast, phonological features, and phonetic implementation: {{A}}spiration in {B}lackfoot},
	url = {https://prism.ucalgary.ca/handle/1880/51784},
	volume = {29},
	year = {2016}
}

@article{warner2001phonological,
	author = {Warner, Natasha and Jongman, Allard and Cutler, Anne and M{ü}cke, Doris},
	journal = {Phonology},
	number = {3},
	pages = {387--420},
	publisher = {Cambridge University Press},
	sortname = {Warner, Natasha and Jongman, Allard and Cutler, Anne and M{u}cke, Doris},
	title = {The phonological status of {D}utch epenthetic schwa},
	volume = {18},
	year = {2001}
}

@article{warkentin_brend_1974,
	author = {Warkentin, Viola and Brend, Ruth},
	journal = {Linguistics},
	number = {132},
	pages = {87--102},
	title = {{Chol} phonology},
	volume = {12},
	year = {1974}
}

@article{walker2012form,
	author = {Walker, James A},
	journal = {Language Variation and Change},
	number = {3},
	pages = {397--415},
	title = {Form, function, and frequency in phonological variation},
	volume = {24},
	year = {2012}
}

@article{venneinversion,
	author = {Theo Vennemann},
	journal = {Lingua},
	pages = {209--242},
	title = {Rule inversion},
	volume = {29},
	year = {1972}
}

@article{vaux_1998,
	author = {Vaux, Bert},
	journal = {Linguistic Inquiry},
	number = {3},
	pages = {497--511},
	title = {The laryngeal specification of fricatives},
	url = {https://www.jstor.org/stable/4179030},
	volume = {29},
	year = {1998}
}

@article{vanSonvanSanten2005,
	author = {van Son, R. J. J. H. and van Santen, Jan P. H.},
	journal = {Speech Communication},
	number = {1--2},
	pages = {100--123.},
	title = {Duration and spectral balance of intervocalic consonants: {{A}} case for efficient communication},
	volume = {47},
	year = {2005}
}

@article{vanEgmondBaker2020,
	author = {van Egmond, Marie-Elaine and Baker, Brett},
	journal = {Australian Journal of Linguistics},
	number = {4},
	pages = {492---527},
	publisher = {{Routledge}},
	title = {The genetic position of {Anindilyakwa}},
	volume = {40},
	year = {2020}
}

@article{van1999facilitatory,
	author = {Van Donselaar, Wilma and Kuijpers, Cecile and Cutler, Anne},
	journal = {Journal of memory and language},
	number = {1},
	pages = {59--77},
	publisher = {Elsevier},
	title = {Facilitatory effects of vowel epenthesis on word processing in {D}utch},
	volume = {41},
	year = {1999}
}

@article{uff06,
	author = {Christian Uffmann},
	journal = {Lingua},
	pages = {1079--1111},
	title = {{E}penthetic vowel quality in loanwords: {{{E}}}mpirical and formal issues},
	volume = {116},
	year = {2006}
}

@article{tily_rational_2012,
	author = {Tily, Harry and Kuperman, Victor},
	journal = {The Journal of the Acoustical Society of America},
	number = {6},
	pages = {3935--3940},
	pmid = {23231123},
	shortjournal = {J Acoust Soc Am},
	title = {Rational phonological lengthening in spoken {{Dutch}}},
	volume = {132},
	date = {2012-12}
}

@article{tabain2022qaqet,
	author = {Tabain, Marija and Hellwig, Birgit},
	journal = {Journal of the International Phonetic Association},
	pages = {1--22},
	title = {{Qaqet}},
	volume = {53},
	number = {3},
	pages = {1073--1094},
	year = {2022}
}

@article{steriade1990gestures,
	author = {Steriade, Donca and others},
	journal = {Between the grammar and the physics of speech: Papers in laboratory phonology},
	pages = {382--397},
	title = {Gestures and Autosegments: {{C}}omments on {Browman and Goldstein’s} paper},
	volume = {1},
	year = {1990}
}

@article{stantonzukoff,
	author = {Juliet Stanton and Sam Zukoff},
	journal = {NLLT},
	pages = {637--684},
	title = {Prosodic identity in copy epenthesis: {{{E}}}vidence for a correspondence-based approach},
	volume = {36},
	year = {2018}
}

@article{seifart2021extent,
	author = {Seifart, Frank and Strunk, Jan and Danielsen, Swintha and Hartmann, Iren and Pakendorf, Brigitte and Wichmann, Søren and Witzlack-Makarevich, Alena and Himmelmann, Nikolaus P. and Bickel, Balthasar},
	journal = {Linguistics Vanguard},
	number = {1},
	sortname = {Seifart, Frank and Strunk, Jan and Danielsen, Swintha and Hartmann, Iren and Pakendorf, Brigitte and Wichmann, Soren and Witzlack-Makarevich, Alena and Himmelmann, Nikolaus P. and Bickel, Balthasar},
	title = {The extent and degree of utterance-final word lengthening in spontaneous speech from 10 languages},
	volume = {7},
	year = {2021},
	doi = {10.1515/lingvan-2019-0063}
}

@article{rubinkaplanallomorphywithls,
	author = {Edward J. Rubin and Aaron Kaplan},
	doi = {10.5565/rev/isogloss.223},
	journal = {Isogloss. Open Journal of Romance Linguistics},
	number = {5},
	pages = {1--17},
	title = {Lexical Selection in {B}olognese Clitic Allomorphy},
	volume = {8},
	year = {2022}
}

@article{ridouane2019story,
	author = {Ridouane, Rachid and Cooper-Leavitt, Jamison},
	journal = {Phonology},
	number = {3},
	pages = {433--456},
	publisher = {Cambridge University Press},
	title = {A story of two schwas: {{A}} production study from {T}ashlhiyt},
	volume = {36},
	year = {2019}
}

@article{repetti12,
	author = {Lori Repetti},
	journal = {Catalan Journal of Linguistics},
	pages = {167--188},
	title = {Consonant-final loanwords and epenthetic vowels in {I}talian},
	volume = {11},
	year = {2012}
}

@article{pulley88,
	author = {Douglas Pulleyblank},
	journal = {Linguistic Inquiry},
	pages = {233--270},
	title = {Vocalic underspecification in {Y}oruba},
	volume = {19},
	year = {1988}
}

@article{pariente2010pharyngeal,
	author = {Pariente, Itsik},
	journal = {Linguistics in Amsterdam},
	number = {1},
	url = {https://linguisticsinamsterdam.nl/home?issue=142},
	title = {Pharyngeal related non-lexical vowels in {Sephardic Modern {Hebrew}}},
	volume = {3},
	year = {2010}
}

@article{nogita2012not,
	author = {Nogita, Akitsugu and Fan, Yanan},
	journal = {Working Papers of the Linguistics Circle},
	number = {1},
	pages = {1--26},
	title = {Not vowel epenthesis: {{Mandarin} and {Japanese} {ESL} learners’ production of {English}} consonant clusters},
	volume = {22},
	year = {2012}
}

@article{ng2013paragoge,
	author = {Ng, E-Ching},
	journal = {Extended Abstracts of the {LSA} Annual Meeting},
	title = {Paragoge as an indicator of language contact},
	volume = {4},
	number = {31},
	year = {2013},
	doi = {10.3765/exabs.v0i0.794},
}

@article{nelson_2020,
	author = {Nelson, Brett C.},
	journal = {Calgary Working Papers in Linguistics},
	page = {72-88},
	title = {Right-edge phonological phenomena in {K}aqchikel},
	url = {https://prism.ucalgary.ca/handle/1880/112801/},
	volume = {31},
	year = {2020}
}

@article{nasukawa_backley_2018,
	author = {Nasukawa, Kuniya and Backley, Phillip and Yasugi, Yoshiho and Koizumi, Masatoshi},
	doi = {10.1017/S0022226718000488},
	journal = {Journal of Linguistics},
	pages = {1--31},
	title = {Challenging cross-linguistic typology: {{R}}ight-edge consonantal prominence in {K}aqchikel},
	volume = {55},
	year = {2018}
}

@article{miner1979dorsey,
	author = {Miner, Kenneth L.},
	journal = {International Journal of American Linguistics},
	number = {1},
	pages = {25--33},
	publisher = {University of Chicago Press},
	title = {Dorsey's law in {{{Winnebago}}-{Chiwere} and {{Winnebago}}} accent},
	volume = {45},
	year = {1979}
}

@article{mccarthy:1994,
	author = {McCarthy, John J. and Prince, Alan},
	journal = {Proceedings of the North East Linguistic Society},
	pages = {18},
	publisher = {GLSA},
	title = {The emergence of the unmarked: {{O}}ptimality in prosodic morphology},
	volume = {24},
	year = {1994}
}

@article{mackay_1994,
	author = {MacKay, Carolyn},
	doi = {10.1086/466242},
	journal = {International Journal of American Linguistics},
	number = {4},
	pages = {369--419},
	title = {A sketch of {M}isantla {T}otonac phonology},
	volume = {60},
	year = {1994}
}

@article{lombardi96,
	author = {Linda Lombardi},
	journal = {Phonology},
	pages = {1--38},
	title = {Postlexical rules and the status of privative features},
	volume = {13},
	year = {1996}
}

@article{lombardi02,
	author = {Linda Lombardi},
	journal = {Phonology},
	pages = {219--251},
	title = {Coronal epenthesis and markedness},
	volume = {19},
	year = {2002}
}

@article{lindblom_vowel_1967,
	author = {Lindblom, Björn},
	journal = {Speech Transmission Laboratory Quarterly Progress and Status Report},
	number = {4},
	pages = {1--29},
	sortname = {Lindblom, Bjorn},
	title = {Vowel duration and a model of lip mandible coordination},
	volume = {8},
	year = {1967}
}

@article{leonard2007preliminary,
	author = {Leonard, Janet},
	journal = {Northwest Journal of Linguistics},
	number = {4},
	pages = {1--59},
	title = {A preliminary account of stress in {Senćoŧen} ({{Saanich}/{North} {Straits} {Salish})}},
	volume = {1},
	year = {2007}
}

@article{ladefoged1998phonetic,
	author = {Ladefoged, Peter and Ladefoged, Jenny and Turk, Alice and Hind, Kevin and others},
	journal = {Journal of the International Phonetic Association},
	number = {1-2},
	pages = {1--41},
	publisher = {Cambridge University Press},
	title = {Phonetic structures of {S}cottish {G}aelic},
	volume = {28},
	year = {1998}
}

@article{kisler2017multilingual,
	author = {Kisler, Thomas and Reichel, Uwe and Schiel, Florian},
	journal = {Computer Speech \& Language},
	pages = {326--347},
	publisher = {Elsevier},
	title = {Multilingual processing of speech via web services},
	volume = {45},
	year = {2017}
}

@article{kim2011phonology,
	author = {Kim, Kyumin and Kochetov, Alexei},
	journal = {Lingua},
	number = {3},
	pages = {511--532},
	publisher = {Elsevier},
	title = {Phonology and phonetics of epenthetic vowels in loanwords: {{E}}xperimental evidence from {K}orean},
	volume = {121},
	year = {2011}
}

@article{keyser_stevens_2006,
	author = {Keyser, Samuel J. and Stevens, Kenneth N.},
	doi = {10.1353/lan.2006.0051},
	journal = {Language},
	number = {1},
	pages = {33–63},
	title = {Enhancement and overlap in the speech chain},
	volume = {82},
	year = {2006}
}

@article{kenstowicz07,
	author = {Michael Kenstowicz},
	journal = {Language Sciences},
	note = {Ms. MIT},
	pages = {316--340},
	title = {Salience and similarity in loanword adaptation: {{A}} case study from {F}ijian},
	volume = {29},
	year = {2007}
}

@article{kehrein_golston_2004,
	author = {Kehrein, Wolfgang and Golston, Chris},
	doi = {10.1017/S0952675704000302},
	journal = {Phonology},
	pages = {1-33},
	title = {A prosodic theory of laryngeal contrasts},
	volume = {21},
	year = {2004}
}

@article{karlin21,
	author = {Robin Karlin},
	journal = {Nordic Journal of Linguistics},
	pages = {49--79},
	title = {{Finnish} inserted vowels: {{A}} case of phonologized excrescence.},
	volume = {45},
	year = {2021}
}

@article{kang2003perceptual,
	author = {Kang, Yoonjung},
	journal = {Phonology},
	number = {2},
	pages = {219--273},
	publisher = {Cambridge University Press},
	title = {Perceptual similarity in loanword adaptation: {{E}}nglish postvocalic word-final stops in {K}orean},
	volume = {20},
	year = {2003}
}

@article{jurafsky2002role,
	author = {Jurafsky, Daniel and Bell, Alan and Girand, Cynthia},
	journal = {Laboratory Phonology},
	pages = {3--34},
	title = {The role of the lemma in form variation},
	volume = {7},
	year = {2002}
}

@article{jjm08,
	author = {John McCarthy},
	journal = {Phonology},
	pages = {271--319},
	title = {The gradual path to cluster simplification},
	volume = {25},
	year = {2008}
}

@article{iverson_salmons_2007,
	author = {Iverson, Gregory K. and Salmons, Joseph C.},
	doi = {10.1017/s0952675707001133},
	journal = {Phonology},
	number = {1},
	pages = {121–145},
	title = {Domains and directionality in the evolution of {G}erman final fortition},
	volume = {24},
	year = {2007}
}

@article{ito_mester_padgett_1995,
	author = {Itô, Junko and Mester, Armin and Padgett, Jaye},
	journal = {Linguistic Inquiry},
	number = {4},
	pages = {571--613},
	sortname = {Ito, Junko and Mester, Armin and Padgett, Jaye},
	title = {Licensing and underspecification in {O}ptimality {T}heory},
	url = {https://www.jstor.org/stable/4178915},
	volume = {26},
	year = {1995}
}

@article{iosad_2016,
	author = {Iosad, Pavel},
	journal = {The Journal of Comparative Germanic Linguistics},
	pages = {221--268},
	title = {Prosodic structure and suprasegmental features: {{S}}hort-vowel stød in {D}anish},
	volume = {19},
	year = {2016}
}

@article{hume_anti-markedness_2011,
	author = {Hume, Elizabeth and Hall, Kathleen Currie and Wedel, Andrew and Ussishkin, Adam and Adda-Dekker, Martine and Gendrot, Cédric},
	journal = {Annual Meeting of the Berkeley Linguistics Society},
	langid = {english},
	number = {1},
	pages = {104--123},
	shorttitle = {Anti-markedness patterns in {F}rench epenthesis},
	sortname = {Hume, Elizabeth and Hall, Kathleen Currie and Wedel, Andrew and Ussishkin, Adam and Adda-Dekker, Martine and Gendrot, Cedric},
	title = {Anti-markedness patterns in {F}rench epenthesis: {An} information-theoretic approach},
	volume = {37},
	date = {2011-06-25}
}

@article{huang2018nature,
	author = {Huang, Hui-chuan J},
	journal = {Oceanic Linguistics},
	number = {2},
	pages = {265--288},
	publisher = {JSTOR},
	title = {The nature of pretonic weak vowels in {S}quliq {A}tayal},
	volume = {57},
	year = {2018}
}

@article{hewson1986syllables,
	author = {Hewson, John},
	journal = {Algonquian Papers-Archive},
	pages = {135--142},
	title = {Syllables and syllabics in {M}icmac},
	volume = {17},
	year = {1986}
}

@article{heaton_xoyón_2016,
	author = {Heaton, Raina and Xoyón, Igor},
	journal = {Language Documentation \& Conservation},
	pages = {497–521},
	sortname = {Heaton, Raina and Xoyon, Igor},
	title = {An assessment of linguistic development in a {K}aqchikel immersion school},
	url = {http://hdl.handle.net/10125/24716},
	volume = {10},
	year = {2016}
}

@article{hammond2014vowel,
	author = {Hammond, Michael and Warner, Natasha and Davis, Andréa and Carnie, Andrew and Archangeli, Diana and Fisher, Muriel},
	journal = {Phonology},
	number = {1},
	pages = {123--153},
	publisher = {Cambridge University Press},
	sortname = {Hammond, Michael and Warner, Natasha and Davis, Andrea and Carnie, Andrew and Archangeli, Diana and Fisher, Muriel},
	title = {Vowel insertion in {S}cottish {G}aelic},
	volume = {31},
	year = {2014}
}

@article{hallk2013typology,
	author = {Hall, Kathleen Currie},
	journal = {The Linguistic Review},
	number = {2},
	pages = {215--275},
	publisher = {{De Gruyter Mouton}},
	title = {A Typology of Intermediate Phonological Relationships},
	volume = {30},
	year = {2013}
}

@article{halle_stevens_1971,
	author = {Halle, Morris and Stevens, Kenneth N.},
	journal = {Quarterly progress report, Research Laboratory of Electronics, MIT},
	pages = {198--212},
	title = {A note on laryngeal features},
	volume = {101},
	year = {1971}
}

@article{hall2013acoustic,
	author = {Hall, Nancy},
	journal = {Journal of Phonetics},
	number = {2},
	pages = {133--143},
	publisher = {Elsevier},
	title = {Acoustic differences between lexical and epenthetic vowels in {L}ebanese {A}rabic},
	volume = {41},
	year = {2013}
}

@article{gickphono,
	author = {Bryan Gick},
	journal = {Phonology},
	pages = {29--54},
	title = {A gesture-based account of intrusive consonants in {{E}}nglish},
	volume = {16},
	year = {1999}
}

@article{gick2006excrescent,
	author = {Gick, Bryan and Wilson, Ian},
	journal = {Laboratory phonology},
	pages = {635--659},
	title = {Excrescent schwa and vowel laxing: {{C}}ross-linguistic responses to conflicting articulatory targets},
	volume = {8},
	year = {2006}
}

@article{garmann2021cross,
	author = {Garmann, Nina Gram and Simonsen, Hanne Gram and Hansen, Pernille and Elisabeth, Holm and Brechtje, POST and Payne, Elinor},
	journal = {Journal of Child Language},
	number = {1},
	pages = {1--30},
	publisher = {Cambridge University Press},
	title = {Cross-linguistic variation in word-initial cluster production in adult and child language: {{{{E}}}}vidence from {{{E}}}nglish and {N}orwegian},
	volume = {48},
	year = {2021}
}

@article{garellek2020phonetics,
	author = {Garellek, Marc},
	journal = {Glossa: a journal of general linguistics},
	number = {1},
	pages = {66},
	doi = {10.5334/gjgl.1141},
	publisher = {Open Library of Humanities},
	title = {Phonetics and phonology of schwa insertion in {C}entral {Y}iddish},
	volume = {5},
	year = {2020}
}

@article{dell1985syllabic,
	author = {Dell, François and Elmedlaoui, Mohamed},
	journal = {Journal of African Languages and Linguistics},
	pages = {105--130},
	sortname = {Dell, Francois and Elmedlaoui, Mohamed},
	title = {Syllabic consonants and syllabification in {I}mdlawn {T}ashlhiyt {B}erber},
	volume = {7},
	year = {1985}
}

@article{delacy:conflation,
	author = {De Lacy, Paul V.},
	journal = {Phonology},
	number = {2},
	pages = {145--199},
	title = {Markedness Conflation in {O}ptimality {T}heory},
	volume = {21},
	year = {2004}
}

@article{davis_cho_2003,
	author = {Davis, Stuart and Cho, Mi-Hui},
	doi = {10.1515/ling.2003.020},
	journal = {Linguistics},
	number = {4},
	pages = {607--652},
	title = {The distribution of aspirated stops and /h/ in {{American}} {{English}} and {{Korean}}: {{A}}n alignment approach with typological implications},
	volume = {41},
	year = {2003}
}

@article{clements_1985,
	author = {Clements, George N.},
	journal = {Phonology Yearbook},
	pages = {225--252},
	title = {The geometry of phonological features},
	url = {http://www.jstor.org/stable/4419958},
	volume = {2},
	year = {1985}
}

@article{cho_2016,
	author = {Cho, Taehong},
	doi = {10.1111/lnc3.12178},
	journal = {Language and Linguistics Compass},
	number = {3},
	pages = {120--141},
	title = {Prosodic boundary strengthening in phonetics-prosody interface},
	volume = {10},
	year = {2016}
}

@article{caviraniepenthetic,
	author = {Cavirani, Edoardo},
	title = {Epenthetic and Intrusive vowels in {L}unigiana: {{H}}ow diatopic variation mimics (phonologization) diachrony},
	pubstate = {inpreparation}
}

@article{cardinalettirepetti:clitics,
	author = {Anna Cardinaletti and Lori Repetti},
	journal = {Linguistic Inquiry},
	number = {4},
	pages = {523--563},
	title = {The Phonology and Syntax of Preverbal and Postverbal Subject Clitics in {N}orthern {I}talian Dialects},
	volume = {39},
	year = {2008}
}

@article{caneparivitali:bolognese,
	author = {Luciano Canepari and Daniele Vitali},
	journal = {Rivista Italiana di Dialettologia},
	pages = {119--164},
	title = {Pronuncia e Grafia del {B}olognese},
	volume = {19},
	year = {1995}
}

@article{campbell_kaufman_smith-stark_1986,
	author = {Campbell, Lyle and Kaufman, Terrence and Smith-Stark, Thomas C.},
	doi = {10.1353/lan.1986.0105},
	journal = {Language},
	number = {3},
	pages = {530--570},
	title = {{Meso}-{A}merica as a linguistic area},
	volume = {62},
	year = {1986}
}

@incollection{butler2015approaching,
	author = {Butler, Becky},
	booktitle = {Languages of Mainland {Southeast Asia}: {T}he state of the art},
	pages = {443--499},
	title = {Approaching a phonological understanding of the sesquisyllable with phonetic evidence from {K}hmer and {B}unong},
	editor = {N.J. Enfield und Bernard Comrie},
	address = {Berlin},
	publisher = {De Gruyter Mouton},
	series = {Pacific Linguistics},
	number = {649},
	year = {2015}
}

@article{buckley2007vowel,
	author = {Buckley, Eugene},
	journal = {International Journal of American Linguistics},
	number = {1},
	pages = {1--39},
	publisher = {The University of Chicago Press},
	title = {Vowel--sonorant metathesis in {A}lsea},
	volume = {73},
	year = {2007}
}

@article{buchwald2006evidence,
	author = {Buchwald, Adam and Rapp, Brenda and Stone, Maureen},
	journal = {Brain and Language},
	number = {1-2},
	pages = {140--141},
	publisher = {Academic Press},
	title = {Evidence for discrete phonological representations in production: {{{U}}}ltrasound imaging of aphasic speech},
	volume = {99},
	year = {2006}
}

@incollection{browman1992targetless,
	author = {Browman, Catherine P. and Goldstein, Louis},
	booktitle = {Papers in laboratory phonology {II}: {G}esture, segment, prosody},
	pages = {26--67},
	publisher = {Citeseer},
	title = {“{Targetless}” schwa: {An} articulatory analysis},
	editor = {Gerard J. Docherty and D. Robert Ladd},
	address = {Cambridge, UK},
	publisher = {Cambridge University Press},
	year = {1992}
}

@article{browman1992articulatory,
	author = {Browman, Catherine P. and Goldstein, Louis},
	journal = {Phonetica},
	number = {3-4},
	pages = {155--180},
	title = {Articulatory phonology: {An} overview},
	volume = {49},
	year = {1992}
}

@article{breen2005central,
	author = {Breen, Gavan and Dobson, Veronica},
	journal = {Journal of the International Phonetic Association},
	number = {2},
	pages = {249--254},
	title = {{Central} {A}rrernte},
	volume = {35},
	year = {2005}
}

@article{bosch1997prosody,
	author = {Bosch, Anna and De Jong, Kenneth},
	journal = {Studies in the {Linguistic Sciences}},
	number = {1},
	pages = {1--15},
	title = {The prosody of {B}arra {G}aelic epenthetic vowels},
	volume = {27},
	year = {1997}
}

@article{blevins_2006,
	author = {Blevins, Juliette},
	journal = {Theoretical Linguistics},
	pages = {117--166},
	title = {A theoretical synopsis of {{E}}volutionary {P}honology},
	volume = {32},
	year = {2006}
}

@article{beckjessring,
	author = {Jill Beckman and Michael Jessen and Catherine Ringen},
	journal = {Journal of Linguistics},
	pages = {259--284},
	title = {Empirical evidence for laryngeal features: {{A}}spirating vs. {{T}}rue voice languages},
	volume = {49},
	year = {2013}
}

@article{almohanna21,
	author = {Al-Mohanna, Faisal},
	journal = {Languages},
	number = {160},
	pages = {15 pp.},
	title = {Gradual Vowel Epenthesis in {{U}}rban {H}ijazi {A}rabic},
	volume = {6},
	year = {2021}
}

@article{alber01,
	author = {Birgit Alber},
	journal = {Zeitschrift f{ü}r Sprachwissenschaft},
	pages = {3--41},
	title = {Regional variation and edges: {{G}}lottal stop epenthesis and dissimilation in standard and southern varieties of {G}erman},
	volume = {20},
	year = {2001}
}

@article{abaglo-archangeli,
	author = {Poovi Abaglo and Diana Archangeli},
	journal = {Linguistic Inquiry},
	pages = {457--480},
	title = {Language-specific underspecification: {G}engbe /e/ and {Y}oruba /i/},
	volume = {20},
	year = {1989}
}

@incollection{Zogbo:2019,
	author = {Zogbo, Lynell Marchese},
	booktitle = {Theory and description in {African Linguistics}},
	pages = {725--750},
	title = {{Central} vowels in the {K}ru language family: {{I}}nnovation and areal spreading},
	year = {2019}
}

@article{Zimmermann:2016,
	author = {Zimmermann, Eva},
	journal = {Morphology},
	number = {3-4},
	pages = {269--294},
	publisher = {Springer},
	title = {The power of a single representation: {M}orphological tone and allomorphy},
	volume = {26},
	year = {2016}
}

@article{Zimmermann:2013,
	author = {Zimmermann, Eva},
	journal = {Lingua},
	pages = {1--26},
	publisher = {Elsevier},
	title = {Non-concatenative allomorphy is generalized prosodic affixation: {{T}}he case of {{U}}priver {H}alkomelem},
	volume = {134},
	year = {2013}
}

@article{Zimmermann2013,
	author = {Zimmermann, Eva},
	journal = {Phonology},
	pages = {125--163},
	title = {Vowel deletion as mora usurpation: {{T}}he case of {{Yine}}},
	volume = {30},
	year = {2013}
}

@article{ZhouHamann2024,
	author = {Zhou, Chao and Silke Hamann},
	doi = {10.16995/glossa.9692},
	journal = {Glossa},
	number = {1},
	pages = {1--39},
	title = {Modelling the acquisition of the {{P}}ortuguese tap by {L}1-{M}andarin learners: {{A}} {{B}}i{P}hon-{{{HG}}} account for individual differences, syllable-position effects and orthographic influences in {{L}}2 speech},
	volume = {9},
	year = {2024}
}

@article{ZhouHamann2020,
	author = {Zhou, Chao and Hamann, Silke},
	journal = {Proceedings of Interspeech},
	pages = {4486–4490},
	title = {Cross-linguistic interaction between phonological categorization and orthography predicts prosodic effects in the acquisition of {P}ortuguese liquids by {L}1-{M}andarin learners},
	volume = {2020},
	year = {2020}
}

@article{Zec1995,
	author = {Zec, Draga},
	journal = {Phonology},
	pages = {85–129},
	title = {Sonority constraints on syllable structure},
	volume = {12},
	year = {1995}
}

@article{Yu:2000stress,
	author = {Alan, CL},
	journal = {Phonology},
	number = {1},
	pages = {117--135},
	publisher = {Cambridge University Press},
	title = {Stress assignment in {T}ohono {O}'odham},
	volume = {17},
	year = {2000}
}

@article{Youssef2019,
	author = {Youssef, Islam},
	journal = {Glossa: a journal of general linguistics},
	number = {1},
	pages = {1–36},
	title = {The phonology and micro-typology of {{Arabic}}},
	volume = {4},
	year = {2019}
}

@article{Yavas1980,
	author = {Yavaş, M.},
	doi = {10.1080/08351818009370510},
	journal = {Linguistics},
	number = {3},
	pages = {543--562},
	sortname = {Yavas, M.},
	title = {Some pilot experiments on {{Turkish}} vowel harmony},
	volume = {13},
	year = {1980}
}

@article{Winkelmann2017,
	author = {Winkelmann, Raphael and Harrington, Jonathan and Jansch, Klaus},
	date = {2017},
	doi = {10.1016/j.csl.2017.01.002},
	journal = {Computer Speech \& Language},
	pages = {392--410},
	title = {{{{EMU}-{SDMS}}}: {{Advanced}} Speech Database Management and Analysis in {{R}}},
	volume = {45},
	year = {2017}
}

@article{Willett:1982,
	author = {Willett, Elizabeth},
	journal = {International Journal of American Linguistics},
	number = {2},
	pages = {168--184},
	publisher = {University of Chicago Press},
	title = {Reduplication and accent in {S}outheastern {T}epehuan},
	volume = {48},
	year = {1982}
}

@article{Wetzels1985,
	author = {Wetzels Leo},
	journal = {The Canadian Journal of Linguistics/Revue Canadienne De Linguistique},
	pages = {285--333},
	title = {The historical phonology of intrusive stops: {{A}} non-linear description},
	volume = {30},
	year = {1985}
}

@article{Weissmann1970,
	author = {Weissmann, E.},
	journal = {Phonetica},
	pages = {211–240},
	title = {{Phonematische Analyse des Stadtdialektes von Bristol: {I}{I}. {{T}}eil}},
	volume = {21},
	year = {1970}
}

@article{Wedel:2013,
	author = {Wedel, Andrew and Jackson, Scott and Kaplan, Abby},
	journal = {Language and Speech},
	number = {3},
	pages = {395--417},
	title = {Functional load and the lexicon: {{E}}vidence that syntactic category and frequency relationships in minimal lemma pairs predict the loss of phoneme contrasts in language change},
	volume = {56},
	year = {2013}
}

@article{Watson2007,
	author = {Watson, Janet CE},
	journal = {Phonolgy},
	number = {2},
	pages = {335--356},
	title = {Syllabification patterns in {A}rabic dialects: {{L}}ong segments and mora sharing},
	volume = {24},
	year = {2007}
}

@article{WarnerWeber2001,
	author = {Warner, Natasha and Andrea Weber},
	journal = {Journal of Phonetics},
	pages = {53--87},
	title = {Perception of epenthetic stops},
	volume = {29},
	year = {2001}
}

@article{Walker2001,
	author = {Walker, Rachel},
	journal = {Natural Language \& Linguistic Theory},
	pages = {827–878},
	title = {Round licensing, harmony, and bisyllabic triggers in {A}ltaic},
	volume = {19},
	year = {2001}
}

@article{Vydrine:2010,
	author = {Vydrine, Valentin},
	journal = {Essais de typologie et de linguistique générale. Mélanges offerts à {Denis Creissels}},
	pages = {53--62},
	publisher = {ENS Éditions},
	title = {{Le} pied métrique dans les langues mandé},
	year = {2010}
}

@article{Vydrine:2004,
	author = {Vydrine, Valentin},
	journal = {Journal of West African Languages},
	number = {2},
	pages = {113--126},
	title = {Areal and genetic features in {W}est {M}ande and {S}outh {M}ande phonology: {{I}}n what sense did {Mande} languages evolve},
	volume = {30},
	year = {2004}
}

@article{Vogler:2020,
	author = {Pierre Vogler},
	journal = {Hal open science, hal-01182225},
	title = {{Le} sèmè/siamou n’est pas une langue kru},
	year = {2015},
}

@book{Vogler:1976,
	author = {Vogler, Pierre},
	title = {Description synchronique d'un parler kru: {{L}}e vata},
	address = {Paris},
	publisher = {Sorbonne},
	year = {1976},
}

@article{Urua2004,
	author = {Urua, Eno-Abasi E},
	journal = {Journal of the International Phonetic Association},
	number = {1},
	pages = {105--109},
	title = {{Ibibio}},
	volume = {34},
	year = {2004}
}

@article{Uffman2007b,
	author = {Uffman, Christian},
	journal = {Language Sciences},
	pages = {451--476},
	title = {Intrusive [r] and optimal epenthetic consonants},
	volume = {29},
	year = {2007}
}

@article{Turton2017,
	author = {Turton, Danielle},
	journal = {Laboratory Phonology},
	number = {1},
	pages = {1--31},
	title = {Categorical or gradient? {{A}}n ultrasound investigation of /l/-darkening and vocalization in varieties of {{English}}},
	volume = {8},
	year = {2017}
}

@article{Turton2016,
	author = {Turton, Danielle},
	journal = {Papers in Historical Phonology},
	pages = {130–165},
	title = {Synchronic stratum-specific rates of application reflect diachronic change: {{M}}orphosyntactic conditioning of variation in {{English}} /l/-darkening},
	volume = {1},
	year = {2016}
}

@article{Trudgill1999,
	author = {Trudgill, Peter},
	journal = {Cuadernos de Filología Inglesa},
	pages = {1–8},
	title = {Dialect contact, dialectology and sociolinguistics},
	volume = {8},
	year = {1999}
}

@article{Sóskuthy2013,
	author = {Sóskuthy, Márton},
	journal = {English Language and Linguistics},
	pages = {55–84},
	sortname = {Soskuthy, Marton},
	title = {Analogy in the emergence of intrusive-r in {{English}}},
	volume = {17},
	year = {2013}
}

@article{StortoDemolin2002,
	author = {Storto, Luciana and Didier Demolin},
	journal = {Annual Meeting of the Berkeley Linguistics Society},
	number = {1},
	pages = {487--497},
	title = {The phonetics and phonology of unreleased stops in {K}aritiana},
	volume = {28},
	year = {2002}
}

@article{StantonZukoff2018,
	author = {Stanton, Juliet and Zukoff, Sam},
	journal = {Natural Language \& Linguistic Theory},
	number = {2},
	pages = {637--684},
	publisher = {Springer},
	title = {Prosodic identity in copy epenthesis},
	volume = {36},
	year = {2018}
}

@article{Shawetal2009,
	author = {Shaw, Jason and Adamantios Gafos and Philip Hoole and Chakir Zeroual},
	doi = {10.1017/S0952675709001754},
	journal = {Phonology},
	pages = {187--215},
	title = {Syllabification in {Morrocan A}rabic: {{E}}vidence from patterns of temporal stability in articulation},
	volume = {26},
	year = {2009}
}

@article{ShawKawahara2017,
	author = {Shaw, Jason A. and Kawahara, Shigeto},
	journal = {Language and Speech.},
	number = {1},
	pages = {80---114},
	publisher = {SAGE Publications Ltd},
	title = {Effects of surprisal and entropy on vowel duration in {{Japanese}}},
	volume = {62},
	year = {2017}
}

@article{Shannon1951,
	author = {Shannon, Claude E.},
	journal = {Bell System Technical Journal},
	pages = {50--64},
	title = {Prediction and entropy of printed {{{English}}}},
	volume = {30},
	year = {1951}
}

@article{Shannon1948,
	author = {Shannon, Claude E.},
	journal = {Bell System Technical Journal},
	number = {3},
	pages = {379--423},
	title = {A mathematical theory of communication},
	volume = {27},
	year = {1948}
}

@article{SeyfarthaGarellek2018,
	author = {Seyfartha, Scott and Marc Garellek},
	journal = {Journal of Phonetics},
	pages = {425--450},
	title = {Plosive voicing acoustics and voice quality in {Y}erevan {A}rmenian},
	volume = {71},
	year = {2018}
}

@article{Sen2016,
	author = {Sen, Ranjan},
	journal = {Papers in {Historical Phonology}},
	pages = {5–36},
	title = {Examining the life cycle of phonological processes: {{C}}onsiderations for historical research},
	volume = {1},
	year = {2016}
}

@article{Sande:Language,
	author = {Sande, Hannah},
	journal = {Language},
	pages = {456--497},
	title = {A unified account of conditioned phonological alternations: {{{E}}}vidence from {G}uébie},
	volume = {95(3)},
	year = {2019}
}

@article{Sande:LLC,
	author = {Hannah Sande},
	journal = {Language and Linguistics Compass},
	title = {The phonology of {G}uébie},
	year = {2022},
}

@article{Sande:2017,
	author = {Hannah Sande},
	journal = {U{C} {B}erkeley Phonology Lab Annual Report},
	title = {Phonologically determined agreement in {G}uébie},
	year = {2017},
}

@article{Sadler:2015,
	author = {Wendy Sadler},
	journal = {Mandekan },
	title = {A complete analysis of the {L}ɔɔma language, Interior {L}iberia, {W}est {A}frica},
	volume = {42},
	year = {2006 [1949]},
}

@article{Rositzke1943,
	author = {Rositzke, Harry},
	doi = {10.2307/487266},
	journal = {American Speech},
	pages = {39–42},
	title = {The articulation of final stops in {G}eneral {A}merican Speech},
	volume = {18},
	year = {1943}
}

@article{Roberts2012,
	author = {Roberts, Philip J.},
	journal = {Transactions of the Philological Society},
	pages = {80–93},
	title = {{{Latin}} rhotacism: {{A}} case study in the life cycle of phonological processes},
	volume = {110},
	year = {2012}
}

@article{Riggle:2006,
	author = {Riggle, Jason},
	journal = {Natural Language \& Linguistic Theory},
	number = {3},
	pages = {857--891},
	publisher = {Springer},
	title = {Infixing reduplication in {P}ima and its theoretical consequences},
	volume = {24},
	year = {2006}
}

@article{Ridouane2008,
	author = {Ridouane, Rachid},
	journal = {Phonology},
	pages = {321–359},
	title = {Syllables without vowels: {{P}}honetic and phonological evidence from {{Tashlhiyt}} {{Berber}}},
	volume = {25},
	year = {2008}
}

@article{Reppetal1978,
	author = {Repp, Bruno H. and Alvin M. Liberman and Thomas Eccardt and David Pesetsky},
	journal = {Journal of Experimental Psychology: Human Perception and Performance},
	number = {4},
	pages = {621},
	title = {Perceptual integration of acoustic cues for stop, fricative, and affricate manner},
	volume = {4},
	year = {1978}
}

@article{Repetti2012,
	author = {Repetti, Lori},
	journal = {Catalan Journal of Linguistics},
	pages = {167--188},
	title = {Consonant-final loanwords and epenthetic vowels in {{Italian}}},
	volume = {11},
	year = {2012}
}

@article{Repetti1994,
	author = {Repetti, Lori},
	journal = {Linguistic Inquiry},
	number = {1},
	pages = {186--193},
	title = {Degenerate syllables in {F}riulian},
	volume = {25},
	year = {1994}
}

@article{Ramsammy2015,
	author = {Ramsammy, Michael},
	journal = {Language and Linguistics Compass},
	number = {1},
	pages = {33–54},
	title = {The life cycle of phonological processes: {{A}}ccounting for dialectal microtypologies},
	volume = {9},
	year = {2015}
}

@article{RBO&Börjars2006,
	author = {Bermúdez-Otero, Ricardo and Kersti Börjars},
	journal = {Lingua},
	pages = {710--756},
	sortname = {Bermudez-Otero, Ricardo and Kersti Borjars},
	title = {Markedness in phonology and in syntax: {{T}}he problem of grounding},
	volume = {116},
	year = {2016}
}

@article{Piggott1995,
	author = {Piggott, Glyne L.},
	journal = {Natural Language \& Linguistic Theory},
	pages = {283--326},
	title = {Epenthesis and Syllable Weight},
	volume = {13},
	year = {1995}
}

@article{Petrovic2023,
	author = {Petrović, Andrija},
	doi = {10.1007/s11525-023-09412-9},
	journal = {Morphology},
	number = {3},
	pages = {335–359},
	sortname = {Petrovic, Andrija},
	title = {A formal account of morphological epenthesis in {{Serbo-Croatian}}},
	volume = {33},
	year = {2023}
}

@article{Paster:2010,
	author = {Paster, Mary},
	journal = {Studies in African Linguistics},
	number = {1},
	pages = {78--99},
	title = {The verbal morphology and phonology of {A}sante {T}wi},
	volume = {39},
	year = {2010}
}

@article{ParkerWalsh1981,
	author = {Parker, Frank and Thomas Walsh},
	doi = {10.1016/S0095-4470(19)30969-6},
	journal = {Journal of Phonetics},
	pages = {353–358},
	title = {Voicing cues as a function of the tense/lax distinction of vowels},
	volume = {9},
	year = {1981}
}

@article{Parker2015,
	author = {Parker, Jeff},
	journal = {Slavic and East European Journal},
	number = {1},
	pages = {70--90},
	title = {Solving {{{Russian}}} velars: {{P}}alatalization, the lexicon and gradient contrast utilization},
	volume = {59},
	year = {2015}
}

@article{Pariente2010,
	author = {Pariente, Itsik},
	journal = {Linguistics in Amsterdam},
	pages = {1--19},
	title = {Pharyngeal related non-lexical vowels in {Sephardic Modern {Hebrew}}},
	volume = {3},
	year = {2010}
}

@article{ParadisLaCharité1997,
	author = {Paradis, Carole and Darlene LaCharité},
	journal = {Journal of Linguistics},
	pages = {379–430},
	sortname = {Paradis, Carole and Darlene LaCharite},
	title = {Preservation and minimality in loanword adaptation},
	volume = {33},
	year = {1997}
}

@article{OgasawaraWarner2009,
	author = {Ogasawara, Naomi and Natasha Warner},
	doi = {10.1080/01690960802084028},
	journal = {Language and Cognitive Processes},
	pages = {376–411},
	title = {Processing missing vowels: {A}llophonic processing in {J}apanese},
	volume = {24},
	year = {2009}
}

@article{Nogita2011,
	author = {Nogita, Akitsugu},
	journal = {Proceedings of the 27th Northwest Linguistics Conference},
	pages = {43--51},
	title = {Epenthesis, intrusion, or deletion? {{V}}owel alternation in consonant clusters by {{Japanese}} {{ESL}} learners},
	volume = {21},
	year = {2011}
}

@article{Nettle1998,
	author = {Nettle, Daniel},
	journal = {Journal of Quantitative Linguistics},
	number = {3},
	pages = {240--245},
	title = {Coevolution of phonology and the lexicon in twelve languages of {{{West}}} {{{Africa}}}},
	volume = {5},
	year = {1998}
}

@article{Nettle1995,
	author = {Nettle, Daniel},
	journal = {Linguistics},
	number = {2},
	pages = {359---367},
	title = {Segmental inventory size, word length, and communicative efficiency},
	volume = {33},
	year = {1995}
}

@article{MurrayVenneman1983,
	author = {Murray, Robert and Vennemann, Theo},
	journal = {Language},
	number = {3},
	pages = {514--528},
	title = {Sound change and syllable structure in {{{Germanic}}} phonology},
	volume = {59},
	year = {1983}
}

@article{Morley2015,
	author = {Morley, Rebecca L.},
	journal = {Lingua},
	pages = {1--26},
	title = {Deletion or epenthesis? {{O}}n the falsifiability of phonological universals},
	volume = {154},
	year = {2015}
}

@article{Mompeán-GonzálezMompeán-Gillamón2009,
	author = {Mompeán-González, José and Pilar Mompeán-Gillamón},
	journal = {Cognitive Linguistics},
	pages = {773–776},
	sortname = {Mompean-Gonzalez, Jose and Pilar Mompean-Gillamon},
	title = {/r/-liaison in {{English}}: {{A}}n empirical study},
	volume = {20},
	year = {2009}
}

@article{Miner:1989,
	author = {Miner, Kenneth L.},
	journal = {Anthropological Linguistics},
	pages = {148--172},
	title = {{Winnebago} accent: {T}he rest of the data},
	volume = {31},
	year = {1989}
}

@article{Miner:1979,
	author = {Miner, Kenneth L.},
	journal = {International journal of American linguistics},
	number = {1},
	pages = {25--33},
	publisher = {University of Chicago Press},
	title = {Dorsey's law in {W}innebago-{C}hiwere and {W}innebago accent},
	volume = {45},
	year = {1979}
}

@article{McCarthy:Syncope,
	author = {McCarthy, John J.},
	journal = {Natural Language \& Linguistic Theory},
	number = {3},
	pages = {499--546},
	publisher = {Springer},
	title = {The serial interaction of stress and syncope},
	volume = {26},
	year = {2008}
}

@article{MattesonPike1958,
	author = {Matteson, Esther and Kenneth L. Pike},
	journal = {Miscellanea Phonetica},
	pages = {22--30},
	title = {Non-phonemic transition vocoids in {{Piro}} ({{Arawak}})},
	volume = {3},
	year = {1958}
}

@article{Martin1951,
	author = {Martin, Samuel},
	journal = {Language},
	pages = {519–533},
	title = {{Korean} phonemics},
	volume = {27},
	year = {1951}
}

@article{Lombardi:1999,
	author = {Lombardi, Linda},
	journal = {Natural Language \& Linguistic Theory},
	number = {2},
	pages = {267--302},
	publisher = {Springer},
	title = {Positional faithfulness and voicing assimilation in Optimality Theory},
	volume = {17},
	year = {1999}
}

@article{Lombardi2002,
	author = {Lombardi, Linda},
	journal = {Phonology},
	pages = {219--251},
	title = {Coronal epenthesis and markedness},
	volume = {19},
	year = {2002}
}

@article{LiskerAbramson1964,
	author = {Lisker, Leigh and Arthur S. Abramson},
	doi = {10.1017/S0025100311000181},
	journal = {Word},
	pages = {384--422},
	title = {A cross-language study of voicing in initial stops: {A}coustical measurements},
	volume = {20},
	year = {1964}
}

@article{Lisker1999,
	author = {Lisker, Leigh},
	journal = {Phonetica},
	number = {1-2},
	pages = {44--55},
	title = {Perceiving final voiceless stops without release: {{E}}ffects of preceding monophthongs versus nonmonophthongs},
	volume = {56},
	year = {1999}
}

@article{Lin1997,
	author = {Lin, Yen{}-Hwei},
	journal = {Phonology},
	pages = {403--436},
	title = {Syllabic and Moraic Structures in {{Piro}}},
	volume = {14},
	year = {1997}
}

@article{Lietal2005,
	author = {Li, Min and Chandra Kambhamettu and Maureen Stone},
	journal = {Clinical Linguistics and Phonetics},
	number = {6-7},
	pages = {545--554},
	title = {Automatic contour tracking in ultrasound images},
	volume = {19},
	year = {2005}
}

@article{Levin1987,
	author = {Levin, Juliette},
	journal = {Proceedings of the West Coast Conference on Formal Linguistics},
	pages = {187--201},
	title = {Between epenthetic and excrescent vowels},
	volume = {6},
	year = {1987}
}

@article{Langdon1975,
	author = {Langdon, Margaret},
	journal = {International Journal of American Linguistics},
	pages = {218--233},
	title = {Boundaries and {lenition in Yuman languages}},
	volume = {41},
	year = {1975}
}

@article{Kurebito2004,
	author = {Kurebito, Megumi},
	journal = {Languages of the North Pacific Rim},
	pages = {117--144},
	title = {A report on {K}oryak phonology},
	volume = {9},
	year = {2004}
}

@article{Kirby2011,
	author = {Kirby, James},
	doi = {10.1017/S0025100311000181},
	journal = {Journal of the International Phonetic Association},
	number = {3},
	pages = {381–392},
	title = {{Vietnamese} ({H}anoi {V}ietnamese)},
	volume = {41},
	year = {2011}
}

@article{Kiparsky:2000,
	author = {Kiparsky, Paul},
	journal = {The linguistic review},
	pages = {351--367},
	title = {Opacity and cyclicity},
	volume = {17},
	year = {2000}
}

@article{Kiparsky1973,
	author = {Kiparsky, Paul},
	journal = {Dædalus},
	pages = {231--244},
	title = {The role of linguistics in a theory of poetry},
	volume = {102},
	number = {3},
	year = {1973},
	url = {https://www.jstor.org/stable/20024157}
}

@article{Kim2022c,
	author = {Kim, Ji Yea},
	doi = {10.17959/sppm.2022.28.1.57},
	journal = {Studies in Phonetics, Phonology and Morphology},
	number = {1},
	pages = {57--82},
	title = {The {{Korean}} innovative suffix -lʌ: {{I}}ndirect affix borrowing and morphological copy epenthesis},
	volume = {28},
	year = {2022}
}

@article{Kim2022b,
	author = {Kim, Ji Yea},
	doi = {10.18855/lisoko.2022.47.3.001},
	journal = {Korean Journal of Linguistics},
	number = {3},
	pages = {385--406},
	title = {Consonant epenthesis in {{English}} diminutives},
	volume = {47},
	year = {2022}
}

@article{Kim2022,
	author = {Kim, Jungyeon},
	doi = {10.1515/ling-2021-0031},
	journal = {Linguistics},
	pages = {1989--2017},
	title = {Multinomial regression modeling of vowel insertion patterns: {{A}}daptation of coda stops from {{E}}nglish to {K}orean},
	volume = {60},
	number = {6},
	year = {2022}
}

@article{Kim1998,
	author = {Kim, Hyunsoon},
	journal = {Language Research},
	pages = {347–368},
	title = {A phonetic characterization of release and nonrelease: {{T}}he case of {K}orean and {{E}}nglish},
	volume = {34},
	year = {1998}
}

@article{Kim-Renaud1987,
	author = {Kim-Renaud, Young-Key},
	journal = {Harvard Studies in Korean Linguistics},
	pages = {341–359},
	title = {Fast speech, casual speech and restructuring},
	volume = {2},
	year = {1987}
}

@article{Kilic2004,
	author = {Kılıç, Mehmet Akif and Fatih Öğüt},
	journal = {Speech Communication},
	pages = {143–154},
	sortname = {Kilic, Mehmet Akif and Fatih Ozgyuzt},
	title = {A high unrounded vowel in {T}urkish: {Is} it a central or back vowel?},
	volume = {45},
	year = {2004}
}

@article{Kenstowicz1976,
	author = {Kenstowicz, Michael},
	journal = {Studies in the Linguistic Sciences},
	pages = {22--37},
	title = {Some rules of {K}oryak phonology},
	volume = {6},
	year = {1976}
}

@article{Kayeetal1990,
	author = {Kaye, Jonathan and Jean Lowenstamm and Jean-Roger Vergnaud},
	journal = {Phonology},
	number = {2},
	pages = {193--231},
	title = {Constituent Structure and Government in Phonology},
	volume = {7},
	year = {1990}
}

@article{Kaye:1981,
	author = {Kaye, Jonathan D},
	journal = {Revue québecoise de linguistique},
	pages = {117--135},
	title = {{La} sélection des formes pronominales en vata},
	volume = {11},
	year = {1981}
}

@article{Kaye1990,
	author = {Kaye, Jonathan},
	journal = {Phonology},
	number = {2},
	pages = {301--330},
	title = {‘{C}oda’ licensing},
	volume = {7},
	year = {1990}
}

@article{Kaye&Charette,
	annote = {Here Kaye and Charette propose that Dida (Eastern Kru) has a case of segmental rules affected by tonal context. Specifically, a verb stem vowel with specific tone will delete when an object enclitic is present, but only when the final vowel of the verb stem has a -HIGH tone. Tone provides the context for segmental deletion.},
	author = {Kaye, Jonathan and Charette, Monik},
	journal = {Studies in African Linguistics},
	pages = {82--85},
	title = {Tone sensitive rules in {D}ida},
	volume = {8},
	year = {1981}
}

@article{Karlin2021,
	author = {Karlin, Robin},
	journal = {Nordic Journal of Linguistics},
	number = {1},
	pages = {49--79},
	title = {{{Finnish}} inserted vowels: {{A}} case of phonologized excrescence},
	volume = {45},
	year = {2021}
}

@article{Kang2003,
	author = {Kang, Yoonjung},
	journal = {Phonology},
	pages = {219–273},
	title = {Perceptual similarity in loanword adaptation: {{E}}nglish postvocalic word-final stops in {K}orean},
	volume = {20},
	year = {2003}
}

@article{Kang1996,
	author = {Kang, Hyunsook},
	journal = {Studies in Phonetics, Phonology and Morphology},
	pages = {21–47},
	title = {{English} loanwords in {K}orean},
	volume = {2},
	year = {1996}
}

@article{KabakIdsardi2007,
	author = {Kabak, Bariş and William J. Idsardi},
	doi = {10.1177/00238309070500010201},
	journal = {Language and Speech},
	number = {1},
	pages = {23--52},
	sortname = {Kabak, Baris and William J. Idsardi},
	title = {Perceptual distortions in the adaptation of {{E}}nglish consonant clusters: {S}yllable structure or consonantal contact constraints?},
	volume = {50},
	year = {2007}
}

@article{Jun2021,
	author = {Jun, Jongho},
	doi = {10.5334/gjgl.1401},
	journal = {Glossa},
	pages = {1--40},
	title = {Morphophonological gradience in {{Korean}} n-insertion},
	volume = {6},
	year = {2021}
}

@article{Jun2015,
	author = {Jun, Jongho},
	doi = {10.1017/S0950275},
	journal = {Phonology},
	number = {3},
	pages = {417--458},
	title = {{{Korean}} n-insertion: {{A}} mismatch between data and learning},
	volume = {32},
	year = {2015}
}

@article{JohnsonBritain2007,
	author = {Johnson, Wyn and David Britain},
	journal = {Language Sciences},
	pages = {294--315},
	title = {L-vocalisation as a natural phenomenon: {{{E}}}xplorations in sociophonology},
	volume = {29},
	year = {2007}
}

@article{JaggersBaese-Berk2020,
	author = {Jaggers, Zachary and Melissa M. Baese-Berk},
	doi = {10.1121/10.0001375},
	journal = {JASA},
	number = {6},
	pages = {EL511–EL516},
	title = {Investigating a bias for cue preservation in loanword adaptation},
	volume = {147},
	year = {2020}
}

@article{Jacobs:2004,
	author = {Jacobs, Haike},
	journal = {Probus},
	pages = {63--90},
	publisher = {Walter de Gruyter GmbH \& Co. KG Berlin, Germany},
	title = {Rhythmic vowel deletion in {{OT}}: {{S}}yncope in {L}atin},
	volume = {16},
	year = {2004}
}

@article{IversonLee2006,
	author = {Iverson, Gregory K. and Ahrong Lee},
	doi = {10.1075/kl.13.03gki},
	journal = {Korean Linguistics},
	pages = {49–87},
	title = {Perception of contrast in {K}orean loanword adaptation},
	volume = {13},
	year = {2006}
}

@article{Ito1989,
	author = {Itô, Junko},
	journal = {Natural Language \& Linguistic Theory},
	pages = {217--259},
	title = {A prosodic theory of epenthesis},
	volume = {7},
	year = {1989}
}

@article{Inkelasetal2000,
	author = {Inkelas, Sharon and Aylin Küntay and Ronald Sprouse and Orhan Orghun},
	journal = {Turkic Languages]},
	pages = {253--275},
	sortname = {Inkelas, Sharon and Aylin Kuntay and Ronald Sprouse and Orhan Orghun},
	title = {{{Turkish}} Electronic Living Lexicon ({{TELL}})},
	volume = {4},
	year = {2000}
}

@article{InkelasZoll:2007,
	author = {Inkelas, Sharon and Zoll, Cheryl},
	journal = {Linguistics},
	pages = {133--171},
	title = {Is grammar dependence real? {A} comparison between cophonological and indexed constraint approaches to morphologically conditioned phonology},
	volume = {45.1},
	year = {2007}
}

@article{InkelasZoll2007,
	author = {Inkelas, Sharon and Cheryl Zoll},
	journal = {Linguistics},
	pages = {133--171},
	title = {Is grammar dependence real? {{A}} comparison between cophonological and indexed constraint approaches to morphologically conditioned phonology},
	volume = {45},
	year = {2007}
}

@article{Hyman:1972,
	author = {Hyman, Larry M},
	journal = {Studies in African linguistics},
	number = {2},
	pages = {167--205},
	title = {Nasals and nasalization in {K}wa},
	volume = {3},
	year = {1972}
}

@article{Hutinetal2021,
	author = {Hutin, Mathilde and Adèle Jatteau and Yaru Wu and Ioana Vasilescu and Lori Lamel and Marine Adda-Decker},
	journal = {Isogloss. Open Journal of Romance Linguistics},
	pages = {1--27},
	sortname = {Hutin, Mathilde and Adele Jatteau and Yaru Wu and Ioana Vasilescu and Lori Lamel and Marine Adda-Decker},
	title = {A corpus-based study of the distribution of word-final schwa in {{Standard}} {{French}} and what it teaches us about its phonological status},
	volume = {7},
	year = {2021}
}

@article{Hume2004,
	author = {Hume, Elizabeth},
	journal = {Berkeley Linguistics Society},
	title = {Deconstructing markedness},
	volume = {30},
	year = {2004}
}

@article{Hockett:1967,
	author = {Hockett, Charles F},
	journal = {Word},
	number = {1-3},
	pages = {300--320},
	publisher = {Taylor \& Francis},
	title = {The quantification of functional load},
	volume = {23},
	year = {1967}
}

@article{Hickey1985,
	author = {Hickey, Raymond},
	journal = {Lingua},
	number = {3},
	pages = {229--249},
	title = {The interrelationship of epenthesis and syncope: {Evidence} from {D}utch and {I}rish},
	volume = {65},
	year = {1985}
}

@book{Herault:1971,
	address = {Abidjan},
	author = {Hérault, G.},
	series = {Documents Linguistiques},
	publisher = {Institut de Linguistique Appliquée, Unversité d'Abidjan},
	title = {L'Aïzi: {E}squisse phonologique et enquête lexicale},
	number = {20},
	year = {1971}
}

@article{Hayes:1989,
	author = {Hayes, Bruce},
	journal = {Linguistic Inquiry},
	number = {2},
	pages = {253--306},
	publisher = {JSTOR},
	title = {Compensatory lengthening in moraic phonology},
	volume = {20},
	year = {1989}
}

@article{Hawkins:1950,
	author = {Hawkins, W Neil},
	journal = {International Journal of American Linguistics},
	number = {2},
	pages = {87--90},
	publisher = {Indiana University},
	title = {Patterns of vowel loss in {M}acushi ({C}arib)},
	volume = {16},
	year = {1950}
}

@article{Haspelmath2006,
	author = {Haspelmath, Martin},
	journal = {Journal of Linguistics},
	pages = {25–70},
	title = {Against markedness (and what to replace it with)},
	volume = {42},
	year = {2006}
}

@article{Hartley1928,
	author = {Hartley, Ralph V. L.},
	journal = {Bell System Technical Journal},
	pages = {535--568},
	title = {Transmission of information},
	volume = {7},
	year = {1928}
}

@article{Harms:1976,
	author = {Harms, Robert T.},
	journal = {Texas Linguistic Forum},
	pages = {73--88},
	title = {The segmentalization of {F}innish `nonrules'},
	volume = {5},
	year = {1976}
}

@article{HalleHughesRadley1957,
	author = {Halle, Morris and George W. Hughes and J.‐P. A. Radley},
	doi = {10.1121/1.1908634},
	journal = {The Journal of the Acoustical Society of America},
	pages = {101--116},
	sortname = {Halle, Morris and George W. Hughes and J.‐P. A. Radley},
	title = {Acoustic properties of stop consonants},
	volume = {29},
	year = {1957}
}

@article{HallN2013,
	author = {Hall, Nancy},
	journal = {Journal of Phonetics},
	number = {2},
	pages = {133--143},
	title = {Acoustic differences between lexical and epenthetic vowels in {Lebanese {Arabic}}},
	volume = {41},
	year = {2013}
}

@article{HallEtAl2018,
	author = {Hall, Kathleen Currie and Hume, Elizabeth and Jaeger, Florian T. and Wedel, Andrew},
	journal = {Linguistics Vanguard},
	number = {s2},
	pages = {20170027},
	publisher = {De Gruyter Mouton},
	title = {The role of predictability in shaping phonological patterns},
	volume = {4},
	year = {2018}
}

@article{HallD:2011,
	annote = {In order to account for dispersion in vocalic and consonantal inventories, Hall proposes a phonological theory where only contrastive features are specified (cf. Dresher 2009), and those features are phonetically enhanced. This approach differs from the Dispersion Theory of Liljencrants and Lindblom (1972) where vowels repel each other for maximal dispersion and constraint-based approaches like Flemming (2002) and Padgett (2003) where constraints on contrast determine optimal languages, rather than optimal forms. Instead, only contrastive featuers are encoded, and redundant features react phonetically to maximize contrast. This paper contains a thorough description of previous versions (constraint-based and not) of Dispersion Theory, and argues for a novel approach.},
	author = {Hall, Daniel Currie},
	journal = {Phonology},
	number = {01},
	pages = {1--54},
	publisher = {Cambridge Univ Press},
	title = {Phonological contrast and its phonetic enhancement: {{D}}ispersedness without dispersion},
	volume = {28},
	year = {2011}
}

@article{Hall2013,
	author = {Hall, T. Alan},
	journal = {Folia Linguistica},
	pages = {55–87},
	title = {How common is r-Epenthesis?},
	volume = {47},
	year = {2013}
}

@article{Hall2006,
	author = {Hall, Nancy},
	doi = {10.1017/S0952675706000996},
	journal = {Phonology},
	pages = {387--429},
	title = {Cross-linguistic patterns of vowel intrusion},
	volume = {23},
	year = {2006}
}

@article{HaleReiss2000,
	author = {Hale, Mark and Charles Reiss},
	doi = {10.1162/002438900554334},
	journal = {Linguistic Inquiry},
	number = {1},
	pages = {157–169},
	title = {`Substance abuse' and `dysfunctionalism': {{C}}urrent trends in phonology},
	volume = {31},
	year = {2000}
}

@article{Hale&WhiteEagle,
	author = {Hale, Kenneth and White Eagle, Josie},
	journal = {International Journal of American Linguistics},
	number = {2},
	pages = {117--132},
	publisher = {University of Chicago Press},
	title = {A preliminary metrical account of {W}innebago accent},
	volume = {46},
	year = {1980}
}

@article{Gudschinsky1970,
	author = {Gudschinsky, Sarah C. and Harold Popovich and Frances Popovich},
	journal = {Language},
	pages = {77--88},
	title = {Native reaction and phonetic similarity in {M}axakali phonology},
	volume = {46},
	year = {1970}
}

@article{Gu2014,
	author = {Gu, Chong},
	journal = {Journal of Statistical Software},
	number = {5},
	pages = {1–25},
	title = {Smoothing Spline {{ANOVA} Models: {{R}}} Package gss},
	url = {https://www.jstatsoft.org/v58/i05/},
	volume = {58},
	year = {2014}
}

@article{Griceetal2015Berber,
	author = {Grice, Martine and Rachid Ridouane and Timo Roettger},
	doi = {10.1017/S0950147},
	journal = {Phonology},
	pages = {241--266},
	title = {Tonal association in {{Tashlhiyt}} {{Berber}}: {{{{E}}}}vidence from polar questions and contrastive statements},
	volume = {32},
	year = {2015}
}

@misc{Green:2018,
	author = {Christopher R. Green},
	howpublished = {Presentation at the 49th Annual Conference on African Linguistics},
	title = {Headedness and prosodic restructuring in {M}ande},
	year = {2018},
}

@article{Green:2015,
	author = {Green, Christopher R.},
	journal = {Language},
	number = {1},
	pages = {e1--e26},
	publisher = {Linguistic Society of America},
	title = {The foot domain in {B}ambara},
	volume = {91},
	year = {2015}
}

@article{Gouskova2004,
	author = {Gouskova, Maria},
	journal = {Phonology},
	pages = {201–250},
	title = {Relational hierarchies in {Optimality Theory}: {{T}}he case of syllable contact},
	volume = {21},
	year = {2004}
}

@article{GolstonRiad1999,
	author = {Golston, Chris and Tomas Riad},
	journal = {Linguistics},
	pages = {99–167},
	title = {The phonology of {Classical G}reek meter},
	volume = {38},
	year = {1999}
}

@article{Goldsmith2000,
	author = {Goldsmith, John A.},
	journal = {Folia Linguistica},
	number = {1},
	pages = {85---100},
	title = {On information theory, entropy, and phonology in the 20th century},
	volume = {34},
	year = {2000}
}

@misc{Goldrick&Smolensky:2016,
	author = {Smolensky, Paul and Goldrick, Matthew},
	howpublished = {Ms. Johns Hopkins University and Northwestern University. Available as ROA 1286},
	title = {Gradient symbolic representations in grammar: {{T}}he case of {F}rench liaison},
	year = {2016}
}

@article{Gick2002,
	author = {Gick, Bryan},
	journal = {American Speech},
	pages = {167–183},
	title = {The {{American}} intrusive {L}},
	volume = {77},
	year = {2002}
}

@article{Gafos2002,
	author = {Gafos, Adamantios},
	doi = {10.1023/A:1014942312445},
	journal = {Natural Language and Linguistic Theory},
	number = {2},
	pages = {269--337},
	title = {A grammar of gestural coordination},
	volume = {20},
	year = {2002}
}

@article{FowlerHousum1987,
	author = {Fowler, Carol and Jonathan Housum},
	doi = {10.1016/0749-596X(87)90136-7},
	journal = {Journal of Memory and Language},
	pages = {489--504},
	title = {Talkers’ signaling of ‘new’ and ‘old’ words in speech and listeners’ perception and use of the distinction},
	volume = {26},
	year = {1987}
}

@article{Flemming2001,
	author = {Flemming, Edward},
	journal = {Phonology},
	number = {1},
	pages = {7--44},
	title = {Scalar and categorical phenomena in a unified model of phonetics and phonology},
	volume = {18},
	year = {2001}
}

@article{FlegeHillenbrand1987,
	author = {Flege, James Emil and James Hillenbrand},
	doi = {10.1016/S0095-4470(19)30548-0},
	journal = {Journal of Phonetics},
	number = {2},
	pages = {203–208},
	title = {A differential effect of release bursts on the stop voicing judgments of native {F}rench and {{E}}nglish listeners},
	volume = {15},
	year = {1987}
}

@article{Fitzgerald:2002,
	author = {Fitzgerald, Colleen M.},
	journal = {Phonology},
	number = {2},
	pages = {253--271},
	publisher = {Cambridge University Press},
	title = {Tohono {O}'odham stress in a single ranking},
	volume = {19},
	year = {2002}
}

@article{Faustetal2018,
	author = {Faust, Noam and Nicola Lampitelli and Shanti Ulfsbjorninn},
	journal = {Canadian Journal of Linguistics/Revue canadienne de linguistique},
	pages = {359--385},
	title = {Articles of {{Italian}} unite! {{I}}talian definite articles without allomorphy},
	volume = {63},
	year = {2018}
}

@article{Farwaneh2017,
	author = {Farwaneh, Samira},
	journal = {Journal of Arabic and Islamic Studies},
	pages = {82–109},
	title = {Toward a typology of {{Arabic}} dialects: {{T}}he role of final consonantality},
	volume = {9},
	year = {2017}
}

@article{Durvasulaetal2018,
	author = {Durvasula, Karthik and Ho-Hsin Huang and Sayako Uehara and Qian Luo and Yen-Hwei Lin},
	doi = {10.5334/labphon.57},
	journal = {Laboratory Phonology},
	pages = {7},
	title = {Phonology modulates the illusory vowels in perceptual illusions: {{E}vidence} from {M}andarin and {{E}}nglish},
	volume = {9},
	year = {2018}
}

@article{DurvasulaKahng2016,
	author = {Durvasula, Karthik and Jimin Kahng},
	doi = {10.1016/j.wocn.2015.08.002},
	journal = {Journal of Phonetics},
	pages = {25--34},
	title = {The role of phrasal phonology in speech perception: {{W}}hat perceptual epenthesis shows us},
	volume = {54},
	year = {2016}
}

@article{DurvasulaKahng2015,
	author = {Durvasula, Karthik and Jimin Kahng},
	doi = {10.1017/S0952675715000263},
	journal = {Phonology},
	pages = {385–416},
	title = {Illusory vowels in perceptual epenthesis: {The} role of phonological alternations},
	volume = {32},
	year = {2015}
}

@article{Dupouxetal1999,
	author = {Dupoux, Emanuel and Kazuhiko Kakehi and Yuki Hirose and Christophe Pallier and Jacques Mehler},
	doi = {10.1037/0096-1523.25.6.1568},
	journal = {Journal of Experimental Psychology: Human Perception and Performance},
	pages = {1568–1578},
	title = {Epenthetic vowels in {J}apanese: {A} perceptual illusion?},
	volume = {25},
	year = {1999}
}

@article{Dormanetal1979,
	author = {Dorman, Michael F. and Lawrence J. Raphael and Alvin M. Liberman},
	doi = {10.1121/1.382916},
	journal = {Journal of the Acoustic Society of America},
	number = {6},
	pages = {1518--1532},
	title = {Some experiments on the sound of silence in phonetic perception},
	volume = {65},
	year = {1979}
}

@article{Dormanetal1977,
	author = {Dorman, Michael F. and Michael Studdert-Kennedy and Lawrence J. Raphael},
	journal = {Perception \& Psychophysics},
	number = {2},
	pages = {109--122},
	title = {Stop-consonant recognition: {Release} bursts and formant transitions as functionally equivalent, context-dependent cues},
	volume = {22},
	year = {1977}
}

@article{Dinnsen1980,
	author = {Dinnsen, Daniel A.},
	journal = {Journal of Linguistics},
	pages = {171--191},
	title = {Phonological rules and phonetic explanation},
	volume = {16},
	year = {1980}
}

@misc{Diakite:2006,
	author = {Diakite, Boubacar},
	journal = {MS. Indiana University},
	title = {The synchronic link between onset clusters and codas in {B}ambara},
	year = {2006},
}

@article{DehghanKambuziya2012,
	author = {Dehghan, Masoud and Aliyeh Kord-e Zafaranlu Kambuziya},
	journal = {Theory and Practice in Language Studies},
	number = {1},
	pages = {14–23},
	title = {A short analysis of insertion in {P}ersian},
	doi = {10.4304/tpls.2.1},
	volume = {2},
	year = {2012}
}

@article{DavidsonStone2003,
	author = {Davidson, Lisa and Maureen Stone},
	journal = {Proceedings of the West Coast Conference on Formal Linguistics},
	pages = {165--178},
	title = {Epenthesis versus gestural mistiming in consonant cluster production: {{A}}n ultrasound study},
	volume = {22},
	year = {2003}
}

@article{Davidson2011,
	author = {Lisa Davidson},
	doi = {10.1016/j.specom.2011.05.010},
	journal = {Speech Communication},
	number = {8},
	pages = {1042--1058},
	title = {Characteristics of stop releases in {A}merican {{E}}nglish spontaneous speech},
	volume = {53},
	year = {2011}
}

@article{Davidson2005,
	author = {Davidson, Lisa},
	journal = {Clinical Linguistics and Phonetics},
	number = {6-7},
	pages = {619--633},
	title = {Addressing phonological questions with ultrasound},
	volume = {19},
	year = {2005}
}

@article{CrystalHouse1988,
	author = {Crystal, Thomas H. and House, Arthur S.},
	doi = {10.1121/1.395911},
	journal = {The Journal of the Acoustical Society of America},
	number = {4},
	pages = {1553--1573},
	title = {Segmental durations in connected‐speech signals: {Current} results},
	volume = {83},
	year = {1988}
}

@article{CohenPriva2017,
	author = {Cohen Priva, Uriel},
	journal = {Language},
	number = {3},
	pages = {569--597},
	publisher = {Linguistic Society of America},
	title = {Informativity and the actuation of lenition},
	volume = {93},
	year = {2017}
}

@article{CohenPriva2015,
	author = {Cohen Priva, Uriel},
	journal = {Laboratory Phonology},
	number = {2},
	pages = {243--278},
	publisher = {De Gruyter Mouton},
	title = {Informativity affects consonant duration and deletion rates},
	volume = {6},
	year = {2015}
}

@article{Clements1991,
	author = {Clements, Nick},
	journal = {Working Papers of the Cornell Phonetics Laboratory},
	pages = {77–123},
	title = {Place of articulation in consonants and vowels: {{A}} unified theory},
	volume = {5},
	year = {1991}
}

@article{Chang2018,
	author = {Chang, Charles B.},
	journal = {Journal of Phonetics},
	pages = {85--102},
	title = {Perceptual attention as the locus of transfer to nonnative speech perception},
	volume = {68},
	year = {2018}
}

@article{ChandleeJardine2021,
	author = {Chandlee, Jane and Adam Jardine},
	journal = {Language},
	pages = {485--519},
	title = {Computational universals in linguistic theory: {{{{U}}}}sing recursive programs for phonological analysis},
	volume = {97},
	year = {2021}
}

@article{CardinalettiRepetti2004,
	author = {Cardinaletti, Anna and Lori Repetti},
	journal = {University of Venice Working Papers in Linguistics},
	pages = {7--106},
	title = {Clitics in {{Northern}} {{Italian}} Dialects: {{P}}honology, Syntax and Microvariation},
	volume = {14},
	year = {2004}
}

@article{Byrd1996,
	author = {Byrd, Dani},
	journal = {Journal of Phonetics},
	pages = {209–244},
	title = {Influences on articulatory timing in consonant sequences},
	volume = {24},
	year = {1996}
}

@article{Byrd1993,
	author = {Byrd, Dani},
	journal = {UCLA Working Papers in Phonetics},
	pages = {97--116},
	title = {54,000 {A}merican stops},
	volume = {83},
	year = {1993}
}

@article{Burkeetal2019,
	author = {Burke, Mary and Shobhana Lakshmi Chelliah and Melissa Robinson},
	journal = {Journal of South Asian Languages and Linguistics},
	number = {2},
	pages = {185--213},
	title = {Excrescent vowels in {L}amkang prefix sequences},
	volume = {6},
	year = {2019}
}

@article{BrowmanGoldstein1993,
	author = {Browman, Catherine P. and Louis Goldstein},
	journal = {Haskins Laboratories Status Report on Speech Research},
	pages = {51--62},
	title = {Dynamics and {A}rticulatory {P}honology},
	volume = {SR-113},
	year = {1993}
}

@article{BrowmanGoldstein1988,
	author = {Browman, Catherine P. and Louis Goldstein},
	journal = {Phonetica},
	pages = {140--155},
	title = {Some notes on syllable structure in {A}rticulatory {P}honology},
	volume = {45},
	year = {1988}
}

@article{Broselow1982,
	author = {Broselow, Ellen},
	journal = {Glossa-an International Journal of Linguistics},
	pages = {115--131},
	title = {On predicting the interaction of stress and epenthesis},
	volume = {16},
	year = {1982}
}

@article{Broniś2016,
	author = {Broniś, Olga},
	journal = {Italian Journal of Linguistics},
	pages = {25--68},
	sortname = {Bronis, Olga},
	title = {{{Italian}} vowel paragoge in loanword adaptation. {{P}}honological analysis of the {R}oman variety of {S}tandard {I}talian},
	volume = {28},
	year = {2016}
}

@misc{BoersmaWeekink,
	author = {Boersma, Paul and Weenink, David},
	journal = {(version 5.4.08)[computer program]},
	title = {Praat: {{D}}oing phonetics by computer},
	year = {2015},
}

@article{BoersmaHayes2001,
	address = {Cambridge},
	author = {Boersma, Paul and Hayes, Bruce},
	journal = {Linguistic Inquiry},
	number = {1},
	pages = {45--86},
	publisher = {MIT Press},
	title = {Empirical tests of the {Gradual Learning Algorithm}},
	volume = {32},
	year = {2001}
}

@article{Boersma2007,
	author = {Boersma, Paul},
	doi = {10.1016/j.lingua.2006.11.004},
	journal = {Lingua},
	number = {12},
	pages = {1989--2054},
	title = {Some listener-oriented accounts of h-aspiré in {F}rench},
	volume = {117},
	year = {2007}
}

@article{Blevins&Pawley,
	author = {Blevins, Juliette and Pawley, Andrew},
	journal = {Phonology},
	number = {1},
	pages = {1--44},
	publisher = {Cambridge University Press},
	title = {Typological implications of {K}alam predictable vowels},
	volume = {27},
	year = {2010}
}

@article{Blaylock2017,
	author = {Blaylock, Reed},
	journal = {Proceedings of the Annual Meetings on Phonology},
	title = {Driving derived environment effects with alignment constraints},
	volume = {4},
	year = {2017}
}

@article{BhattEmbick2017,
	author = {Bhatt, Rajesh and David Embick},
	journal = {Indian Linguistics},
	pages = {93–151},
	title = {Causative derivations in {{Hindi}}-{{Urdu}}},
	volume = {78(1–2)},
	year = {2017}
}

@article{Bennett:2016,
	author = {Bennett, Ryan},
	journal = {Language and Linguistics Compass},
	number = {10},
	pages = {469--514},
	publisher = {Wiley Online Library},
	title = {{Mayan} phonology},
	volume = {10},
	year = {2016}
}

@article{Bellik2018,
	author = {Bellik, Jennifer},
	journal = {Laboratory Phonology},
	number = {1},
	pages = {1--16},
	title = {An acoustic study of vowel intrusion in {T}urkish onset clusters},
	volume = {9},
	year = {2018}
}

@article{Bednall2021,
	author = {Bednall, James},
	journal = {Languages},
	number = {4},
	pages = {164},
	publisher = {Multidisciplinary Digital Publishing Institute},
	title = {Identifying Salient Aktionsart Properties in {A}nindilyakwa},
	volume = {6},
	year = {2021}
}

@book{Bearth:1971,
	author = {Bearth, Thomas},
	publisher = {Summer Institute of Linguistics},
	title = {L'énoncé toura ({Côte d'Ivoire})},
	year = {1971},
}

@article{Baronian2017,
	author = {Baronian, Luc},
	journal = {Language \& Linguistics Compass},
	pages = {e12247},
	title = {Two Problems in {A}rmenian Phonology},
	volume = {11},
	year = {2017}
}

@article{Bagemihl1991,
	author = {Bagemihl, Bruce},
	journal = {Linguistic {Inquiry}},
	pages = {589--646},
	title = {Syllable structure in {{Bella}} {{Coola}}},
	volume = {22},
	year = {1991}
}

@article{Bafile2005,
	author = {Bafile, Laura},
	journal = {Quaderni del Dipartimento di Linguistica - Università di Firenze},
	pages = {1--25},
	title = {Struttura sillabica e consonanti finali in varietà italiana},
	volume = {15},
	year = {2005}
}

@article{Bafile2003,
	author = {Bafile, Laura},
	journal = {Rivista Italiana di Dialettologia. Lingue, Dialetti, Società},
	pages = {149--178},
	title = {{Le} consonanti finali nel {Fiorentino} e nel {Napoletano}},
	volume = {26},
	year = {2003}
}

@article{Bafile2001,
	author = {Bafile, Laura},
	journal = {Annali dell’Università di Ferrara, Sezione di Lettere, Nuova Serie},
	pages = {147--167},
	title = {{{La}} struttura vuota in fonologia: {{I}}l caso della sincope e dell’epentesi nei dialetti emiliani},
	volume = {2},
	year = {2001}
}

@article{Asante:2017,
	author = {Asante, Rogers Krobea},
	journal = {Legon Journal of the Humanities},
	number = {2},
	pages = {73--104},
	title = {Introducing {N}kami: {A} forgotten {G}uang language and people of {G}hana},
	volume = {28},
	year = {2017}
}

@article{Archangeli1988,
	author = {Archangeli, Diana},
	journal = {Phonology},
	number = {2},
	pages = {183--207},
	publisher = {Cambridge University Press},
	title = {Aspects of underspecification theory},
	volume = {5},
	year = {1988}
}

@article{Anttila:2002,
	author = {Anttila, Arto},
	journal = {Natural Language \& Linguistic Theory},
	number = {1},
	pages = {1--42},
	publisher = {Springer},
	title = {Morphologically conditioned phonological alternations},
	volume = {20},
	year = {2002}
}

@article{Anderson:1965,
	author = {Anderson, James M},
	journal = {Word},
	number = {1},
	pages = {70--85},
	publisher = {Taylor \& Francis},
	title = {A study of syncope in {V}ulgar {L}atin},
	volume = {21},
	year = {1965}
}

@article{Anderson1981,
	author = {Anderson, Stephen R.},
	journal = {Linguistic Inquiry},
	pages = {493–539},
	title = {Why phonology isn't natural},
	volume = {12(4)},
	year = {1981}
}

@article{Alietal1979,
	author = {Ali, Latif and Ray Daniloff and Robert Hammarberg},
	journal = {Phonetica},
	pages = {85--97},
	title = {Intrusive Stops in {nasal}-Fricative Clusters: {{A}}n Aerodynamic and Acoustic Investigation},
	volume = {36},
	year = {1979}
}

@article{Alba1979,
	author = {Alba, Orlando},
	journal = {Boletín de la Academia Puertorriqueña de la lengua española},
	pages = {1--18},
	title = {Análisis fonológico de /r/ y /l/ implosivas en un dialecto rural dominicano},
	volume = {7},
	year = {1979}
}

@article{AbramsonTinsabadh1999,
	author = {Abramson, Arthur S. and Kalaya Tingsabadh},
	journal = {Phonetica},
	number = {3-4},
	pages = {111--122},
	title = {{Thai} final stops: {{C}}ross-language perception},
	volume = {56},
	year = {1999}
}
