@book{langsci-current-book, author = {Christian DÃ¶hler}, title = {{Speaking the map}}, subtitle = {{Komnzo texts}},year = {2024}, series = {Open Text Collections}, number = {1}, location = {Berlin}, publisher = {Language Science Press}, options = {dataonly=true} } 
