@book{AartsWallis2013,
	address = {Cambridge},
	booktitle = {The verb phrase in {English}: {{I}}nvestigating recent language change with corpora},
	editor = {Aarts, Bas and Joanne Close and Geoffrey Leech and Sean Wallis},
	publisher = {Cambridge University Press},
	title = {The verb phrase in {English}: {{I}}nvestigating recent language change with corpora},
    series = {Studies in English Language},
	year = {2013},
    doi = {10.1017/CBO9781139060998}
}


@article{Aarts1988,
	author = {Aarts, Bas},
	journal = {Journal of English Linguistics},
	number = {1},
	pages = {39–58},
	title = {Clauses of concession in written present-day {British} {English}},
	volume = {21},
	year = {1988},
    doi = {10.1177/007542428802100104}
}


@book{Aarts2011,
	address = {Oxford},
	author = {Aarts, Bas},
	publisher = {Oxford University Press},
	title = {{Oxford} {M}odern {English} {G}rammar},
	year = {2011}
}


@incollection{Abercrombie1991,
	address = {Edinburgh},
	author = {Abercrombie, David},
	booktitle = {Fifty years in phonetics: {{S}}elected papers},
	editor = {David Abercrombie},
	pages = {48–53},
	publisher = {Edinburgh University Press},
	title = {{RP} today: {{I}}ts position and prospects},
	year = {1991}
}


@book{AfifiEtAl2020,
	address = {Boca Raton},
	author = {Afifi, Abdelmonem and Susanne May and Robin A. Donatello and Virginia A. Clark},
	publisher = {Chapman \& Hall/CRC},
	title = {Practical multivariate analysis},
    series = {Texts in Statistical Science},
	year = {2020},
    doi = {10.1201/9781315203737}
}


@book{Agresti2013,
	address = {3rd edn. Hoboken},
	author = {Agresti, Alan},
	publisher = {Wiley},
	title = {Categorical data analysis},
    series = {Wiley Series in Probability and Statistics},
	year = {2013}
}


@article{Akinnaso1982,
	author = {Akinnaso, F. Niyi},
	journal = {Language and Speech},
	number = {2},
	pages = {97–125},
	title = {On the differences between spoken and written language},
	volume = {25},
	year = {1982},
    doi = {10.1177/002383098202500201}
}


@incollection{Altenberg1986,
	address = {Stockholm},
	author = {Altenberg, Bengt},
	booktitle = {{English} in speech and writing: {{A}} symposium},
    series = {Studia Anglistica Upsaliensia},
    number = {60},
	editor = {Gunnel Tottie and Ingegerd Bäcklund},
	pages = {13–40},
	publisher = {Almqvist \& Wiksell},
	title = {Contrastive linking in spoken and written {English}},
	year = {1986}
}


@article{Anscombre1989,
	author = {Anscombre, Jean-Claude},
	journal = {Revue Québécoise de Linguistique},
	number = {1},
	pages = {13–55},
	title = {Théorie de l’argumentation, topoï, et structuration discursive},
	volume = {18},
	year = {1989},
    doi = {10.7202/602639ar}
}


@misc{Anthony2018,
	author = {Anthony, Laurence},
	note = {{Version} 3.5.7},
	title = {{AntConc: {A} freeware corpus analysis toolkit for concordancing and text analysis.}},
	url = {http://www.laurenceanthony.net/software.html},
	urldate = {2021-12-07},
	year = {2018}
}


@article{Azar1997,
	author = {Azar, Moshe},
	journal = {Text \& Talk},
	number = {3},
	pages = {301–316},
	title = {Concessive relations as argumentations},
	volume = {17},
	year = {1997},
    doi = {10.1515/text.1.1997.17.3.301}
}


@book{Baayen2008,
	address = {Cambridge},
	author = {Baayen, R. Harald},
	publisher = {Cambridge University Press},
	title = {Analyzing linguistic data: {{A}} practical introduction to statistics using {R}},
	year = {2008},
    doi = {10.1017/CBO9780511801686}
}


@article{Baker2009,
	author = {Baker, Paul},
	journal = {International Journal of Corpus Linguistics},
	number = {3},
	pages = {312–337},
	title = {The {BE}06 Corpus of {British} {English} and recent language change},
	volume = {14},
	year = {2009},
    doi = {10.1075/ijcl.14.3.02bak}
}


@book{Baker2010,
	address = {Lancaster},
	author = {Baker, Paul},
	publisher = {Lancaster University},
	title = {The {AmE2006} reference corpus},
	year = {2010–2011}
}


@incollection{Barth2000,
	address = {Berlin},
	author = {Barth, Dagmar},
	indexauthor = {Barth-Weingarten, Dagmar},
	booktitle = {Cause – condition – concession – contrast: {{C}}ognitive and discourse perspectives},
	editor = {Elizabeth Couper-Kuhlen and Bernd Kortmann},
	pages = {411–437},
	publisher = {Mouton de Gruyter},
	title = {“{that’s} true, although not really, but still”: {{{E}}}xpressing concession in spoken {E}nglish},
    series = {Topics in English Linguistics},
    number = {33},
	year = {2000},
    doi = {10.1515/9783110219043.4.411}
}


@book{Barth-Weingarten2003,
	address = {Tübingen},
	author = {Barth-Weingarten, Dagmar},
	publisher = {Narr},
	title = {Concession in spoken {English}: {{O}}n the realisation of a discourse-pragmatic relation},
    series = {Language in Performance},
    number = {28},
	year = {2003}
}


@misc{BatesEtAl2020,
	author = {Bates, Douglas and Martin Maechler and Ben Bolker and Steven Walker},
	url = {https://cran.r-project.org/web/packages/lme4/lme4.pdf},
	title = {{lme4}: {{L}}inear mixed-effects models using {Eigen} and {S4}},
	note = {R package version 1.1–23},
	urldate = {2021-12-07},
	year = {2020}
}


@book{Benveniste1971,
	address = {Coral Gables},
	author = {Benveniste, Émile},
	publisher = {University of Miami Press},
	title = {Problems in general linguistics},
    series = {Miami Linguistics Series},
    number = {8},
	year = {1971}
}


@incollection{BergsDiewald2008,
	address = {Berlin},
	author = {Bergs, Alexander and Gabriele Diewald},
	booktitle = {Constructions and language change},
	editor = {Alexander Bergs and Gabriele Diewald},
	pages = {1–21},
	publisher = {Mouton de Gruyter},
	title = {Introduction: {{C}}onstructions and language change},
    series = {Trends in Linguistics. Studies and Monographs},
    number = {194}  ,
	year = {2008},
    doi = {10.1515/9783110211757.1}
}


@incollection{Berlage2009,
	address = {Cambridge},
	author = {Berlage, Eva},
	booktitle = {{One} language, two grammars? {{D}}ifferences between {British} and {American} {English}},
	editor = {Günter Rohdenburg and Julia Schlüter},
	pages = {130–148},
	publisher = {Cambridge University Press},
	title = {Prepositions and postpositions},
    series = {Studies in English Language},
	year = {2009},
    doi = {10.1017/CBO9780511551970.007}
}


@book{Berlage2014,
	address = {Cambridge},
	author = {Berlage, Eva},
	publisher = {Cambridge University Press},
	title = {Noun phrase complexity in {English}},
    series = {Studies in English Language},
	year = {2014},
    doi = {10.1017/CBO9781139057684}
}


@book{Bernaisch2015,
	address = {Amsterdam},
	author = {Bernaisch, Tobias},
	publisher = {John Benjamins},
	title = {The lexis and lexicogrammar of {Sri Lankan English}},
    series = {Varieties of {{English}} Around the World},
	number = {G54},
	year = {2015},
    doi = {10.1075/veaw.g54}
}


@incollection{BestWolf2015,
	address = {London},
	author = {Best, Henning and Christof Wolf},
	booktitle = {The {Sage Handbook of Regression Analysis and Causal Inference}},
	editor = {Henning Best and Christof Wolf},
	pages = {153–172},
	publisher = {Sage},
	title = {Logistic regression},
	year = {2015},
    doi = {10.4135/9781446288146}
}


@book{BiberConrad2009,
	address = {Cambridge},
	author = {Biber, Douglas and Susan Conrad},
	publisher = {Cambridge University Press},
	title = {Register, genre, and style},
    series = {Cambridge Textbooks in Linguistics},
	year = {2009},
    doi = {10.1017/9781108686136}
}


@book{BiberEtAl1999,
	address = {London},
	author = {Biber, Douglas and Stig Johansson and Geoffrey Leech and Susan Conrad and Edward Finegan},
	publisher = {Longman},
	title = {{Longman Grammar of Spoken and Written English}},
	year = {1999}
}


@book{Biber1988,
	address = {Cambridge},
	author = {Biber, Douglas},
	publisher = {Cambridge University Press},
	title = {Variation across speech and writing},
	year = {1988},
    doi = {10.1017/CBO9780511621024}
}


@book{BolstadCurran2017,
	address = {Hoboken},
    edition = {3},
	author = {Bolstad, William M. and James M. Curran},
	publisher = {Wiley},
	title = {Introduction to {Bayesian} statistics},
	year = {2017},
    doi = {10.1002/9781118593165}
}


@article{Borkin1980,
	author = {Borkin, Ann},
	journal = {Studia Anglica Posnaniensia},
	pages = {47–59},
	title = {On some conjuncts signalling dissonance in written expository {English}},
	volume = {12},
	year = {1980}
}


@book{BrintonBrinton2010,
	address = {Amsterdam},
	author = {Brinton, Laurel J. and Donna M. Brinton},
	publisher = {John Benjamins},
	title = {The linguistic structure of {Modern English}},
	year = {2010},
    doi = {10.1075/z.156}
}


@book{Bryant1962,
	address = {New York},
	booktitle = {Current {American} usage},
	editor = {Bryant, Margaret M.},
	publisher = {Funk \& Wagnalls},
	title = {Current {American} usage},
	year = {1962}
}


@misc{Bürkner2020,
	author = {Bürkner, Paul-Christian},
	url = {https://cran.r-project.org/web/packages/brms/brms.pdf},
	title = {{brms}: {Bayesian} regression models using {Stan}},
    note = {R package version 2.16.1},
	sortname = {Burkner, Paul-Christian},
	urldate = {2021-09-04},
	year = {2020}
}


@book{Burnham1911,
	address = {New York},
	author = {Burnham, Josephine M.},
	publisher = {Henry Holt},
	title = {Concessive constructions in {Old English} prose},
    series = {Yale Studies in English},
    number = {39},
	year = {1911}
}


@book{BuschfeldEtAl2014,
	address = {Amsterdam},
	booktitle = {The evolution of {Englishes}: {{T}}he Dynamic Model and beyond},
	editor = {Buschfeld, Sarah and Thomas Hoffmann and Magnus Huber and Alexander Kautzsch},
	publisher = {John Benjamins},
	title = {The evolution of {Englishes}: {The Dynamic Model} and beyond},
    series = {Varieties of {{English}} Around the World},
	number = {G49},
	year = {2014},
    doi = {10.1075/veaw.g49}
}


@article{BuschfeldKautzsch2017,
	author = {Buschfeld, Sarah and Alexander Kautzsch},
	journal = {World Englishes},
	number = {1},
	pages = {104–126},
	title = {Towards an integrated approach to postcolonial and non-postcolonial {Englishes}},
	volume = {36},
	year = {2017},
    doi = {10.1111/weng.12203}
}


@book{Bybee2001,
	address = {Cambridge},
	author = {Bybee, Joan L.},
	publisher = {Cambridge University Press},
	title = {Phonology and language use},
    series = {Cambridge Studies in Linguistics},
    number = {94},
	year = {2001},
    doi = {10.1017/CBO9780511612886}
}


@article{Bybee2006,
	author = {Bybee, Joan L.},
	journal = {Language},
	number = {4},
	pages = {711–33},
	title = {From usage to grammar: {{T}}he mind’s response to repetition},
	volume = {82},
	year = {2006}
}


@book{Bybee2010,
	address = {Cambridge},
	author = {Bybee, Joan L.},
	publisher = {Cambridge University Press},
	title = {Language, usage and cognition},
	year = {2010},
    doi = {10.1017/CBO9780511750526}
}


@incollection{Bybee2013,
	address = {Oxford},
	author = {Bybee, Joan L.},
	booktitle = {The {Oxford Handbook of Construction Grammar}},
	editor = {Thomas Hoffmann and Graeme Trousdale},
	pages = {49–69},
	publisher = {Oxford University Press},
	title = {Usage-based theory and exemplar representations of constructions},
	year = {2013},
    doi = {10.1093/oxfordhb/9780195396683.013.0004}
}


@book{CameronTrivedi2013,
	address = {Cambridge},
	author = {Cameron, A. Colin and Pravin K. Trivedi},
	publisher = {Cambridge University Press},
	title = {Regression analysis of count data},
    series = {Econometric Society Monographs},
    number = {53},
	year = {2013},
    doi = {10.1017/CBO9781139013567}
}


@article{Cappelle2006,
	author = {Cappelle, Bert},
	journal = {Constructions},
	doi = {10.24338/cons-381},
	pages = {1–28},
	title = {Particle placement and the case for “allostructions”},
	volume = {Special volume 1},
	year = {2006}
}


@incollection{ChafeDanielewicz1987,
	address = {San Diego},
	author = {Chafe, Wallace L. and Jane Danielewicz},
	booktitle = {Comprehending oral and written language},
	editor = {Rosalind Horowitz and S. Jay Samuels},
	pages = {83–113},
	publisher = {Academic Press},
	title = {Properties of spoken and written language},
	year = {1987}
}


@incollection{Chafe1976,
	address = {New York},
	author = {Chafe, Wallace L.},
	booktitle = {Subject and topic},
	editor = {Charles N. Li},
	pages = {27–55},
	publisher = {Academic Press},
	title = {Givenness, contrastiveness, definiteness, subjects, topics and point of view},
	year = {1976}
}


@incollection{Chafe1982,
	address = {Norwood},
	author = {Chafe, Wallace L.},
	booktitle = {Spoken and written language: {{{E}}}xploring orality and literacy},
	editor = {Deborah Tannen},
	pages = {35–53},
	publisher = {Ablex},
	title = {Integration and involvement in speaking, writing, and oral literature},
    series = {Advances in Discourse Processes},
    number = {9},
	year = {1982}
}


@article{Chafe1984,
	author = {Chafe, Wallace L.},
	journal = {Proceedings of the Annual Meeting of the Berkeley Linguistics Society},
	pages = {437–449},
	title = {How people use adverbial clauses},
    volume = {10},
	year = {1984},
    doi = {10.3765/bls.v10i0.1936}
}


@incollection{Chafe1985,
	address = {Cambridge},
	author = {Chafe, Wallace L.},
	booktitle = {Literacy, language and learning: {{T}}he nature and consequences of reading and writing},
	editor = {David R. Olson and Nancy Torrance and Angela Hildyard},
	pages = {105–123},
	publisher = {Cambridge University Press},
	title = {Linguistic differences produced by differences between speaking and writing},
	year = {1985}
}


@book{Chafe1994,
	address = {Chicago},
	author = {Chafe, Wallace L.},
	publisher = {University of Chicago Press},
	title = {Discourse, consciousness, and time: {{T}}he flow and displacement of conscious experience in speaking and writing},
	year = {1994}
}


@incollection{ChafeEtAl1991,
	address = {London},
	author = {Chafe, Wallace L. and John W. Du Bois and Sandra A. Thompson},
	booktitle = {{English} corpus linguistics},
	editor = {Karin Aijmer and Bengt Altenberg},
	pages = {64–82},
	publisher = {Longman},
	title = {Towards a new corpus of spoken {American} {English}},
	year = {1991}
}


@incollection{Chen2000,
	address = {Amsterdam},
	author = {Chen, Guohua},
	booktitle = {Pathways of change: {{G}}rammaticalization in {English}},
	editor = {Olga Fischer and Annette Rosenbach and Dieter Stein},
	pages = {87–110},
	publisher = {John Benjamins},
	title = {The grammaticalization of concessive markers in {Early Modern English}},
    series = {Studies in Language Companion Series},
    number = {53},
	year = {2000},
    doi = {10.1075/slcs.53.06che}
}


@incollection{Clyne1992,
	address = {Berlin},
	author = {Clyne, Michael},
	booktitle = {Pluricentric languages: {{D}}iffering norms in different nations},
	editor = {Michael Clyne},
	pages = {1–9},
	publisher = {Mouton de Gruyter},
	title = {Pluricentric languages: {Introduction}},
    series = {Contributions to the Sociology of Language},
    number = {62},
	year = {1992},
    doi = {10.1515/9783110888140.1}
}


@book{Couper-KuhlenKortmann2000,
	address = {Berlin},
	booktitle = {Cause – condition – concession – contrast: {{C}}ognitive and discourse perspectives},
	editor = {Couper-Kuhlen, Elizabeth and Bernd Kortmann},
	publisher = {Mouton de Gruyter},
	title = {Cause – condition – concession – contrast: {{C}}ognitive and discourse perspectives},
    series = {Topics in English Linguistics},
    number = {33},
	year = {2000},
    doi = {10.1515/9783110219043}
}


@incollection{Couper-KuhlenKortmann2000Introduction,
	address = {Berlin},
	author = {Couper-Kuhlen, Elizabeth and Bernd Kortmann},
	booktitle = {Cause – condition – concession – contrast: {{C}}ognitive and discourse perspectives},
	editor = {Elizabeth Couper-Kuhlen and Bernd Kortmann},
	pages = {1–8},
	publisher = {Mouton de Gruyter},
	title = {Introduction},
    series = {Topics in English Linguistics},
    number = {33},
	year = {2000},
    doi = {10.1515/9783110219043-001}
}


@incollection{Couper-KuhlenThompson2000,
	address = {Berlin},
	author = {Couper-Kuhlen, Elizabeth and Sandra A. Thompson},
	booktitle = {Cause – condition – concession – contrast: {{C}}ognitive and discourse perspectives},
	editor = {Elizabeth Couper-Kuhlen and Bernd Kortmann},
	pages = {381–410},
	publisher = {Mouton de Gruyter},
	title = {Concessive patterns in conversation},
	series = {Topics in English Linguistics},
    number = {33},
    year = {2000},
    doi = {10.1515/9783110219043-016}
}


@incollection{Crawford2009,
	address = {Cambridge},
	author = {Crawford, William J.},
	booktitle = {{One} language, two grammars? {{D}}ifferences between {British} and {American} {English}},
	editor = {Günter Rohdenburg and Julia Schlüter},
	pages = {257–276},
	publisher = {Cambridge University Press},
	title = {The mandative subjunctive},
    series = {Studies in English Language},
	year = {2009},
    doi = {10.1017/CBO9780511551970.015 }
}


@incollection{Crevels2000,
	address = {Berlin},
	author = {Crevels, Mily},
	booktitle = {Cause – condition – concession – contrast: {{C}}ognitive and discourse perspectives},
	editor = {Elizabeth Couper-Kuhlen and Bernd Kortmann},
	pages = {313–339},
	publisher = {Mouton de Gruyter},
	title = {Concessives on different semantic levels: {{A}} typological perspective},
    series = {Topics in English Linguistics},
    number = {33},
	year = {2000},
    doi = {10.1515/9783110219043-013}
}


@book{CroftCruse2004,
	address = {Cambridge},
	author = {Croft, William and D. Alan Cruse},
	publisher = {Cambridge University Press},
	title = {Cognitive linguistics},
    series = {Cambridge Textbooks in Linguistics},
	year = {2004},
    doi = {10.1017/CBO9780511803864}
}


@incollection{Croft2005,
	address = {Amsterdam},
	author = {Croft, William},
	booktitle = {Construction Grammars: {{C}}ognitive grounding and theoretical extensions},
	editor = {Jan-Ola Östman and Mirjam Fried},
	pages = {273–314},
	publisher = {John Benjamins},
	title = {Logical and typological arguments for {Radical Construction Grammar}},
    series = {Constructional Approaches to Language},
    number = {3},
	year = {2005},
    doi = {10.1075/cal.3.11cro}
}


@book{Culicover1976,
	address = {New York},
	author = {Culicover, Peter W.},
	publisher = {Academic Press},
	title = {Syntax},
	year = {1976}
}


@book{CummingCalin-Jageman2017,
	address = {New York},
	author = {Cumming, Geoff and Robert Calin-Jageman},
	publisher = {Routledge},
	title = {Introduction to the New Statistics: {{{E}}}stimation, Open Science, and beyond},
	year = {2017},
    doi = {10.4324/9781315708607}
}


@misc{Davies2010,
	author = {Davies, Mark},
	title = {The {Corpus of Historical American English}: 400 million words, 1810–2009},
	url = {https://www.english-corpora.org/coha/},
	urldate = {2021-12-07},
	year = {2010}
}


@article{DiMeola1998,
	author = {Di Meola, Claudio},
	journal = {Linguistische Berichte},
	pages = {329–352},
	title = {Zur Definition einer logisch-semantischen Kategorie: {{K}}onzessivität als „versteckte Kausalität“},
	volume = {175},
	year = {1998},
	langid={german}
}


@incollection{DiMeola2004,
	address = {Berlin},
	author = {Di Meola, Claudio},
	booktitle = {Brücken schlagen: {{G}}rundlagen der Konnektorensemantik},
	editor = {Hardarik Blühdorn and Eva Breindl and Ulrich Hermann Waßner},
	pages = {287–308},
	publisher = {Mouton de Gruyter},
	title = {Ikonische Beziehungen zwischen Konzessivrelation und Konzessivkonnektoren},
    series = {Linguistik: Impulse \& Tendenzen},
    number = {5},
	langid={german},
	year = {2004},
    doi = {10.1515/9783110890266.287}
}


@article{Diessel2005,
	author = {Diessel, Holger},
	journal = {Linguistics},
	number = {3},
	pages = {449–470},
	title = {Competing motivations for the ordering of main and adverbial clauses},
	volume = {43},
	year = {2005},
    doi = {10.1515/ling.2005.43.3.449}
}


@article{Diessel2008,
	author = {Diessel, Holger},
	journal = {Cognitive Linguistics},
	pages = {457–482},
	title = {Iconicity of sequence: {{A}} corpus-based analysis of the positioning of temporal adverbial clauses in {English}},
	volume = {19},
    number = {3},
	year = {2008},
    doi = {10.1515/COGL.2008.018}
}


@book{DuBoisEtAl2000,
	address = {Philadelphia},
	author = {Du Bois, John W. and Wallace L. Chafe and Charles Meyer and Sandra A. Thompson and Robert Englebretson and Nii Martey},
	publisher = {Linguistic Data Consortium},
	title = {Santa {Barbara Corpus of Spoken American English}, {Parts} 1–4},
	year = {2000–2005}
}


@book{Edwards2016,
	address = {Amsterdam},
	author = {Edwards, Alison},
	publisher = {John Benjamins},
	title = {{English} in the {Netherlands}: {{F}}unctions, forms and attitudes},
	series = {Varieties of {{English}} Around the World},
	number = {G56},
    year = {2016},
    doi = {10.1075/veaw.g56}
}


@book{Eitle1914,
	address = {Heidelberg},
	author = {Eitle, Hermann},
	publisher = {Carl Winter},
	title = {Die Satzverknüpfung bei Chaucer},
    series = {Anglistische Forschungen},
    number = {44},
	year = {1914},
	langid={german}
}


@incollection{FahyEtAl2022,
	address = {Cambridge},
	author = {Fahy, Matthew and Jesse Egbert and Benedikt Szmrecsanyi and Douglas Biber},
	booktitle = {Data and methods in corpus linguistics: {Comparative} approaches},
	editor = {Ole Schützler and Julia Schlüter},
	pages = {194–223},
	publisher = {Cambridge University Press},
	title = {Comparing logistic regression, multinomial regression, classification trees and random forests applied to ternary variables: {{T}}hree-way genitive variation in {English}},
	year = {2022},
    doi = {10.1017/9781108589314.008}
}


@incollection{Ferguson1982,
	address = {Urbana},
	author = {Ferguson, Charles A.},
	booktitle = {The other tongue: {{{E}}}nglish across cultures},
	editor = {Braj B. Kachru},
	pages = {vii–xi},
	publisher = {University of Illinois Press},
	title = {Foreword},
	year = {1982}
}


@book{Ferraresi2011,
	address = {Tübingen},
	booktitle = {Konnektoren im {Deutschen} und im {Sprachvergleich}: {Beschreibung} und grammatische {Analyse}},
    series = {Studien zur deutschen Sprache},
    number = {53},
	editor = {Ferraresi, Gisella},
	publisher = {Narr},
	title = {Konnektoren im {Deutschen} und im {Sprachvergleich}},
	year = {2011}
}


@article{Fillmore1988,
	author = {Fillmore, Charles J.},
	journal = {Proceedings of the Annual Meeting of the Berkeley Linguistics Society},
	pages = {35–55},
	title = {The mechanisms of “{Construction Grammar}”},
	volume = {14},
	year = {1988},
    doi = {10.3765/bls.v14i0.1794}
}


@book{Fowler1991,
	address = {London},
	author = {Fowler, Roger},
	publisher = {Routledge},
	title = {Language in the news: {{D}}iscourse and ideology in the press},
	year = {1991}
}


@book{FrancisKučera1979,
	address = {Providence},
	edition = {3},
	author = {Francis, W. Nelson and Henry Kučera},
	url = {http://korpus.uib.no/icame/manuals/brown},
	publisher = {Department of Linguistics, Brown University},
	sortname = {Francis, W. Nelson and Henry Kucera},
	title = {Manual of information to accompany {A Standard Corpus of Present-Day Edited American English}, for Use with Digital Computers},
	urldate = {2021-12-07},
	year = {1979}
}


@incollection{Fried2008,
	address = {Berlin},
	author = {Fried, Mirjam},
	booktitle = {Constructions and language change},
	editor = {Alexander Bergs and Gabriele Diewald},
	pages = {47–79},
	publisher = {Mouton de Gruyter},
	title = {Constructions and constructs: {{M}}apping a shift between predication and attribution},
    series = {Trends in Linguistics. Studies and Monographs},
    number = {194},
	year = {2008},
    doi = {10.1515/9783110211757.47}
}


@article{GelmanGreenland2019,
	author = {Gelman, Andrew and Sander Greenland},
	journal = {British Medical Journal},
	doi = {10.1136/bmj.l5381},
	number = {15381},
	pages = {1–2},
	title = {Are confidence intervals better termed “uncertainty intervals”?},
	volume = {366},
	year = {2019},
    doi = {10.1136/bmj.l5381}
}


@book{GelmanHill2007,
	address = {Cambridge},
	author = {Gelman, Andrew and Jennifer Hill},
	publisher = {Cambridge University Press},
	title = {Data analysis using regression and multilevel/hierarchical models},
    series = {Analytical Methods for Social Research
},
	year = {2007},
    doi = {10.1017/CBO9780511790942}
}


@book{Givón1990,
	address = {Amsterdam},
	author = {Givón, Talmy},
	publisher = {John Benjamins},
	sortname = {Givon, Talmy},
	title = {Syntax: {A} functional-typological introduction},
	volume = {2},
	year = {1990},
    doi = {10.1075/z.50}
}


@article{Goldberg2003,
	author = {Goldberg, Adele E.},
	journal = {Trends in Cognitive Sciences},
	number = {5},
	pages = {219–224},
	title = {Constructions: {{A}} new theoretical approach to language},
	volume = {7},
	year = {2003},
    doi = {10.1016/S1364-6613(03)00080-9}
}


@book{Goldberg2006,
	address = {Oxford},
	author = {Goldberg, Adele E.},
	publisher = {Oxford University Press},
	title = {Constructions at work: {{T}}he nature of generalization in language},
	year = {2006},
    doi = {10.1093/acprof:oso/9780199268511.001.0001}
}


@article{Goldberg2011,
	author = {Goldberg, Adele E.},
	journal = {Cognitive Linguistics},
	number = {1},
	pages = {131–153},
	title = {Corpus evidence of the viability of statistical preemption},
	volume = {22},
	year = {2011},
    doi = {10.1515/cogl.2011.006}
}


@incollection{Goldberg2013,
	address = {Oxford},
	author = {Goldberg, Adele E.},
	booktitle = {The {Oxford Handbook of Construction Grammar}},
	editor = {Thomas Hoffmann and Graeme Trousdale},
	pages = {15–31},
	publisher = {Oxford University Press},
	title = {Constructionist approaches},
	year = {2013},
    doi = {10.1093/oxfordhb/9780195396683.013.0002}
}


@book{Görlach1990,
	address = {Heidelberg},
	author = {Görlach, Manfred},
	publisher = {Carl Winter},
	sortname = {Gorlach, Manfred},
	title = {Studies in the history of the {English} Language},
    series = {Anglistische Forschungen},
    number = {210},
	year = {1990}
}


@book{GrangerEtAl2009,
	address = {Louvain-la-Neuve},
	author = {Granger, Sylviane and Estelle Dagneaux and Fanny Meunier and Magali Paquot},
	publisher = {Presses universitaires de Louvain},
	title = {International {Corpus of Learner English}: {Version} 2},
	year = {2009}
}


@incollection{Granger1996,
	address = {Oxford},
	author = {Granger, Sylviane},
	booktitle = {Comparing {{English}} worldwide: {The International Corpus of English}},
	editor = {Sidney Greenbaum},
	pages = {13–24},
	publisher = {Clarendon Press},
	title = {Learner {English} around the world},
	year = {1996}
}


@book{Grant1914,
	address = {2nd edn. Cambridge},
	author = {Grant, William},
	publisher = {Cambridge University Press},
	title = {The pronunciation of {English} in {Scotland}},
    series = {Cambridge Primers of Pronunciation},
	year = {1914}
}


@incollection{GreenbaumSvartvik1990,
	address = {Lund},
	author = {Greenbaum, Sidney and Jan Svartvik},
	booktitle = {The {London-Lund Corpus of Spoken English}: {{D}}escription and research},
    series = {Lund Studies in English},
    number = {82},
	editor = {Jan Svartvik},
	pages = {11–59},
	publisher = {Lund University Press},
	title = {The {London-Lund Corpus of Spoken English}},
	year = {1990}
}


@article{Greenbaum1988,
	author = {Greenbaum, Sidney},
	journal = {World Englishes},
    number = {3},
    pages = {315},
	title = {A proposal for an international computerized corpus of {English}},
    volume = {7},
	year = {1988},
    doi = {10.1111/j.1467-971X.1988.tb00241.x}
}


@article{Greenbaum1991,
	author = {Greenbaum, Sidney},
	journal = {English Today},
	number = {4},
	pages = {3–7},
	title = {{ICE}: {The International Corpus of English}},
	volume = {7},
	year = {1991},
    doi = {10.1017/S0266078400005836 }
}


@incollection{Greenbaum1992,
	address = {Berlin},
	author = {Greenbaum, Sidney},
	booktitle = {Directions in corpus linguistics},
	editor = {Jan Svartvik},
	pages = {171–179},
	publisher = {Mouton de Gruyter},
	title = {A new corpus of {English}: {{I}}{CE}},
    series = {Trends in Linguistics. Studies and Monographs},
    number = {65},
	year = {1992},
    doi = {10.1515/9783110867275.171}
}


@incollection{Greenbaum1996,
	address = {Oxford},
	author = {Greenbaum, Sidney},
	booktitle = {Comparing {{English}} worldwide: {The International Corpus of English}},
	editor = {Sidney Greenbaum},
	pages = {3–12},
	publisher = {Clarendon Press},
	title = {Introducing {ICE}},
	year = {1996}
}


@book{HallidayMatthiessen2004,
	address = {London},
    edition = {3},
	author = {Halliday, Michael A. K. and Christian M. I. M. Matthiessen},
	publisher = {Arnold},
	title = {An introduction to functional grammar},
	year = {2004},
    doi = {10.4324/9780203783771}
}


@book{HallidayHasan1976,
	address = {London},
	author = {Halliday, Michael A. K. and Ruqaiya Hasan},
	publisher = {Longman},
	title = {Cohesion in {English}},
    series = {English Language Series},
    number = {9},
	year = {1976}
}


@incollection{Hancil2014,
	address = {Amsterdam},
	author = {Hancil, Sylvie},
	booktitle = {Grammaticalization: {Theory} and data},
	editor = {Sylvie Hancil and Ekkehard König},
	pages = {235–255},
	publisher = {John Benjamins},
	title = {The final particle \textit{but} in {British} {English}: {{A}}n instance of cooptation and grammaticalization at work},
    series = {Studies in Language Companion Series},
    number = {162},
	year = {2014},
    doi = {10.1075/slcs.162.12han}
}


@incollection{Harris1988,
	address = {Amsterdam},
	author = {Harris, Martin},
	booktitle = {Clause combining in grammar and discourse},
	editor = {John Haiman and Sandra A. Thompson},
	pages = {71–99},
	publisher = {John Benjamins},
	title = {Concessive clauses in {English} and {Romance}},
    series = {Typological Studies in Language},
    number = {18},
	year = {1988},
    doi = {10.1075/tsl.18.06har}
}


@article{Hawkins1990,
	author = {Hawkins, John A.},
	journal = {Linguistic Inquiry},
	number = {2},
	pages = {223–261},
	title = {A parsing theory of word order universals},
	volume = {21},
	year = {1990}
}


@article{Hawkins1992,
	author = {Hawkins, John A.},
	journal = {Linguistische Berichte},
	pages = {196–219},
	title = {Syntactic weight versus information structure in word order variation},
	year = {1992},
	issuetitle = {{Informationsstruktur und Grammatik}},
	issue = {Sonderhefte, Band 4}
}


@book{Hawkins1994,
	address = {Cambridge},
	author = {Hawkins, John A.},
	publisher = {Cambridge University Press},
	title = {A performance theory of order and constituency},
    series = {Cambridge Studies in Linguistics},
    number = {73},
	year = {1994},
    doi = {10.1017/CBO9780511554285}
}


@article{Hawkins2000,
	author = {Hawkins, John A.},
	journal = {Language Variation and Change},
	pages = {231–266},
	title = {The relative order of prepositional phrases in {English}: {{G}}oing beyond manner – place – time},
	volume = {11},
    number = {3},
	year = {2000},
    doi = {10.1017/S0954394599113012 }
}


@book{HeineKuteva2002,
	address = {Cambridge},
	author = {Heine, Bernd and Tanya Kuteva},
	publisher = {Cambridge University Press},
	title = {World lexicon of grammaticalization},
	year = {2002}
}


@book{Hermodsson1978,
	address = {Uppsala},
	author = {Hermodsson, Lars},
	publisher = {Almqvist \& Wiksell},
	title = {Semantische {Strukturen} der Satzgefüge im kausalen und konditionalen {Bereich}},
    series = {Studia Anglistica Upsaliensia},
    number = {18},
	year = {1978},
	langid={german}
}


@article{Hermodsson1994,
	author = {Hermodsson, Lars},
	journal = {Studia Neophilologia},
	pages = {59–75},
	title = {Der {Begriff} „konzessiv”: {{T}}erminologie und Analysen},
	volume = {66},
    number = {1},
	year = {1994},
	langid={german},
    doi = {10.1080/00393279408588131}
}


@article{Hilpert2007,
	author = {Hilpert, Martin},
	journal = {English Today},
	volume = {23},
	number = {3–4},
	pages = {29–33},
	title = {Just because it’s new doesn’t mean people will notice it},
	year = {2007},
    doi = {10.1017/S0266078407003070}
}


@book{Hilpert2013a,
	address = {Cambridge},
	author = {Hilpert, Martin},
	publisher = {Cambridge University Press},
	title = {Constructional change in {English}: {{D}}evelopments in allomorphy, word formation, and syntax},
    series = {Studies in English Language},
	year = {2013},
    doi = {10.1017/CBO9781139004206}
}


@incollection{Hilpert2013b,
	address = {Oxford},
	author = {Hilpert, Martin},
	booktitle = {The {Oxford Handbook of Construction Grammar}},
	editor = {Thomas Hoffmann and Graeme Trousdale},
	pages = {458–475},
	publisher = {Oxford University Press},
	title = {Corpus-based approaches to constructional change},
	year = {2013},
    doi = {10.1093/oxfordhb/9780195396683.013.0025}
}


@book{Hoffmann2005,
	address = {London},
	author = {Hoffmann, Sebastian},
	publisher = {Routledge},
	title = {Grammaticalization and {English} complex prepositions: {A} corpus-based study},
    series = {Routledge Advances in Corpus Linguistics
},
	year = {2005},
    doi = {10.4324/9780203008225}
}


@book{HoffmannTrousdale2013,
	address = {Oxford},
	booktitle = {The {Oxford} Handbook of Construction Grammar},
	editor = {Hoffmann, Thomas and Graeme Trousdale},
	publisher = {Oxford University Press},
	title = {The {Oxford Handbook of Construction Grammar}},
	year = {2013},
    doi = {10.1093/oxfordhb/9780195396683.001.0001}
}


@book{HoffmannSiebers2009,
	address = {Amsterdam},
	booktitle = {World {Englishes}: {Problems}, properties and prospects ({{S}}elected papers from the 13th {IAWE} conference)},
	editor = {Hoffmann, Thomas and Lucia Siebers},
	publisher = {John Benjamins},
	title = {World {Englishes}: {Problems}, properties and prospects ({{S}}elected papers from the 13th {IAWE} conference)},
	series = {Varieties of {{English}} Around the World},
	number = {G40},
    year = {2009},
    doi = {10.1075/veaw.g40}
}


@book{HopperTraugott2003,
	address = {2nd edn. Cambridge},
	author = {Hopper, Paul J. and Elizabeth C. Traugott},
	publisher = {Cambridge University Press},
	title = {Grammaticalization},
    series = {Cambridge Textbooks in Linguistics
},
	year = {2003},
    doi = {10.1017/CBO9781139165525}
}


@incollection{Hopper1991,
	address = {Amsterdam},
	author = {Hopper, Paul J.},
	booktitle = {Approaches to grammaticalization},
	editor = {Elizabeth C. Traugott and Bernd Heine},
	pages = {17–36},
	publisher = {John Benjamins},
	title = {On some principles of grammaticalization},
    series = {Typological Studies in Language},
    number = {19:1},
	volume = {1},
	year = {1991},
    doi = {10.1075/tsl.19.1.04hop}
}


@book{Hox2010,
	address = {2nd edn. London},
    author = {Hox, Joop},
	publisher = {Routledge},
	title = {Multilevel Analysis: {{T}}echniques and Applications},
    series = {Quantitative Methodology Series
},
	year = {2010},
    doi = {10.4324/9780203852279}
}


@book{Hoyle2012,
	address = {New York},
	booktitle = {Handbook of structural equation modeling},
	editor = {Hoyle, Rick H.},
	publisher = {Guildford Press},
	title = {Handbook of structural equation modeling},
	year = {2012}
}


@book{HuddlestonPullum2002,
	address = {Cambridge},
	author = {Huddleston, Rodney D. and Geoffrey K. Pullum},
	publisher = {Cambridge University Press},
	title = {The {Cambridge Grammar of the English Language}},
	year = {2002},
    doi = {10.1017/9781316423530}
}


@book{HundtGut2012,
	address = {Amsterdam},
	booktitle = {Mapping unity and diversity world-wide: {{C}}orpus-based studies of New {Englishes}},
	editor = {Hundt, Marianne and Ulrike Gut},
	publisher = {John Benjamins},
	title = {Mapping unity and diversity world-wide: {{C}}orpus-based studies of New {Englishes}},
	series = {Varieties of {{English}} Around the World},
	number = {G43},
    year = {2012},
    doi = {10.1075/veaw.g43}
}


@book{HundtEtAl1999,
	address = {Freiburg},
	author = {Hundt, Marianne and Andrea Sand and Paul Skandera},
	url = {http://korpus.uib.no/icame/manuals/frown},
	publisher = {Albert-Ludwigs-Universität Freiburg, Englisches Seminar},
	title = {Manual of information to accompany The {Freiburg-Brown Corpus of American English} (“{Frown}”)},
	urldate = {2021-12-07},
	year = {1999}
}


@book{HundtSiemund1999,
	address = {Freiburg},
	author = {Hundt, Marianne, Andrea Sand and Rainer Siemund},
	url = {http://korpus.uib.no/icame/manuals/flob},
	publisher = {Albert-Ludwigs-Universität Freiburg, Englisches Seminar},
	title = {Manual of information to accompany The {Freiburg}-{LOB} Corpus of {British} {English} (‘{FLOB}’)},
	urldate = {2021-12-07},
	year = {1999}
}


@book{Hundt2004,
	address = {Zürich},
	author = {Hundt, Marianne},
	publisher = {University of Zürich},
	title = {The {B-Brown-1931 Corpus}},
	year = {2004–2013}
}


@incollection{IzutsuIzutsu2014,
	address = {Amsterdam},
	author = {Izutsu, Mitzuko N. and Katsunobu Izutsu},
	booktitle = {Grammaticalization: {Theory} and data},
	editor = {Sylvie Hancil and Ekkehard König},
	pages = {257–285},
	publisher = {John Benjamins},
	title = {“{Final} hanging \textit{but}” in {American} {English}: {{W}}here a formal coordinator meets a functional subordinator},
    series = {Studies in Language Companion Series},
    number = {162},
	year = {2014},
    doi = {10.1075/slcs.162.13izu}
}


@book{Jenkins2000,
	address = {Oxford},
	author = {Jenkins, Jennifer},
	publisher = {Oxford University Press},
	title = {The phonology of {English} as an international language: {{N}}ew models, new norms, new goals},
	year = {2000}
}


@book{Jenkins2007,
	address = {Oxford},
	author = {Jenkins, Jennifer},
	publisher = {Oxford University Press},
	title = {{English} as a lingua franca: {{A}}ttitude and identity},
	year = {2007}
}


@book{Jenkins2015,
	address = {London},
	author = {Jenkins, Jennifer},
	publisher = {Routledge},
	title = {Global {Englishes}: {{A}} resource book for students},
    series = {Routledge English Language Introductions
},
	year = {2015},
    doi = {10.4324/9781315761596}
}


@book{JohanssonEtAl1978,
	url = {http://korpus.uib.no/icame/manuals/lob},
	author = {Johansson, Stig and Geoffrey N. Leech and Helen Goodluck},
	publisher = {University of Oslo, Department of English},
	title = {Manual of information to accompany The {Lancaster}-{Oslo}/{Bergen} {Corpus} of {British} {English}, for Use with Digital Computers},
	year = {1978}
}


@misc{Johnson2014,
	address = {Progress in regression: Why natural language data calls for mixed-effects models},
	author = {Johnson, Daniel E.},
	url = {https://web.archive.org/web/20220808180352/http://www.danielezrajohnson.com/johnson_2014b.pdf},
	urldate = {2021-12-07},
	year = {2014}
}


@book{JohnsonWichern2007,
	address = {Upper Saddle River},
    edition = {6},
	author = {Johnson, Richard A. and Dean W. Wichern},
	publisher = {Pearson Prentice-Hall},
	title = {Applied multivariate statistical analysis},
	year = {2007}
}


@book{Jucker1993,
	address = {Heidelberg},
	booktitle = {The noun phrase in {English}: {{I}}ts structure and variability},
	editor = {Jucker, Andreas},
	publisher = {C. Winter},
	title = {The noun phrase in {English}: {{I}}ts structure and variability},
    series = {Anglistik \& Englischunterricht},
    number = {49},
	year = {1993}
}


@incollection{Kachru1985,
	address = {Cambridge},
	author = {Kachru, Braj B.},
	booktitle = {{English} in the world: {{T}}eaching and learning the language and literatures},
	editor = {Randolph Quirk and Henry G. Widdowson},
	pages = {11–30},
	publisher = {Cambridge University Press},
	title = {Standards, codification and sociolinguistic realism: {{T}}he {English} language in the outer circle},
	year = {1985}
}


@article{Kachru1988,
	author = {Kachru, Braj B.},
	journal = {English Today},
	number = {4},
	pages = {3–8},
	title = {The sacred cows of {English}},
	volume = {4},
	year = {1988},
    doi = {10.1017/S0266078400000973}
}


@book{Kaplan2009,
	address = {2nd edn. Los Angeles},
	author = {Kaplan, David},
	publisher = {Sage},
	title = {Structural equation modeling: {{F}}oundations and extensions},
    series = {Advanced Quantitative Techniques in the Social Sciences},
    number = {10},
	year = {2009},
    doi = {10.4135/9781452226576}
}


@article{KirkNelson2018,
	author = {Kirk, John and Gerald Nelson},
	journal = {World Englishes},
	number = {4},
	pages = {697–716},
	title = {The {International Corpus of English} project: {{A}} progress report},
	volume = {37},
	year = {2018},
    doi = {10.1111/weng.12350}
}


@incollection{Kjellmer2009,
	address = {Cambridge},
	author = {Kjellmer, Göran},
	booktitle = {{One} language, two grammars? {{D}}ifferences between {British} and {American} {English}},
	editor = {Günter Rohdenburg and Julia Schlüter},
	pages = {246–256},
	publisher = {Cambridge University Press},
	sortname = {Kjellmer, Goran},
	title = {The revived subjunctive},
    series = {Studies in English Language
},
	year = {2009},
    doi = {10.1017/CBO9780511551970.014}
}


@article{KochOesterreicher1985,
	author = {Koch, Peter and Wulf Oesterreicher},
	journal = {Romanistisches Jahrbuch},
	pages = {15–43},
	title = {Sprache der Nähe – Sprache der Distanz: Mündlichkeit und Schriftlichkeit im Spannungsfeld von Sprachtheorie und Sprachgeschichte},
	volume = {36},
    number = {1},
	langid = {german},
	year = {1985},
    doi = {10.1515/9783110244922.15}
}


@incollection{KönigTraugott1988,
	address = {Tübingen},
	author = {König, Ekkehard and Elizabeth C. Traugott},
	booktitle = {Understanding the lexicon: {{M}}eaning, sense and world knowledge in lexical semantics},
	editor = {Werner Hüllen and Rainer Schulze},
	pages = {110–124},
	publisher = {Niemeyer},
	sortname = {Konig, Ekkehard and Elizabeth C. Traugott},
	title = {Pragmatic strengthening and semantic change: {{T}}he conventionalizing of conversational implicature},
    series = {Linguistische Arbeiten},
    number = {210},
	year = {1988},
    doi = {10.1515/9783111355191.110}
}


@incollection{KönigEisenberg1984,
	address = {Düsseldorf},
	author = {König, Ekkehard and Peter Eisenberg},
	booktitle = {{Pragmatik} in der {Grammatik}: Jahrbuch 1983 des Instituts für {Deutsche} {Sprache}},
	editor = {Gerhard Stickel},
	pages = {313–332},
	publisher = {Schwann-Bagel},
	sortname = {Konig, Ekkehard and Peter Eisenberg},
	title = {Zur Pragmatik von Konzessivsätzen},
    series = {Sprache der Gegenwart},
    number = {60},
	year = {1984},
	langid = {german}
}


@incollection{KönigSiemund2000,
	address = {Berlin},
	author = {König, Ekkehard and Peter Siemund},
	booktitle = {Cause – condition – concession – contrast: {{C}}ognitive and discourse perspectives},
	editor = {Elizabeth Couper-Kuhlen and Bernd Kortmann},
	pages = {341–360},
	publisher = {Mouton de Gruyter},
	sortname = {Konig, Ekkehard and Peter Siemund},
	title = {Causal and concessive clauses: {{F}}ormal and semantic relations},
    series = {Topics in English Linguistics},
    number = {33},
	year = {2000},
    doi = {10.1515/9783110219043.4.341}
}


@article{König1985,
	author = {König, Ekkehard},
	journal = {Lingua},
	number = {1},
	pages = {1–19},
	sortname = {Konig, Ekkehard},
	title = {On the history of concessive connectives in {English}: {{D}}iachronic and synchronic evidence},
	volume = {66},
	year = {1985},
    doi = {10.1016/S0024-3841(85)90240-2}
}


@incollection{König1988,
	address = {Oxford},
	author = {König, Ekkehard},
	booktitle = {Explaining language universals},
	editor = {John A. Hawkins},
	pages = {145–166},
	publisher = {Blackwell},
	sortname = {Konig, Ekkehard},
	title = {Concessive connectives and concessive sentences: {{C}}ross-linguistic regularities and pragmatic principles},
	year = {1988}
}


@incollection{König1991a,
	address = {Berlin},
	author = {König, Ekkehard},
	booktitle = {Semantic universals and universal semantics},
	editor = {Dietmar Zaefferer},
	pages = {190–209},
	publisher = {Foris Publications},
	sortname = {Konig, Ekkehard},
	title = {Concessive relations as the dual of causal relations},
    series = {Groningen-Amsterdam Studies in Semantics},
    number = {12},
	year = {1991},
    doi = {10.1515/9783110870527-010}
}


@incollection{König1991b,
	address = {Berlin},
	author = {König, Ekkehard},
	booktitle = {Semantics: An international handbook of contemporary research},
	series = {Handbooks of Linguistics and Communication Science},
	number = {6},
	editor = {Arnim von Stechow and Dieter Wunderlich},
	pages = {631–639},
	publisher = {Mouton de Gruyter},
	sortname = {Konig, Ekkehard},
	title = {Konzessive Konjunktionen},
	langid={german},
	year = {1991},
    doi = {10.1515/9783110126969.7.631}
}


@incollection{König1994,
	address = {Oxford},
	author = {König, Ekkehard},
	booktitle = {The {Encyclopedia of Language and Linguistics}},
	editor = {R. E. Asher},
	pages = {679–681},
	publisher = {Pergamon Press},
	sortname = {Konig, Ekkehard},
	title = {Concessive clauses},
	volume = {2},
    year = {1994}
}


@incollection{König2006,
	address = {Amsterdam},
	author = {König, Ekkehard},
	booktitle = {{Encyclopedia of Language and Linguistics}},
	editor = {Keith Brown},
	pages = {820–824},
	publisher = {Elsevier},
	sortname = {Konig, Ekkehard},
	title = {Concessive clauses},
	volume = {2},
	year = {2006}
}


@incollection{KortmannSzmrecsanyi2011,
	address = {Berlin},
	author = {Kortmann, Bernd and Benedikt Szmrecsanyi},
	booktitle = {Linguistic universals and language variation},
	editor = {Peter Siemund},
	pages = {264–290},
	publisher = {Mouton de Gruyter},
	title = {Parameters of morphosyntactic variation in {World Englishes}: {{P}}rospects and limitations of searching for universals},
    series = {Trends in Linguistics. Studies and Monographs},
    number = {231},
	year = {2011},
    doi = {10.1515/9783110238068.264}
}


@misc{KortmannEtAl2020,
	editor = {Kortmann, Bernd and Kerstin Lunkenheimer and Katharina Ehret},
	doi = {10.5281/zenodo.3712132},
	url = {https://ewave-atlas.org},
	title = {{The Electronic World Atlas of Varieties of English}},
	urldate = {2021-12-07},
	year = {2020}
}


@book{Kortmann1996,
	address = {Berlin},
	author = {Kortmann, Bernd},
	publisher = {Mouton de Gruyter},
	title = {Adverbial subordination: {{A}} typology and history of adverbial subordinators based on {European} languages},
    series = {Empirical Approaches to Language Typology},
    number = {18},
	year = {1996},
    doi = {10.1515/9783110812428}
}


@article{Krifka2008,
	author = {Krifka, Manfred},
	journal = {Acta Linguistica Hungarica},
	number = {3–4},
    pages = {243–276},
    title = {Basic notions of information structure},
	volume = {55},
    year = {2008},
    doi = {10.1556/ALing.55.2008.3-4.2}
}


@book{Krug2000,
	address = {Berlin},
	author = {Krug, Manfred},
	publisher = {Mouton de Gruyter},
	title = {Emerging {English} modals: {{A}} corpus-based study of grammaticalization},
	series = {Topics in English Linguistics},
    number = {32},
    year = {2000},
    doi = {10.1515/9783110820980}
}


@book{Kruschke2015,
	address = {Amsterdam},
    edition = {2},
	author = {Kruschke, John K.},
	publisher = {Elsevier},
	title = {Doing {Bayesian} data analysis: {{A}} tutorial with {R}, {JAGS}, and {Stan}},
	year = {2015}
}


@article{Laitinen2010,
	author = {Laitinen, Mikko},
	journal = {English Today},
	number = {1},
	pages = {26–33},
	title = {Describing “orderly differentiation”: {{C}}ompiling the Corpus of {English} in {Finland}},
	volume = {26},
	year = {2010},
    doi = {10.1017/S0266078409990459}
}


@book{Lambrecht1994,
	address = {Cambridge},
	author = {Lambrecht, Knud},
	publisher = {Cambridge University Press},
	title = {Information structure and sentence form: {T}opic, focus, and the mental representations of discourse referents},
    series = {Cambridge Studies in Linguistics},
    number = {71},
	year = {1996},
    doi = {10.1017/CBO9780511620607}
}


@incollection{Lang2000,
	address = {Berlin},
	author = {Lang, Ewald},
	booktitle = {Cause – condition – concession – contrast: {{C}}ognitive and discourse perspectives},
	editor = {Elizabeth Couper-Kuhlen and Bernd Kortmann},
	pages = {235–256},
	publisher = {Mouton de Gruyter},
	title = {Adversative connectors on distinct levels of discourse: {{A}} re-examination of {Eve Sweetser}’s three-level approach},
	series = {Topics in English Linguistics},
    number = {33},
    year = {2000},
    doi = {10.1515/9783110219043-010}
}


@incollection{Langacker1985,
	address = {Amsterdam},
	author = {Langacker, Ronald W.},
	booktitle = {Iconicity in syntax},
	editor = {John Haiman},
	pages = {109–150},
	publisher = {John Benjamins},
	title = {Observations and speculations on subjectivity},
    series = {Typological Studies in Language},
    number = {6},
	year = {1985},
    doi = {10.1075/tsl.6.07lan}
}


@book{Langacker1987,
	address = {Stanford},
	author = {Langacker, Ronald W.},
	publisher = {Stanford University Press},
	title = {Foundations of Cognitive Grammar},
	volume = {1: \textit{{T}heoretical prerequisites}},
	year = {1987}
}


@incollection{Langacker1988,
	address = {Amsterdam},
	author = {Langacker, Ronald W.},
	booktitle = {Topics in Cognitive Linguistics},
	editor = {Brygida Rudzka-Ostyn},
	pages = {127–161},
	publisher = {John Benjamins},
	title = {A usage-based model},
    series = {Current Issues in Linguistic Theory},
    number = {50},
	year = {1988},
    doi = {10.1075/cilt.50.06lan}
}


@article{Langacker1990,
	author = {Langacker, Ronald W.},
	journal = {Cognitive Linguistics},
	number = {1},
	pages = {5–38},
	title = {Subjectification},
	volume = {1},
	year = {1990},
    doi = {10.1515/cogl.1990.1.1.5}
}


@article{LeechSmith2005,
	author = {Leech, Geoffrey and Nicholas Smith},
	journal = {ICAME Journal},
	pages = {83–98},
	title = {Extending the possibilities of corpus-based research in the twentieth century: {{A}} prequel to {LOB} and {FLOB}},
	volume = {29},
	year = {2005}
}


@incollection{Leitner1992,
	address = {Berlin},
	author = {Leitner, Gerhard},
	booktitle = {Pluricentric languages: {{D}}iffering norms in different nations},
	editor = {Michael Clyne},
	pages = {179–237},
	publisher = {Mouton de Gruyter},
	title = {{English} as a pluricentric language},
    series = {Contributions to the Sociology of Language},
    number = {62},
	year = {1992},
    doi = {10.1515/9783110888140.179}
}


@book{Lenker2010,
	address = {Berlin},
	author = {Lenker, Ursula},
	publisher = {Mouton de Gruyter},
	title = {Argument and rhetoric: {{A}}dverbial connectors in the history of {English}},
    series = {Topics in English Linguistics},
    number = {64},
	year = {2010},
    doi = {10.1515/9783110216066}
}


@book{Linell2005,
	address = {London},
	author = {Linell, Per},
	publisher = {Routledge},
	title = {The written language bias in linguistics: {{I}}ts nature, origins and transformations},
    series = {Routledge Advances in Communication and Linguistic Theory},
	year = {2005},
    doi = {10.4324/9780203342763}
}


@book{Long1997,
	address = {Thousand Oaks},
	author = {Long, J. Scott},
	publisher = {Sage},
	title = {Regression models for categorical and limited dependent variables},
    series = {Advanced Quantitative Techniques in the Social Sciences},
    number = {7},
	year = {1997}
}


@incollection{Long2015,
	address = {London},
	author = {Long, J. Scott},
	booktitle = {The {Sage Handbook of Regression Analysis and Causal Inference}},
	editor = {Henning Best and Christof Wolf},
	pages = {173–204},
	publisher = {Sage},
	title = {Regression models for nominal and ordinal outcomes},
	year = {2015},
    doi = {10.4135/9781446288146}
}


@book{Luke2004,
	address = {Thousand Oaks},
	author = {Luke, Douglas A.},
	publisher = {Sage},
	title = {Multilevel modeling},
    series = {Quantitative Applications in the Social Sciences},
    number = {143},
	year = {2004},
    doi = {10.4135/9781412985147}
}


@book{May2012,
	address = {London},
	author = {May, Peter},
	publisher = {Quercus},
	title = {The {Lewis Man}},
	year = {2012}
}


@incollection{McArthur1979,
	address = {Edinburgh},
	author = {McArthur, Tom},
	booktitle = {Languages of {Scotland}},
	editor = {Adam J. Aitken and Tom McArthur},
	pages = {50–67},
	publisher = {Chambers},
	title = {The status of {English} in and furth of {Scotland}},
    series = {Occasional Papers of the Association for Scottish Literary Studies},
    number = {4},
	year = {1979}
}


@article{McArthur1987,
	author = {McArthur, Tom},
	journal = {English Today},
	pages = {9–11},
    title = {The {English Languages}?},
    number = {3},
	volume = {3},
	year = {1987},
    doi = {10.1017/S0266078400013511}
}


@book{McArthur1998,
	address = {Cambridge},
	author = {McArthur, Tom},
	publisher = {Cambridge University Press},
	title = {The {English} Languages},
	year = {1998},
    doi = {10.1017/9780511621048}
}


@article{McArthur2003,
	author = {McArthur, Tom},
	journal = {English Today},
	number = {1},
	pages = {54–58},
	title = {World {{{English}}}, {Euro}-{{{English}}}, {Nordic} {{{English}}}},
	volume = {19},
	year = {2003},
    doi = {10.1017/S026607840300107X}
}


@book{McElreath2020,
	address = {2nd edn. Boca Raton},
	author = {McElreath, Richard},
	publisher = {CRC Press},
	title = {Statistical rethinking: {{A}} {Bayesian} course with examples in {{R}} and {Stan}},
    series = {Texts in Statistical Science},
	year = {2020},
    doi = {10.1201/9780429029608}
}


@book{MesthrieBhatt2008,
	address = {Cambridge},
	author = {Mesthrie, Rajend and Rakesh M. Bhatt},
	publisher = {Cambridge University Press},
	title = {World {Englishes}: {{T}}he study of new linguistic varieties},
    series = {Key Topics in Sociolinguistics},
    year = {2008},
    doi = {10.1017/CBO9780511791321}
}


@article{Mesthrie2003,
	author = {Mesthrie, Rajend},
	journal = {World Englishes},
	number = {4},
	pages = {449–461},
	title = {The {World Englishes} paradigm and contact linguistics: {{R}}efurbishing the foundations},
	volume = {22},
	year = {2003},
    doi = {10.1111/j.1467-971X.2003.00312.x}
}


@article{Meurman-Solin2001,
	author = {Meurman-Solin, Anneli},
	journal = {European Journal of English Studies},
	number = {2},
	pages = {241–256},
	title = {Genre as a variable in socio-historical linguistics},
	volume = {5},
	year = {2001},
    doi = {10.1076/ejes.5.2.241.7311}
}


@book{MillerWeinert1998,
	address = {Oxford},
	author = {Miller, Jim and Regina Weinert},
	publisher = {Clarendon Press},
	title = {Spontaneous spoken language: {{S}}yntax and discourse},
	year = {1998}
}


@article{Modiano1999,
	author = {Modiano, Marko},
	journal = {English Today},
	number = {4},
	pages = {3–13},
	title = {{Standard} {English}(es) and educational practices for the world’s lingua franca},
	volume = {15},
	year = {1999},
    doi = {10.1017/S0266078400011196}
}


@article{Moessner2001,
	author = {Moessner, Lilo},
	journal =  {European Journal of English Studies},
	number = {2},
	pages = {131–138},
    title = {Genre, text type, style, register: {A} terminological maze?},
	volume = {5},
	year = {2001},
    doi = {10.1076/ejes.5.2.131.7312}
}


@book{MolenberghsVerbeke2005,
	address = {New York},
	author = {Molenberghs, Geert and Geert Verbeke},
	publisher = {Springer},
	title = {Models for Discrete Longitudinal Data},
    series = {Springer Series in Statistics},
	year = {2005},
    doi = {10.1007/0-387-28980-1}
}


@book{Mondorf2004,
	address = {Tübingen},
	author = {Mondorf, Britta},
	publisher = {Niemeyer},
	title = {Gender differences in {English} syntax},
	series = {Linguistische Arbeiten},
    number = {491},
    year = {2004},
    doi = {10.1515/9783110943375}
}


@article{MukherjeeSchilkBernaisch2010,
	author = {Mukherjee, Joybrato and Marco Schilk and Tobias Bernaisch},
	journal = {ICAME Journal},
	pages = {64–77},
	title = {Compiling the {Sri} {Lankan} component of {ICE}: {{P}}rinciples, problems, prospects},
	volume = {34},
	year = {2010}
}


@incollection{MulderThompson2008,
	address = {Amsterdam},
	author = {Mulder, Jean and Sandra A. Thompson},
	booktitle = {Crosslinguistic studies of clause combining: {T}he multifunctionality of conjunctions},
	editor = {Laury Ritva},
	pages = {179–204},
	publisher = {John Benjamins},
	title = {The grammaticization of \textit{but} as a final particle in {English} conversation},
    series = {Typological Studies in Language},
    number = {80},
	year = {2008},
    doi = {10.1075/tsl.80.09mul}
}


@incollection{MulderEtAl2009,
	address = {Amsterdam},
	author = {Mulder, Jean and Sandra A. Thompson and Cara Penry Williams},
	booktitle = {Comparative studies in {Australian} and {New Zealand English}: {{G}}rammar and beyond},
	editor = {Pam Peters and Peter Collins and Adam Smith},
	pages = {337–358},
	publisher = {John Benjamins},
	title = {Final \textit{but} in {Australian} {English} conversation},
	series = {Varieties of {{English}} Around the World},
	number = {G39},
    year = {2009},
    doi = {10.1075/veaw.g39.19mul}
}


@book{NelsonWallisAarts2002,
	address = {Amsterdam},
	author = {Nelson, Gerald and Sean Wallis and Bas Aarts},
	publisher = {John Benjamins},
	title = {Exploring natural language: {{W}}orking with the {British} component of the {International Corpus of English}},
	series = {Varieties of {{English}} Around the World},
	number = {G29},
    year = {2002},
    doi = {10.1075/veaw.g29}
}


@misc{Nelson2002a,
	url = {https://www.ice-corpora.uzh.ch/dam/jcr:72c70d5a-8da8-496f-b8dc-5fb66986c87c/spoken},
	author = {Nelson, Gerald},
	title = {International {Corpus of English}: {{M}}arkup manual for spoken texts},
	urldate = {2021-12-07},
	year = {2002}
}


@misc{Nelson2002b,
	url = {https://www.ice-corpora.uzh.ch/dam/jcr:df7b1e8f-005f-4346-903b-c77b6c1da66a/written},
	author = {Nelson, Gerald},
	title = {International {Corpus of English}: {{M}}arkup manual for written texts},
	urldate = {2021-12-07},
	year = {2002}
}


@incollection{ÖstmanFried2005,
	address = {Amsterdam},
	author = {Östman, Jan-Ola and Mirjam Fried},
	booktitle = {Construction {Grammars}: {{C}}ognitive grounding and theoretical extensions},
	editor = {Jan-Ola Östman and Mirjam Fried},
	pages = {1–13},
	publisher = {John Benjamins},
	sortname = {Ostman, Jan-Ola and Mirjam Fried},
	title = {The cognitive grounding of {Construction Grammar}},
    series = {Constructional Approaches to Language},
    number = {3},
	year = {2005},
    doi = {10.1075/cal.3.01ost}
}


@book{Pastor-Gómez2011,
	address = {Frankfurt am Main},
	author = {Pastor-Gómez, Iria},
	publisher = {Peter Lang},
	sortname = {Pastor-Gomez, Iria},
	title = {The status and development of {N+N} sequences in {Contemporary English} noun phrases},
    series = {Linguistic Insights},
    number = {126},
	year = {2011},
    doi = {10.3726/978-3-0351-0193-5}
}


@book{Pennycook1994,
	address = {London},
	author = {Pennycook, Alastair},
	publisher = {Longman},
	title = {The cultural politics of {English} as an international language},
    series = {Language In Social Life},
	year = {1994},
    doi = {10.4324/9781315843605}
}


@book{Phillips2006,
	address = {Basingstoke},
	author = {Phillips, Betty S.},
	publisher = {Palgrave Macmillan},
	title = {Word frequency and lexical diffusion},
    series = {Palgrave Studies in Language History and Language Change},
	year = {2006},
    doi = {10.1057/9780230286610}
}


@book{PlattEtAl1984,
	title = {The New {Englishes}},
	author = {Platt, John and Heidi Weber and Ho Mian Lian},
	publisher = {Routledge and Kegan Paul},
	location = {London},
	year = {1984},
	ids = {PlattWeberHo1984}
}


@book{QuirkEtAl1985,
	ids = {QuirkSvartvik1985},
	address = {London},
	author = {Quirk, Randolph and Sidney Greenbaum and Geoffrey Leech and Jan Svartvik},
	publisher = {Arnold},
	title = {A {Comprehensive Grammar of the English Language}},
	year = {1985}
}


@book{Quirk1954,
	address = {New Haven},
	author = {Quirk, Randolph},
	publisher = {Yale University Press},
	title = {The concessive relation in {Old} {English} poetry},
	year = {1954}
}


@incollection{Quirk1985,
	address = {Cambridge},
	author = {Quirk, Randolph},
	booktitle = {{English} in the world. {{T}}eaching and learning the language and literatures},
	editor = {Randolph Quirk and Henry G. Widdowson},
	pages = {1–6},
	publisher = {Cambridge University Press},
	title = {The {English} language in a global context},
	year = {1985}
}


@misc{RDevelopmentCoreTeam2021,
	author = {{R Core Team}},
	title = {R: {{A}} language and environment for statistical computing},
    note = {Version 4.1.1.},
	url = {https://www.r-project.org},
	urldate = {2021-12-07},
	year = {2021},
	options={indexing=false}
}


@book{Radford1981,
	address = {Cambridge},
	author = {Radford, Andrew},
	publisher = {Cambridge University Press},
	title = {Transformational syntax: {{A}} student’s guide to {Chomsky’s} {Extended} {Standard} {Theory}},
    series = {Cambridge Textbooks in Linguistics},
	year = {1981}
}


@book{RaudenbushBryk2002,
	address = {2nd edn. Thousand Oaks},
	author = {Raudenbush, Stephen W. and Anthony S. Bryk},
	publisher = {Sage},
	title = {Hierarchical linear models: {{A}}pplications and data analysis methods},
    series = {Advanced Quantitative Techniques in the Social Sciences},
    number = {1},
	year = {2002}
}


@incollection{Rissanen2002,
	address = {Tübingen},
	author = {Rissanen, Matti},
	booktitle = {Text types and corpora: {{S}}tudies in honour of {Udo} {Fries}},
	editor = {Andreas Fischer and Gunnel Tottie and Hans Martin Lehmann},
	pages = {191–203},
	publisher = {Narr},
	title = {{\textit{Despite}} or \textit{notwithstanding}? {{O}}n the development of concessive prepositions in {English}},
	year = {2002}
}


@misc{RStudioTeam2009,
	author = {{RStudio Team}},
    title = {{RStudio}: {Integrated} development for {R}},
    note = {Version 1.4.1717},
	url = {https://www.rstudio.com},
	urldate = {2021-12-07},
	year = {2009–2021},
	options={indexing=false}
}


@book{Rudolph1996,
	address = {Berlin},
	author = {Rudolph, Elisabeth},
	publisher = {Mouton de Gruyter},
	title = {Contrast: {{A}}dversative and concessive relations and their expressions in {English}, {German}, {Spanish}, {Portuguese} on sentence and text level},
    series = {Research in Text Theory},
    number = {23},
	year = {1996},
    doi = {10.1515/9783110815856}
}


@misc{SarkarAndrews2019,
	author = {Sarkar, Deepayan and Felix Andrews},
	url = {https://cran.r-project.org/web/packages/latticeExtra/latticeExtra.pdf},
	title = {{l}attice{E}xtra: {{{E}}}xtra graphical utilities based on lattice},
    note = {R package version 0.6-30},
	urldate = {2021-12-07},
	year = {2019}
}


@book{Sarkar2008,
	address = {Berlin},
	author = {Sarkar, Deepayan},
	publisher = {Springer},
	title = {Lattice: {{M}}ultivariate data visualization with {R}},
    series = {Use R!},
	year = {2008},
    doi = {10.1007/978-0-387-75969-2}
}


@misc{Sarkar2021,
	author = {Sarkar, Deepayan},
	url = {https://cran.r-project.org/web/packages/lattice/lattice.pdf},
	title = {{l}attice: {{T}}rellis graphics for {R}},
    note = {R package version 0.20-44},
	urldate = {2021-12-07},
	year = {2021}
}


@incollection{Schlüter2009,
	address = {Cambridge},
	author = {Schlüter, Julia},
	booktitle = {{One} language, Two grammars? {{D}}ifferences between {British} and {American} {English}},
	editor = {Günter Rohdenburg and Julia Schlüter},
	pages = {277–305},
	publisher = {Cambridge University Press},
	sortname = {Schluter, Julia},
	title = {The conditional subjunctive},
    series = {Studies in English Language},
	year = {2009},
    doi = {10.1017/CBO9780511551970.016}
}


@article{Schneider2003,
	author = {Schneider, Edgar W.},
	journal = {Language},
	number = {2},
	pages = {233–281},
	title = {The dynamics of New {Englishes}: {{F}}rom identity construction to dialect birth},
	volume = {79},
	year = {2003},
    doi = {10.1353/lan.2003.0136}
}


@book{Schneider2007,
	address = {Cambridge},
	author = {Schneider, Edgar W.},
	publisher = {Cambridge University Press},
	title = {Postcolonial {English}: {{V}}arieties around the world},
    series = {Cambridge Approaches to Language Contact},
	year = {2007},
    doi = {10.1017/CBO9780511618901}
}


@book{Schneider2011,
	address = {Cambridge},
	author = {Schneider, Edgar W.},
	publisher = {Cambridge University Press},
	title = {{English} around the world: {{A}}n introduction},
    series = {Cambridge Introductions to the English Language},
    year = {2011},
    doi = {10.1017/CBO9780511781711}
}


@article{Schneider2014,
	author = {Schneider, Edgar W.},
	journal = {World Englishes},
	number = {1},
	pages = {9–32},
	title = {New reflections on the evolutionary dynamics of {World Englishes}},
	volume = {33},
	year = {2014},
    doi = {10.1111/weng.12069}
}


@incollection{SchützlerEtAl2017,
	address = {Berlin},
	author = {Schützler, Ole and Ulrike Gut and Robert Fuchs},
	booktitle = {Perspectives on {Northern} {{English}}},
	series = {Topics in {{English}} Linguistics},
	number = {96},
	editor = {Joan C. Beal and Sylvie Hancil},
	pages = {273–302},
	publisher = {Mouton de Gruyter},
	sortname = {Schutzler, Ole and Ulrike Gut and Robert Fuchs},
	title = {New perspectives on {{Scottish}} {Standard} {{English}}: {{I}}ntroducing the {{Scottish}} component of the {International Corpus} of {{English}}},
	doi = {10.1515/9783110450903-012},
    year = {2017},
	ids = {SchützlerGutFuchs2017},
    doi = {10.1515/9783110450903-012}
}


@book{Schützler2015,
	address = {Amsterdam},
	author = {Schützler, Ole},
	publisher = {John Benjamins},
	sortname = {Schutzler, Ole},
	title = {A sociophonetic approach to {Scottish} {Standard} {{English}}},
	series = {Varieties of {{English}} Around the World},
	number = {G53},
	year = {2015},
    doi = {10.1075/veaw.g53}
}


@incollection{Schützler2017,
	address = {Amsterdam},
	author = {Schützler, Ole},
	booktitle = {Language variation – {{Europe}an} perspectives {VI}: {{S}}elected papers from the {Eighth International Conference on Language Variation in Europe} ({ICL}a{VE} 8), {Leipzig}, {M}ay 2015},
	series = {Studies in Language Variation},
	number = {19},
	editor = {Isabelle Buchstaller and Beat Siebenhaar},
	pages = {173–184},
	publisher = {John Benjamins},
	sortname = {Schutzler, Ole},
	title = {A corpus-based study of concessive conjunctions in three {L1}-varieties of {English}},
    doi = {10.1075/silv.19.11sch},
	year = {2017},
}


@article{Schützler2018a,
	author = {Schützler, Ole},
	journal = {English Language and Linguistics},
	number = {1},
	pages = {101–122},
	sortname = {Schutzler, Ole},
	title = {Grammaticalisation and information structure: {{T}}wo perspectives on diachronic changes of \textit{notwithstanding} in written {American} {English}},
	volume = {22},
	year = {2018},
    doi = {10.1017/s1360674316000411}
}


@incollection{Schützler2018b,
	address = {Amsterdam},
	author = {Schützler, Ole},
	booktitle = {Diachronic corpora, genre, and language change},
	series = {Studies in Corpus Linguistics},
	number = {85},
	editor = {Richard J. Whitt},
	pages = {195–218},
	publisher = {John Benjamins},
	sortname = {Schutzler, Ole},
	title = {Concessive conjunctions in written {American} {English}: {{D}}iachronic and genre-related changes in frequency and semantics},
	year = {2018},
    doi = {10.1075/scl.85.09sch}
}


@thesis{Schützler2018c,
	school = {University of Bamberg},
	author = {Schützler, Ole},
	type = {Postdoctoral thesis},
	sortname = {Schutzler, Ole},
	title = {Concessive constructions in varieties of {English}},
	year = {2018}
}


@incollection{Schützler2019,
	address = {Amsterdam},
	author = {Schützler, Ole},
	booktitle = {Developments in {English} historical morpho-syntax},
	series = {Current Issues in Linguistic Theory},
	number = {346},
	editor = {Claudia Claridge and Birte Bös},
	pages = {247–268},
	publisher = {John Benjamins},
	sortname = {Schutzler, Ole},
	title = {Variation and change at the interface of syntax and semantics: {{C}}oncessive clauses in {American} {English}},
	year = {2019},
    doi = {10.1075/cilt.346.12sch}
}


@article{Schützler2020a,
	author = {Schützler, Ole},
	doi = {10.1016/j.langsci.2019.101266},
	title = {Frequency changes and stylistic levelling of \textit{though} in diachronic and synchronic varieties of {English}: {Linguistic} democratisation?},
	journal = {Language Sciences},
    number = {101266},
	sortname = {Schutzler, Ole},
	volume = {79},
	year = {2020}
}


@article{Schützler2020b,
	author = {Schützler, Ole},
	journal = {World Englishes},
	doi = {10.1111/weng.12484},
	pages = {443–461},
	sortname = {Schutzler, Ole},
	title = {\textit{Although}-constructions in varieties of {English}},
	volume = {39},
    number = {3},
	year = {2020}
}


@book{Schützler2021,
	author = {Schützler, Ole},
	doi = {10.18710/1JMFVR},
	publisher = {DataverseNO},
	location = {Tromsø},
	sortname = {Schutzler, Ole},
	title = {Concessive constructions in varieties of {English}: {{C}}orpus data},
	year = {2021}
}


@incollection{Schützler2022,
	address = {Cambridge},
	author = {Schützler, Ole},
	booktitle = {Data and methods in corpus linguistics: {Comparative} approaches},
	editor = {Ole Schützler and Julia Schlüter},
	pages = {259–288},
	publisher = {Cambridge University Press},
	sortname = {Schutzler, Ole},
	title = {Comparing methods for the evaluation of cluster structures in multi­di­men­sion­al analyses: {{C}}oncessive constructions in varieties of {English}},
	year = {2022},
    doi = {10.1017/9781108589314.010}
}



@book{Seidlhofer2011,
	address = {Oxford},
	author = {Seidlhofer, Barbara},
	publisher = {Oxford University Press},
	title = {Understanding {English} as a lingua franca},
	year = {2011}
}


@book{SeoaneSuárez-Gómez2016,
	address = {Amsterdam},
	booktitle = {World {Englishes}: {{N}}ew theoretical and methodological considerations},
	editor = {Seoane, Elena and Cristina Suárez-Gómez},
	publisher = {John Benjamins},
	sortname = {Seoane, Elena and Cristina Suarez-Gomez},
	title = {World {Englishes}: {{N}}ew theoretical and methodological considerations},
	series = {Varieties of {{English}} Around the World},
	number = {G57},
    year = {2016},
    doi = {10.1075/veaw.g57}
}


@incollection{Shikano2015,
	address = {London},
	author = {Shikano, Susumu},
	booktitle = {The {Sage Handbook of Regression Analysis and Causal Inference}},
	editor = {Henning Best and Christof Wolf},
	pages = {31–54},
	publisher = {Sage},
	title = {{Bayesian} estimation of regression models},
	year = {2015},
    doi = {10.4135/9781446288146}
}


@incollection{SmitterbergKytö2015,
	address = {Stockholm},
	author = {Smitterberg, Erik and Merja Kytö},
	booktitle = {From clerks to corpora: {{{E}}}ssays on the {E}nglish language yesterday and today},
	editor = {Philip Shaw and Britt Erman and Gunnel Melchers and Peter Sundkvist},
	pages = {117–133},
	publisher = {Stockholm University Press},
	sortname = {Smitterberg, Erik and Merja Kyto},
	title = {{English} genres in diachronic corpus linguistics},
    series = {Stockholm English Studies},
    number = {2},
	year = {2015},
    doi = {10.16993/bab.g}
}


@book{SnijdersBosker1999,
	address = {London},
	author = {Snijders, Tom A. B. and Roel J. Bosker},
	publisher = {Sage},
	title = {Multilevel analysis: {{A}}n introduction to basic and advanced multilevel modelling},
	year = {1999}
}


@incollection{SönningSchlüter2022,
	address = {Cambridge},
	author = {Sönning, Lukas and Julia Schlüter},
	booktitle = {Data and methods in corpus linguistics: {Comparative} approaches},
	editor = {Ole Schützler and Julia Schlüter},
	pages = {17–45},
	publisher = {Cambridge University Press},
	sortname = {Sonning, Lukas and Julia Schluter},
	title = {Comparing standard reference corpora and {Google Books Ngrams}: {{S}}trengths, limitations and synergies in the contrastive study of variable \textit{h-} in {British} and {American} {English}},
	year = {2022},
    doi = {10.1017/9781108589314.002}
}


@phdthesis{Sönning2020,
	author = {Sönning, Lukas},
	doi = {10.20378/irb-49135},
	school = {University of Bamberg},
	title = {Phonological variation in {German} Learner {English}},
	year = {2020}
}


@incollection{SpeelmanHeylenGeeraerts2018,
	address = {New York},
	author = {Speelman, Dirk and Kris Heylen and Dirk Geeraerts},
	booktitle = {Mixed-effects regression models in linguistics},
	editor = {Dirk Speelman and Kris Heylen and Dirk Geeraerts},
	pages = {1–10},
	publisher = {Springer},
	title = {Introduction},
    series = {Quantitative Methods in the Humanities and Social Sciences},
	year = {2018},
    doi = {10.1007/978-3-319-69830-4_1}
}


@misc{StanDevelopmentTeam2011,
	author = {{Stan Development Team}},
	url = {https://mc-stan.org/docs/2_27/stan-users-guide/index.html},
	title = {Stan User’s Guide},
    note = {Version 2.27},
	urldate = {2021-12-07},
	year = {2011–2019}
}


@book{SvartvikQuirk1980,
	address = {Lund},
	booktitle = {A Corpus of {English} Conversation},
	editor = {Svartvik, Jan and Randolph Quirk},
	publisher = { Gleerup},
	title = {A Corpus of {English} Conversation},
    series = {Lund Studies in English},
    number = {56},
	year = {1980}
}


@book{Sweetser1990,
	address = {Cambridge},
	author = {Sweetser, Eve E.},
	publisher = {Cambridge University Press},
	title = {From etymology to pragmatics: {{M}}etaphorical and cultural aspects of semantic structure},
    series = {Cambridge Studies in Linguistics},
    number = {54},
	year = {1990},
    doi = {10.1017/CBO9780511620904}
}


@incollection{ThompsonEtAl2007,
	address = {Cambridge},
	author = {Thompson, Sandra A. and Robert E. Longacre and Shin Ja J. Hwang},
	booktitle = {Language typology and syntactic description},
	editor = {Timothy Shopen},
	pages = {237–300},
	publisher = {Cambridge University Press},
	title = {Adverbial clauses},
	volume = {2: \textit{{C}omplex constructions}},
	year = {2007},
    doi = {10.1017/CBO9780511619434.005}
}


@article{Tizón-CoutoLorenz2021,
	author = {Tizón-Couto, David and David Lorenz},
	journal = {Linguistics},
	number = {5},
	pages = {1279–1309},
	sortname = {Tizon-Couto, David and David Lorenz},
	title = {Variables are valuable: {{M}}aking a case for deductive modelling},
	volume = {59},
	year = {2021},
    doi = {10.1515/ling-2019-0050}
}


@book{Tomasello2005,
	address = {Cambridge},
	author = {Tomasello, Michael},
	publisher = {Harvard University Press},
	title = {Constructing a language: {{A}} usage-based theory of language acquisition},
	year = {2005}
}


@article{Tomasello2006,
	author = {Tomasello, Michael},
	journal = {Constructions},
	doi = {10.24338/cons-452},
	pages = {1–23},
	title = {Construction {G}rammar for kids},
	volume = {{Special Volume} 1},
	year = {2006}
}


@article{Traugott1989,
	author = {Traugott, Elizabeth C.},
	journal = {Language},
	number = {1},
	pages = {31–55},
	title = {On the rise of epistemic meanings in {English}: {{A}}n example of subjectification in semantic change},
	volume = {65},
	year = {1989},
    doi = {10.2307/414841}
}


@incollection{Traugott2010,
	address = {Berlin},
	author = {Traugott, Elizabeth C.},
	booktitle = {Subjectification, intersubjectification and grammaticalization},
	editor = {Kristin Davidse and Lieven Vandelanotte and Hubert Cuyckens},
	pages = {29–71},
	publisher = {Mouton de Gruyter},
	title = {({Inter})subjectivity and (inter)subjectification: {{A}} reassessment},
    series = {Topics in English Linguistics},
    number = {66},
	year = {2010},
    doi = {10.1515/9783110226102.1.29}
}


@incollection{Traugott2014,
	address = {Amsterdam},
	author = {Traugott, Elizabeth C.},
	booktitle = {Intersubjectivity and intersubjectification in grammar and discourse: {{T}}heoretical and descriptive advances},
	editor = {Lieselotte Brems and Lobke Ghesquière and Freek Van de Velde},
	pages = {7–27},
	publisher = {John Benjamins},
	title = {Intersubjectification and clause periphery},
    series = {Benjamins Current Topics},
    number = {65},
	year = {2014},
    doi = {10.1075/bct.65.02trau}
}


@incollection{Trousdale2012,
	address = {Amsterdam},
	author = {Trousdale, Graeme},
	booktitle = {Grammaticalization and language change: {N}ew reflections},
	editor = {Kristin Davidse and Tine Breban and Liselotte Brems and Tanja Mortelmans},
	pages = {167–198},
	publisher = {John Benjamins},
	title = {Grammaticalization, constructions and the grammaticalization of constructions},
    series = {Studies in Language Companion Series},
    number = {130},
	year = {2012},
    doi = {10.1075/slcs.130.07tro}
}


@article{Tsunoda2012,
	author = {Tsunoda, Mie},
	journal = {Studies in Language},
	number = {2},
	pages = {382–429},
	title = {Five-level classification of clause linkage in {Japanese}},
	volume = {36},
	year = {2012},
    doi = {10.1075/sl.36.2.06tsu}
}


@book{vanderAuwera1998,
	address = {Berlin},
	booktitle = {Adverbial constructions in the languages of {Europe}},
	editor = {van der Auwera, Johan},
	publisher = {Mouton de Gruyter},
	title = {Adverbial constructions in the languages of {Europe}},
    series = {Empirical Approaches to Language Typology},
    number = {20-3},
	year = {1998},
    doi = {10.1515/9783110802610}
}


@incollection{Verhagen2000,
	address = {Berlin},
	author = {Verhagen, Arie},
	booktitle = {Cause – condition – concession – contrast: {{C}}ognitive and discourse perspectives},
	editor = {Elizabeth Couper-Kuhlen and Bernd Kortmann},
	pages = {361–380},
	publisher = {Mouton de Gruyter},
	title = {Concession implies causality, though in some other space},
    series = {Topics in English Linguistics},
    number = {33},
	year = {2000},
    doi = {10.1515/9783110219043-015}
}


@phdthesis{Vetter2021,
	school = {University of Bamberg},
	author = {Vetter, Fabian},
	title = {Issues of corpus comparability and register variation in the {International Corpus of English}: {{T}}heories and computer applications},
	year = {2021},
    doi = {10.20378/irb-52406}
}


@incollection{Vetter2022,
	address = {Cambridge},
	author = {Vetter, Fabian},
	booktitle = {Data and methods in corpus linguistics: {Comparative} approaches},
	editor = {Ole Schützler and Julia Schlüter},
	pages = {75–100},
	publisher = {Cambridge University Press},
	title = {Comparing approaches to (sub-)register variation: {{T}}he “press editorials” sections in the {British}, {Canadian} and {Jamaican} components of {ICE}},
	year = {2022},
    doi = {10.1017/9781108589314.004}
}


@book{Werner2014,
	address = {Bamberg},
	author = {Werner, Valentin},
	publisher = {University of Bamberg Press},
	title = {The present perfect in {World Englishes}: {{C}}harting unity and diversity},
    series = {{Bamberger Beiträge zur Linguistik}},
	number = {5},
	year = {2014}
}


@article{WiechmannKerz2013,
	author = {Wiechmann, Daniel and Elma Kerz},
	journal = {English Language and Linguistics},
	number = {1},
	pages = {1–23},
	title = {The Positioning of concessive adverbial clauses in {English}: {{A}}ssessing the importance of discourse-pragmatic and processing-based constraints},
	volume = {17},
	year = {2013},
    doi = {10.1017/S1360674312000305}
}


@book{Winter2020,
	address = {New York},
	author = {Winter, Bodo},
	publisher = {Routledge},
	title = {Statistics for linguistics: {A}n introduction using {R}},
	year = {2020},
    doi = {10.4324/9781315165547}
}


@article{WinterGrice2021,
	author = {Winter, Bodo and Martine Grice},
	journal = {Linguistics},
	number = {5},
	pages = {1251–1277},
	title = {Independence and generalizability in linguistics},
	volume = {59},
	year = {2021},
    doi = {10.1515/ling-2019-0049}
}


@article{WunderVoormannGut2010,
	author = {Wunder, Eva-Maria and Holger Voormann and Ulrike Gut},
	journal = {ICAME Journal},
	pages = {78–88},
	title = {The {ICE} {Nigeria} corpus project: {{C}}reating an open, rich and accurate corpus},
	volume = {34},
	year = {2010}
}


@article{Yáñez-Bouza2011,
	author = {Yáñez-Bouza, Nuria},
	journal = {ICAME Journal},
	pages = {205–236},
	sortname = {Yanez-Bouza, Nuria},
	title = {{ARCHER} past and present (1990–2010)},
	volume = {35},
	year = {2011}
}


@incollection{Schützler2023,
	address = {Helsinki},
	author = {Schützler, Ole},
	booktitle = {Data visualization in corpus linguistics: {{C}}ritical reflections and future directions},
	series = {Studies in Variation, Contacts and Change in {English}},
	number = {22},
	editor = {Lukas Sönning and Ole Schützler},
	url = {https://urn.fi/URN:NBN:fi:varieng:series-22-4},
	publisher = {VARIENG},
	sortname = {Schutzler, Ole},
	title = {Frequencies in corpus linguistics: {{I}}ssues of scaling and visualization},
	year = {2023}
}

@incollection{Sönning2023,
	address = {Helsinki},
	author = {Sönning, Lukas},
	booktitle = {Data visualization in corpus linguistics: {{C}}ritical reflections and future directions},
	series = {Studies in Variation, Contacts and Change in {English}},
	number = {22},
	editor = {Lukas Sönning and Ole Schützler},
	url = {https://varieng.helsinki.fi/series/volumes/22/soenning/},
	publisher = {Varieng},
	sortname = {Sonning, Lukas},
	title = {Drawing on principles of perception: {{T}}he line plot},
	pubstate = {forthcoming}
}


@misc{ICE,
    title = {{ICE: The International Corpus of English}},
    url ={https://www.ice-corpora.uzh.ch/en.html},
    urldate = {2021-12-07}
}

@misc{OED,
    title = {{Oxford English Dictionary Online}},
    url ={https://www.oed.com},
    publisher = {Oxford University Press},
    address = {Oxford},
    urldate = {2021-12-07}
}

@article{SchützlerHerzky2021,
  doi = {10.1017/s1360674321000071},
  year = {2021},
  volume = {26},
  number = {1},
  pages = {133--159},
  author = {Ole Schützler and Jenny Herzky},
  title = {Modal verbs of strong obligation in {Scottish Standard English}},
  journal = {English Language and Linguistics}
}
