% Encoding: UTF-8

@Book{Carstairs1987,
  author        = {Carstairs, Andrew},
  title         = {{Allomorphy} in Inflection},
  year          = {1987},
  publisher     = {Croom Helm},
  address       = {London},
}

@InCollection{Campbell2016,
    author        = {Campbell, Eric},
    title         = {{Tone} and inflection in {Zenzontepec} {Chatino}},
    booktitle     = {{Tone} and inflection},
    year          = {2016},
    editor        = {Palancar, Enrique L. and L{\'e}onard, Jean-L{\'e}onard},
    publisher     = {Mouton de Gruyter},
    pages         = {141--162},
    address       = {Berlin},
}

@Misc{BeniamineBrown2019,
  author       = {Sacha Beniamine and Dunstan Brown},
  title        = {Inflected lexicon of {R}ussian Nouns in {IPA} notation},
  howpublished = {Online repository},
  year         = {2019},
  doi          = {10.5281/zenodo.3428591},
  url          = {https://gitlab.com/sbeniamine/russiannounlexicon},
}

@Article{Brown2007,
    author  = {Brown, Dunstan},
    title   = {{Peripheral} Functions and Overdifferentiation: {The} {Russian} Second Locative.},
    journal = {Russian Linguistics},
    year    = {2007},
    volume  = {31},
    number  = {1},
    pages   = {61–76},
    doi     = {10.1007/S11185-006-0715-5},
}

@InProceedings{KirovSylak-GlassmanQueYarowsky2016,
  author        = {Christo Kirov and John Sylak-Glassman and Roger Que and David Yarowsky},
  title         = {{Very-large} Scale Parsing and Normalization of {Wiktionary} Morphological Paradigms},
  booktitle     = {{Proceedings} of the {Tenth International Conference on Language Resources and Evaluation} ({LREC} 2016)},
  year          = {2016},
  editor        = {Nicoletta Calzolari (Conference Chair) and Khalid Choukri and Thierry Declerck and Sara Goggi and Marko Grobelnik and Bente Maegaard and Joseph Mariani and Helene Mazo and Asuncion Moreno and Jan Odijk and Stelios Piperidis},
  publisher     = {European Language Resources Association (ELRA)},
  location      = {Portorož, Slovenia},
  month         = may,
  isbn          = {978-2-9517408-9-1},
  url           = {http://ckirov.github.io/UniMorph/},
  address       = {Paris, France},
}

@InProceedings{BonamiCaronPlancq2014,
  author        = {Bonami, Olivier and Caron, Gauthier and Plancq, Cl{\'e}ment},
  title         = {{Construction} d'un lexique flexionnel phon{\'e}tis{\'e} libre du fran{\c c}ais},
  booktitle     = {{Actes} du quatri{\`e}me Congr{\`e}s Mondial de Linguistique Fran{\c c}aise},
  year          = {2014},
  editor        = {Franck Neveu and Peter Blumenthal and Linda Hriba and Annette Gerstenberg and Judith Meinschaefer and Sophie Pr{\'e}vost},
  pages         = {2583--2596},
  ids           = {flexique},
}

@Book{Aronoff1994,
  author        = {Aronoff, Mark},
  title         = {{Morphology} by itself},
  year          = {1994},
  publisher     = {MIT Press},
  address       = {Cambridge},
}

@Misc{HayesFeatures,
  author        = {Bruce Hayes},
  title         = {{Spreadsheet} with segments and their feature values},
  year          = {2012},
  howpublished  = {Distributed as part of course material for Linguistics 120A: Phonology I at UCLA},
  url           = {http://www.linguistics.ucla.edu/people/hayes/120a/index.htm},
}

@InCollection{BonamiLuis2014,
  author        = {Bonami, Olivier and Lu{\'\i}s, Ana R.},
  title         = {{Sur} la morphologie implicative dans la conjugaison du portugais: une {\'e}tude quantitative},
  booktitle     = {{Morphologie} flexionnelle et dialectologie romane. {Typologie(s)} et mod{\'e}lisation(s).},
  year          = {2014},
  editor        = {L{\'e}onard, Jean-L{\'e}onard},
  series        = {M{\'e}moires de la Soci{\'e}t{\'e} de Linguistique de Paris},
  number        = {22},
  publisher     = {Peeters},
  pages         = {111--151},
  address       = {Leuven},
  ids           = {BoLu14},
}

@Article{DresslerKilani-SchochGagarinaPestalPoechtrager2008,
  author        = {Wolfgang U Dressler and Marianne Kilani-Schoch and Natalia Gagarina and Lina Pestal and Markus Pöchtrager},
  title         = {{On} the Typology of Inflection Class Systems},
  journal       = {Folia Linguistica},
  year          = {2008},
  volume        = {40},
  number        = {1-2},
  issue         = {Special Issue: Natural Morphology.},
  pages         = {51--74},
  doi           = {10.1515/flin.40.1-2.51},
  groups        = {1.1 Notion de CF},
  publisher     = {De Gruyter},
}

@Article{CorbettFraser1993,
  author   = {Corbett,Greville G. and Fraser,Norman M.},
  title    = {{Network} {Morphology}: a {DATR} account of {Russian} nominal inflection},
  journal  = {Journal of Linguistics},
  year     = {1993},
  volume   = {29},
  issue    = {01},
  month    = mar,
  pages    = {113--142},
  issn     = {1469-7742},
  doi      = {10.1017/S0022226700000074},
  link     = {http://journals.cambridge.org/article_S0022226700000074},
  numpages = {15},
}

@Unpublished{Bonamihdr,
  author     = {Olivier Bonami},
  title      = {{La} structure fine des paradigmes de flexion},
  year       = {2014},
  note       = {Mémoire d'habilitation U. Paris Diderot},
  numpages   = {215},
  school     = {U. Paris Diderot},
  type       = {Habilitation {\`a} diriger des recherches},
  volume     = {Habilitation {\`a} diriger des recherches},
}

@InCollection{Corbett2009,
  author        = {Corbett, Greville G.},
  title         = {{Canonical} inflection classes},
  booktitle     = {{Selected} Proceedings of the 6th {D{\'e}cembrettes}: {Morphology} in {Bordeaux}},
  year          = {2009},
  editor        = {Montermini, Fabio and Boy{\'e}, Gilles and Tseng, Jesse},
  publisher     = {Cascadilla Press},
  pages         = {1-11},
  address       = {Somerville},
}

@Unpublished{Kaufman1989,
  author        = {Kaufman, Terrence},
  title         = {{The} phonology and morphology of {Zapotec} verbs},
  year          = {1989},
  institution   = {University of Pittsburgh},
}

@PhdThesis{BeniaminePhd,
  author        = {Sacha Beniamine},
  title         = {{Classifications} flexionnelles: Étude quantitative des structures de paradigmes},
  institution   = {Université Sorbonne Paris Cité - Paris Diderot},
  year          = {2018},
}

@Book{Dell1973,
  author        = {Dell, François},
  title         = {{Les} r{\`e}gles et les sons: {Introduction} à la phonologie générative},
  year          = {1973},
  series        = {Collection Savoir},
  publisher     = {Hermann},
  isbn          = {9782705657680},
  address       = {Paris},
}

@InProceedings{Beniamine2017,
  author        = {Beniamine, Sacha},
  title         = {{Un} algorithme universel pour l'abstraction automatique d'alternances morphophonologiques},
  booktitle     = {Actes de {TALN} 2017},
  year          = {2017},
  pages         = {77--85},
}

@Misc{BaayenPiepenbrockGulikers1995,
  author        = {Baayen, R. and R. Piepenbrock and L. Gulikers},
  title         = {{CELEX2} {LDC96L14}},
  date          = {1995},
  organization  = {{Linguistic} {Data} {Consortium}},
  location      = {Philadelphia},
}

@Book{Matthews1991,
  author    = {Matthews, P. H.},
  title     = {{Morphology}},
  year      = {1991},
  edition   = {2nd},
  publisher = {Cambridge University Press},
  address   = {Cambridge},
}

@Article{Plenat87,
  author        = {Pl{\'e}nat, Marc},
  title         = {{Morphologie} du pass{\'e} simple et du pass{\'e} compos{\'e} des verbes de l' ``autre'' conjugaison},
  journal       = {{ITL} Review of Applied Linguistics},
  year          = {1987},
  volume        = {77--78},
  pages         = {93--150},
}

@InCollection{Carstairs-McCarthy1991,
  author        = {Andrew Carstairs-McCarthy},
  title         = {{Inflection} classes: {Two} questions with one answer.},
  booktitle     = {{Paradigms}: {The} Economy of Inflection},
  year          = {1991},
  editor        = {Plank, F.},
  series        = {Empirical Approaches to Language Typology [EALT]},
  publisher     = {De Gruyter},
  isbn          = {9783110889109},
  pages         = {213--253},
  doi           = {10.1515/9783110889109.213},
  groups        = {1.1 Notion de CF},
}

@PhdThesis{Brown1998,
    author    = {Brown, Dunstan},
    title     = {{From} the general to the exceptional},
    school    = {University of Surrey},
    year      = {1998},
    numpages  = {328},
    timestamp = {2015.10.20},
}

@Article{VeigaCandeiasPerdigao2013,
  author        = {Veiga, Arlindo and Candeias, Sara and Perdig\~{a}o, Fernando},
  title         = {{Generating} a pronunciation dictionary for {European} {Portuguese} using a joint-sequence model with embedded stress assignment},
  journal       = {Journal of the Brazilian Computer Society},
  year          = {2013},
  volume        = {19},
  number        = {2},
  pages         = {127-134},
  issn          = {0104-6500},
  doi           = {10.1007/s13173-012-0088-0},
  publisher     = {Springer-Verlag},
}

@Article{Corbett1982,
  author        = {Corbett, Greville G},
  title         = {{Gender} in {Russian}: {An} account of gender specification and its relationship to declension},
  journal       = {Russian linguistics},
  year          = {1982},
  volume        = {6},
  issue         = {2},
  pages         = {197--232},
}

@Article{Carstairs-McCarthy1994,
  author        = {Carstairs-McCarthy, Andrew},
  title         = {{Inflection} Classes, Gender, and the Principle of Contrast},
  journal       = {Language},
  year          = {1994},
  volume        = {70},
  pages         = {737--788},
}

@InProceedings{Bonami15d,
  author        = {Olivier Bonami and Sarah Beniamine},
  title         = {{Implicative} structure and joint predictiveness},
  booktitle     = {{Word} Structure and Word Usage. {Proceedings} of the {NetWordS} Final Conference},
  year          = {2015},
  editor        = {Vito Pirelli and Claudia Marzi and Marcello Ferro},
}

@InProceedings{AckermanMalouf2015,
  author        = {Farrell Ackerman and Robert Malouf},
  title         = {The {No} {Blur} Principle Effects as an Emergent Property of Language Systems},
  booktitle     = {Proceedings of the {Annual Meeting of the Berkeley Linguistics Society}},
  year          = {2015},
  volume        = {41},
  doi           = {10.20354/B4414110014},
}

@Article{BeniamineBonamiSagot2017,
  author        = {Beniamine, Sacha and Bonami, Olivier and Sagot, Beno{\^\i}t},
  title         = {{Inferring} Inflection Classes with Description Length},
  journal       = {Journal of Language Modelling},
  year          = {2017},
  volume        = {5},
  number        = {3},
  doi           = {10.15398/jlm.v5i3.184},
}

@Book{ChomskyHalle1968,
  author        = {Chomsky, Noam and Halle, Morris},
  title         = {The sound pattern of {English}},
  year          = {1968},
  publisher     = {Harper and Row},
}

@Article{Campbell2011,
  author        = {Campbell, Eric},
  title         = {{Zenzontepec} {Chatino} Aspect Morphology and {Zapotecan} Verb Classes},
  journal       = {International Journal of American Linguistics},
  year          = {2011},
  volume        = {77},
  pages         = {219--246},
}

@PhdThesis{Flickinger1987,
  author        = {Flickinger, Dan},
  title         = {{Lexical} rules in the hierarchical lexicon},
  year          = {1987},
  school        = {Stanford University},
}

@Book{HalleClements1983,
  author        = {Halle, M. and George N. Clements},
  title         = {{Problem} book in phonology: {\uppercase{A}} workbook for introductory courses in linguistics and in modern phonology},
  year          = {1983},
  series        = {Bradford Books},
  address        = {Cambridge},
  publisher     = {MIT Press},
  isbn          = {9780262580595},
}

@Unpublished{LeeGoldsmith2013,
  author     = {Lee, Jackson and Goldsmith, John A.},
  title      = {{Automatic} morphological alignment and clustering},
  year       = {2013},
  note       = {Presented at the 2nd American International Morphology Meeting},
  numpages   = {48},
}

@Article{Spencer2012,
  author        = {Spencer, Andrew},
  title         = {{Identifying} stems},
  journal       = {Word Structure},
  year          = {2012},
  volume        = {5},
  number        = {1},
  pages         = {88--108},
  doi           = {10.3366/word.2012.0021},
}

@Article{NewPallierFerrandMatos2001,
  author        = {New, B. and Pallier, C. and Ferrand, L. and Matos, R.},
  title         = {Une base de donn{\'e}es lexicales du fran{\c c}ais contemporain sur internet: {LEXIQUE}},
  journal       = {L'Ann{\'e}e Psychologique},
  year          = {2001},
  volume        = {101},
  pages         = {447--462},
}

@Book{GinzburgSag2000,
  author        = {Ginzburg, Jonathan and Sag, Ivan A.},
  title         = {{Interrogative} Investigations. {The} Form, Meaning, and Use of {English} Interrogatives},
  year          = {2000},
  publisher     = {CSLI Publications},
  address       = {Stanford},
}

@Misc{Bank2016,
  author        = {Bank, Sebastian},
  title         = {{Concepts}: {Formal} Concept Analysis with {Python}},
  year          = {2016},
  url           = {https://pypi.org/project/concepts/},
}


@Book{Kilani-SchochDressler2005,
  author        = {Kilani-Schoch, Marianne and Dressler, Wolfgang},
  title         = {{Morphologie} naturelle et flexion du verbe fran{\c c}ais},
  year          = {2005},
  publisher     = {Gunter Narr Verlag},
  address       = {T{\"u}bingen},
}

@Article{DresslerThornton1996,
  author     = {Dressler, Wolfgang U. and Thornton, Anna M.},
  title      = {{Italian} Nominal Inflection},
  journal    = {Wiener Linguistische Gazette},
  year       = {1996},
  volume     = {55-57},
  pages      = {1--26},
  numpages   = {13},
}

@Article{BonamiBeniamine2016,
  author        = {Bonami, Olivier and Beniamine, Sacha},
  title         = {{Joint} predictiveness in inflectional paradigms},
  journal       = {Word Structure},
  year          = {2016},
  volume        = {9},
  number        = {2},
  pages         = {156-182},
  doi           = {10.3366/word.2016.0092},
}

@Book{PollardSag1994,
  author    = {Pollard, Carl and Ivan A. Sag},
  title     = {Head-Driven Phrase Structure Grammar},
  year      = {1994},
  publisher = {Chicago: University of Chicago Press and Stanford: CSLI Publications.},
  timestamp = {2017.03.29},
}

@PhdThesis{Frisch1997,
  author        = {Frisch, Stefan},
  title         = {Similarity and frequency in phonology},
  institution   = {Northwestern University},
  year          = {1997},
}

@Misc{FeistPalancar2015,
  author        = {Feist, Timothy and Enrique L. Palancar},
  title         = {{Oto-Manguean} Inflectional Class Database},
  year          = {2015},
  howpublished  = {University of Surrey},
  doi           = {10.15126/SMG.28/1},
}

@Book{BrownHippisley2012,
  author    = {Brown, D. and Hippisley, A.},
  title     = {{Network} {Morphology}: {A} Defaults-based Theory of Word Structure},
  year      = {2012},
  series    = {Cambridge Studies in Linguistics},
  publisher = {Cambridge University Press},
  isbn      = {9781107005747},
  doi       = {10.1017/CBO9780511794346},
  numpages  = {542},
  timestamp = {2014.11.05},
}


@Book{GanterWille1998,
  author        = {Ganter, Bernhard and Wille, Rudolf},
  title         = {{Formal} concept analysis: {Mathematical} foundations},
  year          = {1998},
  publisher     = {Springer},
  isbn          = {3540627715},
  doi           = {10.1007/978-3-642-59830-2},
  day           = {22},
  howpublished  = {Paperback},
  link          = {http://www.worldcat.org/isbn/3540627715},
  month         = dec
}

@Book{StumpFinkel2013,
  author    = {Stump, G. and Finkel, R. A.},
  title     = {{Morphological} Typology: {From} Word to Paradigm},
  year      = {2013},
  series    = {Cambridge Studies in Linguistics},
  publisher = {Cambridge University Press},
  address   = {Cambridge},
  isbn      = {9781107029248},
  doi       = {10.1017/CBO9781139248860},
  lccn      = {2012047530},
  numpages  = {490},
  timestamp = {2014.11.05},
}

@Book{bescherelle,
  title         = {{Bescherelle}: la conjugaison pour tous},
  date          = {2012},
  editor        = {Michel Arrivé},
  edition       = {Nouvelle édition},
  publisher     = {Hatier},
  address       = {Paris},
}

@Unpublished{Belohlavek2009,
  author        = {Radim Bělohlávek},
  title         = {{Introduction} to formal concept analysis},
  year          = {2009},
  url           = {https://phoenix.inf.upol.cz/esf/ucebni/formal.pdf},
  address       = {Olomouc},
  organization  = {Department of computer science; faculty of science; palacký university},
}

@Article{Blevins2006,
  author   = {Blevins, James P.},
  title    = {{Word-based} morphology},
  journal  = {Journal of Linguistics},
  year     = {2006},
  volume   = {42},
  issue    = {03},
  month    = nov,
  pages    = {531--573},
  issn     = {1469-7742},
  doi      = {10.1017/S0022226706004191},
  numpages = {44}
}

@InCollection{AckermanBlevinsMalouf2009,
  author        = {Ackerman, Farrell and Blevins, James P. and Malouf, Robert},
  title         = {{Parts} and wholes: {Implicative} patterns in inflectional paradigms},
  booktitle     = {{Analogy} in Grammar},
  year          = {2009},
  editor        = {Blevins, James P. and Blevins, Juliette},
  publisher     = {Oxford University Press},
  pages         = {54--82},
  address       = {Oxford},
}

@InCollection{Blevins2004,
  author        = {James P Blevins},
  title         = {{Inflection} classes and economy},
  booktitle     = {{Explorations} in Nominal Inflection},
  year          = {2004},
  editor        = {L. Gunkel and G. Müller and G. Zifonun},
  publisher     = {De Gruyter},
  pages         = {41–85},
  doi           = {10.1515/9783110197501.51},
  address       = {Berlin, Boston},
}

@Article{WaltherSagot2011,
  author        = {Walther, G{\'e}raldine and Sagot, Beno{\^\i}t},
  title         = {{Mod{\'e}lisation} et impl{\'e}mentation de ph{\'e}nom{\`e}nes flexionnels non-canoniques},
  journal       = {Traitement Automatique des Langues},
  year          = {2011},
  volume        = {52},
  number        = {2},
  pages         = {91--122},
  booktitle     = {{Vers la morphologie et au-del{\`a}}},
}

