
@InCollection{holisky:gagua:94,
  author = 	 {Holisky, Dee Ann and Gagua, Rusudan},
  title = 	 {{Tsova-Tush} ({Batsbi})},
  booktitle = 	 {The Indigenous Languages of the
{Caucasus} 4: {North East Caucasian}, Part 2},
  publisher = {Caravan Press},
  year = 	 1994,
  editor = 	 {Rieks Smeets},
  pages = 	 {147--212},
  address = 	 {Delmar}}


@ARTICLE{Blevins06,
  AUTHOR = {Blevins, James P.},
  DATE = {2006},
  JOURNALTITLE = {Journal of Linguistics},
  PAGES = {531--573},
  TITLE = {Word-based morphology},
  VOLUME = {42},
}

@BOOK{Blevins14,
  AUTHOR = {Blevins, James P.},
  LOCATION = {Oxford},
  PUBLISHER = {Oxford University Press},
  DATE = {2016},
  TITLE = {Word and Paradigm Morphology},
}

@INPROCEEDINGS{Bonami06,
  AUTHOR = {Bonami, Olivier and Boy{é}, Gilles},
  LOCATION = {Stanford},
  PUBLISHER = {CSLI Publications},
  BOOKTITLE = {{Proceedings of the 13th International Conference on HPSG}},
  DATE = {2006},
  KEYWORDS = {self,nocite},
  PAGES = {39--59},
  TITLE = {Deriving inflectional irregularity},
}

@INPROCEEDINGS{bonami-crysmann:2013,
  AUTHOR = {Bonami, Olivier and Crysmann, Berthold},
  EDITOR = {M{ü}ller, Stefan},
  BOOKTITLE = {Proceedings of the {20th International Conference on Head-Driven Phrase Structure Grammar, Freie Universität Berlin}},
  DATE = {2013},
  ISSN = {15351793},
  PAGES = {27--47},
  TITLE = {Morphotactics in an Information-Based Model of Realisational Morphology},
}

@INCOLLECTION{Bonami15b,
  AUTHOR = {Bonami, Olivier and Crysmann, Berthold},
  EDITOR = {Hippisley, Andrew and Stump, Gregory T.},
  LOCATION = {Cambridge},
  PUBLISHER = {Cambridge University Press},
  BOOKTITLE = {Cambridge Handbook of Morphology},
  DATE = {2016},
  KEYWORDS = {self,nocite},
  PAGES = {609--656},
  TITLE = {The role of morphology in constraint-based lexicalist grammars},
}


@PROCEEDINGS{bresnan_j82,
  EDITOR = {Bresnan, Joan},
  LOCATION = {Cambridge, Massachusetts},
  PUBLISHER = {The MIT Press},
  DATE = {1982},
  TITLE = {The Mental Representation of Grammatical Relations},
}

@BOOK{Brown11,
  AUTHOR = {Brown, Dunstan and Hippisley, Andrew},
  LOCATION = {Cambridge},
  PUBLISHER = {Cambridge University Press},
  DATE = {2012},
  TITLE = {{N}etwork {M}orphology: A Defaults-based Theory of Word Structure},
}

@BOOK{Carstairs87,
  AUTHOR = {Carstairs, Andrew},
  LOCATION = {London},
  PUBLISHER = {Croom Helm},
  DATE = {1987},
  TITLE = {Allomorphy in Inflection},
}

@BOOK{Corbett:91,
  AUTHOR = {Corbett, Greville G.},
  LOCATION = {Cambridge},
  PUBLISHER = {Cambridge University Press},
  DATE = {1991},
  TITLE = {Gender},
}

@INCOLLECTION{Crysmann:14:OUP,
  AUTHOR = {Crysmann, Berthold},
  EDITOR = {Gisborne, Nikolas and Hippisley, Andrew},
  LOCATION = {Oxford},
  PUBLISHER = {Oxford University Press},
  BOOKTITLE = {Defaults in Morphological Theory},
  DATE = {2017},
  PAGES = {182--213},
  TITLE = {Inferential-realisational morphology without rule blocks: {An} information-based approach},
}


@INPROCEEDINGS{Crysmann:Bonami:2017:HPSG,
  AUTHOR = {Crysmann, Berthold and Bonami, Olivier},
  EDITOR = {Müller, Stephan},
  LOCATION = {Stanford},
  PUBLISHER = {CSLI Publications},
  BOOKTITLE = {Proceedings of the {24th International Conference on Head-Driven Phrase Structure Grammar, Lexington, KY}},
  DATE = {2017},
  PAGES = {141--161},
  TITLE = {Atomistic and holistic exponence in {Information-based} {Morphology}},
}




@ARTICLE{Hockett47,
  AUTHOR = {Hockett, Charles F.},
  DATE = {1947},
  JOURNALTITLE = {Language},
  PAGES = {321--343},
  TITLE = {Problems of Morphemic Analysis},
  VOLUME = {23},
}

@BOOK{kadagize84,
  AUTHOR = {Kadagiʒe, Davit and Kadagiʒe, Niko},
  LOCATION = {Tbilisi},
  PUBLISHER = {Mecniereba},
  DATE = {1984},
  TITLE = {C’ova-tušur-kartul-rusuli leksik’oni},
}


@BOOK{Koenig99,
  AUTHOR = {Koenig, Jean-Pierre},
  LOCATION = {Stanford},
  PUBLISHER = {CSLI Publications},
  DATE = {1999},
  TITLE = {Lexical relations},
}

@INPROCEEDINGS{Koenig94,
  AUTHOR = {Koenig, Jean-Pierre and Jurafsky, Daniel},
  BOOKTITLE = {{Proceedings of WCCFL XIII}},
  DATE = {1994},
  PAGES = {270--285},
  TITLE = {Type underspecification and on-line type construction},
}


@ARTICLE{MuellerGereon07,
  AUTHOR = {Müller, Gereon},
  DATE = {2007},
  JOURNALTITLE = {University of Pennsylvania Working Papers in Linguistics},
  NUMBER = {1},
  TITLE = {Extended exponence by Enrichment: {Argument} Encoding in {German}, {Archi}, and {Timucua}},
  VOLUME = {13},
}

@THESIS{Noyer92,
  AUTHOR = {Noyer, Rolf},
  INSTITUTION = {MIT},
  DATE = {1992},
  TITLE = {Features, positions and affixes in autonomous morphological structure},
  TYPE = {phdthesis},
}

@BOOK{Pollard87,
  AUTHOR = {Pollard, Carl and Sag, Ivan A.},
  LOCATION = {Stanford},
  PUBLISHER = {CSLI Publications},
  DATE = {1987},
  TITLE = {Information-based syntax and semantics},
}

@BOOK{Pollard94,
  AUTHOR = {Pollard, Carl and Sag, Ivan A.},
  LOCATION = {Stanford},
  PUBLISHER = {CSLI Publications; The University of Chicago Press},
  DATE = {1994},
  TITLE = {Head-driven Phrase Structure Grammar},
}

@ARTICLE{Steele95,
  AUTHOR = {Steele, Susan},
  DATE = {1995},
  JOURNALTITLE = {Language},
  PAGES = {260--309},
  TITLE = {Towards a Theory of Morphological Information},
  VOLUME = {71},
}



@ARTICLE{Stump17,
  AUTHOR = {Stump, Gregory T.},
  DATE = {2017},
  JOURNALTITLE = {Acta Linguistica Academica},
  NUMBER = {1},
  PAGES = {79--124},
  TITLE = {Rule conflation in an inferential-realizational theory of morphotactics},
  VOLUME = {64},
}

@ARTICLE{Wunderlich95,
  AUTHOR = {Wunderlich, Dieter and Fabri, Ray},
  DATE = {1995},
  JOURNALTITLE = {Zeitschrift f{ü}r Sprachwissenschaft},
  NUMBER = {2},
  PAGES = {236--294},
  TITLE = {{Minimalist} {Morphology}: An approach to inflection},
  VOLUME = {14},
}

@COMMENT{BibDesk URL Groups{ <?xml version="1.0" encoding="UTF-8"?> <!DOCTYPE plist PUBLIC "-//Apple//DTD PLIST 1.0//EN" "http://www.apple.com/DTDs/PropertyList-1.0.dtd"> <plist version="1.0"> <array> <dict> <key>URL</key> <string>file://localhost/Users/olivier/Fichiers/Recherche/Publis/2010/Budapest/a0poster/poster-budapest.tex</string> <key>group name</key> <string>poster-budapest.tex</string> </dict> </array> </plist> }}
