@article{Plessis:77,
author = {Plessis, Hans du},
year = 1977,
title = {\emph{Wh}-Movement in {A}frikaans},
journal = {Linguistic Inquiry},
volume =  8,
number = 4,
pages = {723--726}
}


@ARTICLE{AnderBois:al:15,
  AUTHOR = {AnderBois, Scott and Brasoveanu, Adrian and Henderson, Robert},
  URL = {+ http://dx.doi.org/10.1093/jos/fft014},
  DATE = {2015},
  DOI = {10.1093/jos/fft014},
  EPRINT = {/oup/backfile/Content_public/Journal/jos/32/1/10.1093/jos/fft014/3/fft014.pdf},
  JOURNALTITLE = {Journal of Semantics},
  NUMBER = {1},
  PAGES = {93--138},
  TITLE = {At-issue Proposals and Appositive Impositions in Discourse},
  VOLUME = {32},
}

@BOOK{Anderson92,
  AUTHOR = {Anderson, Stephen R.},
  LOCATION = {Cambridge},
  PUBLISHER = {Cambridge University Press},
  DATE = {1992},
  TITLE = {A-Morphous Morphology},
}

@ARTICLE{Bach:99,
  AUTHOR = {Bach, Kent},
  DATE = {1999},
  JOURNALTITLE = {Linguistics and Philosophy},
  PAGES = {327--366},
  TITLE = {The Myth of Conventional Implicature},
  VOLUME = {22},
}

@ARTICLE{Barker:07,
  AUTHOR = {Barker, Chris},
  DATE = {2007},
  JOURNALTITLE = {Linguistics and Philosophy},
  NUMBER = {4},
  PAGES = {407--444},
  TITLE = {Parasitic Scope},
  VOLUME = {30},
}

@ARTICLE{Beck:06,
  AUTHOR = {Beck, Sigrid},
  DATE = {2006},
  JOURNALTITLE = {Natural Language Semantics},
  PAGES = {1--56},
  TITLE = {Intervention Effects Follow from Focus Interpretation},
  VOLUME = {14},
}

@ARTICLE{Bonami14d,
  AUTHOR = {Bonami, Olivier},
  DATE = {2015},
  JOURNALTITLE = {Morphology},
  KEYWORDS = {self},
  PAGES = {63--110},
  TITLE = {Periphrasis as collocation},
  VOLUME = {25},
}

@INPROCEEDINGS{Bonami16b,
  AUTHOR = {Bonami, Olivier and Borsley, Robert D. and Tallerman, Maggie},
  EDITOR = {Arnold, Doug and Butt, Miriam and Crysmann, Berthold and King, Tracy Holloway and M\"{u}ller, Stefan},
  BOOKTITLE = {Proceedings of the Joint 2016 Conference on {Head}-driven {Phrase} {Structure} {Grammar} and {Lexical} {Functional} {Grammar}},
  DATE = {2016},
  PAGES = {104--124},
  TITLE = {On Pseudo-Non-Finite Clauses in {Welsh}},
}

@INCOLLECTION{Bonami17b,
  AUTHOR = {Bonami, Olivier and Crysmann, Berthold},
  EDITOR = {Bonami, Olivier and Boy{é}, Gilles and Dal, Georgette and Giraudo, H{é}l{è}ne and Namer, Fiammetta},
  LOCATION = {Berlin},
  PUBLISHER = {Language Science Press},
  BOOKTITLE = {The Lexeme in Descriptive and Theoretical Morphology},
  DATE = {2018},
  PAGES = {175--202},
  TITLE = {Lexeme and flexeme in a formal theory of grammar},
}

@INCOLLECTION{Bonami13,
  AUTHOR = {Bonami, Olivier and Webelhuth, Gert},
  EDITOR = {Chumakina, Marina and Corbett, Greville G.},
  LOCATION = {Oxford},
  PUBLISHER = {Oxford University Press},
  BOOKTITLE = {Periphrasis: {The} role of syntax and morphology in paradigms},
  DATE = {2013},
  KEYWORDS = {self},
  PAGES = {141--167},
  TITLE = {The phrase-structural diversity of periphrasis: {A} lexicalist account},
}

@ARTICLE{Bruening:06,
  AUTHOR = {Bruening, Benjamin},
  DATE = {2006},
  JOURNALTITLE = {Linguistic Inquiry},
  NUMBER = {1},
  PAGES = {25--49},
  TITLE = {Differences between the \emph{wh}-Scope-Marking and \emph{wh}-Copy Constructions in {P}assamaquoddy},
  VOLUME = {37},
}

@INCOLLECTION{caballero_g-harris_a12,
  AUTHOR = {Caballero, Gabriela and Harris, Alice C.},
  EDITOR = {Kiefer, Ferenc and Ladányi, Mária and Siptár, Péter},
  PUBLISHER = {John Benjamins},
  BOOKTITLE = {Current Issues in Morphological Theory. ({I}r)regularity, analogy and frequency},
  DATE = {2012},
  PAGES = {163--188},
  TITLE = {A working typology of multiple exponence},
}

@ARTICLE{Chung:al:95,
  AUTHOR = {Chung, Sandra and Ladusaw, William A. and McCloskey, James},
  DATE = {1995},
  JOURNALTITLE = {Natural Language Semantics},
  NUMBER = {3},
  PAGES = {239--282},
  TITLE = {Sluicing and {Logical Form}},
  VOLUME = {3},
}

@ARTICLE{Crysmann:Bonami:2016,
  AUTHOR = {Crysmann, Berthold and Bonami, Olivier},
  DATE = {2016},
  JOURNALTITLE = {Journal of Linguistics},
  NUMBER = {2},
  PAGES = {311--374},
  TITLE = {Variable morphotactics in {Information-based Morphology}},
  VOLUME = {52}
}


@BOOK{Culicover:Jackendoff:05,
  AUTHOR = {Culicover, Peter W. and Jackendoff, Ray},
  PUBLISHER = {Oxford University Press},
  DATE = {2005},
  TITLE = {Simpler Syntax},
}

@INCOLLECTION{denbesten:86,
  AUTHOR = {Besten, Hans den},
  EDITOR = {Muysken, Pieter and Smith, Norval},
  LOCATION = {Amsterdam},
  PUBLISHER = {John Benjamins},
  BOOKTITLE = {Substrata versus Universals in Creole Languages: {P}apers from the {A}msterdam {C}reole {W}orkshop},
  DATE = {1986},
  PAGES = {185--230},
  TITLE = {Double negation and the genesis of {Afrikaans}},
}

@INCOLLECTION{Egg:11,
  AUTHOR = {Egg, Markus},
  EDITOR = {Maienborn, Claudia and von Heusinger, Klaus and Portner, Paul},
  LOCATION = {Berlin},
  PUBLISHER = {de Gruyter},
  BOOKTITLE = {Semantics: {An} International Handbook of Natural Language Meaning},
  DATE = {2011},
  PAGES = {533--572},
  TITLE = {Underspecification},
}

@INCOLLECTION{Embick07,
  AUTHOR = {Embick, David and Noyer, Rolf},
  EDITOR = {Ramchand, Gillian and Reiss, Charles},
  LOCATION = {Oxford},
  PUBLISHER = {Oxford University Press},
  BOOKTITLE = {The {O}xford handbook of linguistic interfaces},
  DATE = {2007},
  PAGES = {289--324},
  TITLE = {Distributed {M}orphology and the Syntax-Morphology interface},
}

@ARTICLE{Fox:Lasnik:03,
  AUTHOR = {Fox, Danny and Lasnik, Howard},
  DATE = {2003},
  JOURNALTITLE = {Linguistic Inquiry},
  NUMBER = {1},
  PAGES = {143--154},
  TITLE = {Successive-cyclic Movement and Island Repair: {T}he Difference between {S}luicing and {VP}-ellipsis},
  VOLUME = {34},
}

@BOOK{Ginzburg:Sag:00,
  AUTHOR = {Ginzburg, Jonathan and Sag, Ivan A.},
  LOCATION = {Stanford},
  PUBLISHER = {CSLI Publications},
  DATE = {2000},
  TITLE = {Interrogative Investigations. {T}he Form, Meaning, and Use of {English} Interrogatives},
}

@INCOLLECTION{Grice:75,
  AUTHOR = {Grice, Paul},
  EDITOR = {Cole, Peter and Jerry L. Morgan},
  LOCATION = {New York},
  PUBLISHER = {Academic Press},
  BOOKTITLE = {Syntax and Semantics},
  DATE = {1975},
  PAGES = {41--58},
  TITLE = {Logic and Conversation},
  VOLUME = {3},
}

@INCOLLECTION{Gutzmann2013,
  AUTHOR = {Gutzmann, Daniel},
  EDITOR = {Gutzmann, Daniel and G{ä}rtner, Hans-Martin},
  LOCATION = {Leiden},
  PUBLISHER = {Brill},
  optURL = {danielgutzmann.com/work/expressives-and-beyond},
  BOOKSUBTITLE = {Explorations in Use-Conditional Meaning},
  BOOKTITLE = {Beyond Expressives},
  DATE = {2013},
  DOI = {10.1163/9789004183988_002},
  NUMBER = {28},
  PAGES = {1--58},
  SERIES = {Current Research in the Semantics Pragmatics-Interface (CRiSPI)},
  SUBTITLE = {An introduction to varieties of use-conditional meaning},
  TITLE = {Expressives and Beyond},
}

@INCOLLECTION{Halle93,
  AUTHOR = {Halle, Morris and Marantz, Alex},
  EDITOR = {Hale, Kenneth and Keyser, Samuel Jay},
  LOCATION = {Cambridge},
  PUBLISHER = {MIT Press},
  BOOKTITLE = {The view from {B}uilding 20},
  DATE = {1993},
  PAGES = {111--176},
  TITLE = {Distributed {M}orphology and the pieces of inflection},
}

@ARTICLE{harris_a09,
  AUTHOR = {Harris, Alice C.},
  DATE = {2009},
  JOURNALTITLE = {Natural Language and Linguistic Theory},
  PAGES = {267--303},
  TITLE = {Exuberant Exponence in {Batsbi}},
  VOLUME = {27},
}

@ARTICLE{Harris09,
  AUTHOR = {Harris, Alice C.},
  DATE = {2009},
  JOURNALTITLE = {Natural Language and Linguistic Theory},
  PAGES = {267--303},
  TITLE = {Exuberant exponence in {B}atsbi},
  VOLUME = {27},
}

@BOOK{Harris17,
  AUTHOR = {Harris, Alice C.},
  LOCATION = {Oxford},
  PUBLISHER = {Oxford University Press},
  DATE = {2017},
  TITLE = {Multiple exponence},
}

@BOOK{Hendriks:93,
  AUTHOR = {Hendriks, Herman},
  PUBLISHER = {Institute for Logic, Language and Computation, Amsterdam},
  DATE = {1993},
  SERIES = {ILLC Dissertation Series 1995-5},
  TITLE = {Studied Flexibility},
}

@INCOLLECTION{Hoehle:19wh,
  AUTHOR = {Höhle, Tilman N.},
  EDITOR = {Müller, Stefan and Reis, Marga and Richter, Frank},
  LOCATION = {Berlin},
  PUBLISHER = {Language Science Press},
  URL = {https://langsci-press.org/catalog/book/234},
  BOOKTITLE = {{Beiträge zur deutschen Grammatik. Gesammelte Schriften von Tilman N. Höhle}},
  DATE = {2019},
  DOI = {DOI:10.5281/zenodo.2588369},
  EDITION = {2nd},
  NOTE = {Originally published 2000},
  PAGES = {435--460},
  TITLE = {The \emph{w- \ldots w}-Construction},
}

@ARTICLE{Huitink:12,
  AUTHOR = {Huitink, Janneke},
  DATE = {2012},
  DOI = {doi:10.1093/jos/ffr012},
  JOURNALTITLE = {Journal of Semantics},
  NUMBER = {3},
  PAGES = {403--437},
  TITLE = {Modal Concord: {A} Case Study of {D}utch},
  VOLUME = {29},
}

@BOOK{jaggar01:_hausa,
  AUTHOR = {Jaggar, Philip},
  LOCATION = {Amsterdam},
  PUBLISHER = {John Benjamins},
  DATE = {2001},
  TITLE = {Hausa},
}

@BOOK{Jespersen:17,
  AUTHOR = {Jespersen, Otto},
  LOCATION = {Kopenhague},
  PUBLISHER = {A.F. H{ø}st \& S{ø}n},
  DATE = {1917},
  TITLE = {Negation in {E}nglish and Other Languages},
}

@ARTICLE{Jones:88,
  AUTHOR = {Jones, Michael Allen},
  DATE = {1988},
  JOURNALTITLE = {Journal of Linguistics},
  PAGES = {89--111},
  TITLE = {Cognate Objects and the {C}ase-Filter},
  VOLUME = {24},
}

@ARTICLE{Kaellgran:Prince:89,
  AUTHOR = {Källgren, Gunnel and Prince, Ellen F.},
  DATE = {1989},
  JOURNALTITLE = {Nordic Journal of Linguistics},
  NUMBER = {1},
  PAGES = {47--58},
  TITLE = {{S}wedish {VP}-Topicalization and {Y}iddish Verb-Topicalization},
  VOLUME = {12},
}

@ARTICLE{Keenan:92,
  AUTHOR = {Keenan, Edward L.},
  DATE = {1992},
  JOURNALTITLE = {Linguistics and Philosophy},
  PAGES = {199--221},
  TITLE = {Beyond the {F}rege Boundary},
  VOLUME = {15},
}

@ARTICLE{kiparsky_p85,
  AUTHOR = {Kiparsky, Paul},
  DATE = {1985},
  JOURNALTITLE = {Phonology Yearbook},
  PAGES = {83--136},
  TITLE = {Some Consequences of Lexical Phonology},
  VOLUME = {2},
}

@INCOLLECTION{Kiparsky05,
  AUTHOR = {Kiparsky, Paul},
  EDITOR = {Booij, Geert and Marle, Jaap van},
  LOCATION = {Dordrecht},
  PUBLISHER = {Springer},
  BOOKTITLE = {Yearbook of Morphology 2004},
  DATE = {2005},
  PAGES = {113--135},
  TITLE = {Blocking and Periphrasis in Inflectional Paradigms},
}

@ARTICLE{Kubota:Levine:16-Gapping,
  AUTHOR = {Kubota, Yusuke and Levine, Robert D.},
  DATE = {2016},
  DOI = {10.1007/s11049-015-9298-4},
  JOURNALTITLE = {Natural Language and Linguistic Theory},
  NUMBER = {1},
  PAGES = {107--156},
  TITLE = {Gapping as Hypothetical Reasoning},
  VOLUME = {34},
}

@INPROCEEDINGS{Lahm:2016,
  AUTHOR = {Lahm, David},
  EDITOR = {Arnold, Doug and Butt, Miriam and Crysmann, Berthold and King, Tracy Holloway and M{ü}ller, Stefan},
  LOCATION = {Stanford, CA},
  PUBLISHER = {CSLI Publications},
  URL = {http://cslipublications.stanford.edu/HPSG/2016/headlex2016-lahm.pdf},
  BOOKTITLE = {Proceedings of the Joint 2016 Conference on {Head-driven Phrase Structure Grammar} and {Lexical Functional Grammar}, {Polish Academy of Sciences}, {W}arsaw, {P}oland},
  DATE = {2016},
  PAGES = {360--379},
  TITLE = {Refining the semantics of lexical rules in {HPSG}},
}

@INCOLLECTION{Link:83,
  AUTHOR = {Link, Godehard},
  EDITOR = {B\"{a}uerle, Rainer and Schwarze, Christoph and von Stechow, Arnim},
  LOCATION = {Berlin},
  PUBLISHER = {de Gruyter},
  BOOKTITLE = {Meaning, Use and Interpretation of Language},
  DATE = {1983},
  PAGES = {302--323},
  TITLE = {The Logical Analysis of Plural and Mass Terms: {A} Lattice-theoretical Approach},
}

@BOOK{Liu:12,
  AUTHOR = {Liu, Mingya},
  LOCATION = {Leiden},
  PUBLISHER = {Brill},
  DATE = {2012},
  SERIES = {Current Research in the Semantics-Pragmatics Interface (CRiSPI)},
  TITLE = {Multidimensional Semantics of Evaluative Adverbs},
  VOLUME = {26},
}

@BOOK{Lobeck:95,
  AUTHOR = {Lobeck, Anne C.},
  LOCATION = {New York},
  PUBLISHER = {Oxford University Press},
  DATE = {1995},
  TITLE = {Ellipsis: {F}unctional Heads, Licensing and Identification},
}

@ARTICLE{Massam:90,
  AUTHOR = {Massam, Diane},
  DATE = {1990},
  JOURNALTITLE = {Canadian Journal of Linguistics},
  PAGES = {161--190},
  TITLE = {{C}ognate Objects as Thematic Objects},
  VOLUME = {35},
}

@BOOK{Matthews72,
  AUTHOR = {Matthews, Peter H.},
  LOCATION = {Cambridge},
  PUBLISHER = {Cambridge University Press},
  DATE = {1972},
  TITLE = {Inflectional Morphology. {A} Theoretical Study Based on Aspects of {Latin} Verb Conjugation},
}

@THESIS{May:77,
  AUTHOR = {May, Robert},
  INSTITUTION = {MIT},
  DATE = {1977},
  TITLE = {The Grammar of Quantification},
  TYPE = {phdthesis},
}

@INCOLLECTION{mccloskey02:_resum_succes_cyclic_local_operat,
  AUTHOR = {McCloskey, James},
  EDITOR = {Epstein, Samuel David and Seely, T. Daniel},
  LOCATION = {Oxford},
  PUBLISHER = {Blackwell},
  BOOKTITLE = {Derivation and Explanation in the {M}inimalist {P}rogram},
  DATE = {2002},
  PAGES = {184--226},
  TITLE = {Resumptives, Successive Cyclicity, and the Locality of Operations},
}

@BOOK{Merchant:01,
  AUTHOR = {Merchant, Jason},
  LOCATION = {Oxford},
  PUBLISHER = {Oxford University Press},
  DATE = {2001},
  TITLE = {The Syntax of Silence: {S}luicing, Islands, and the Theory of Ellipsis},
}

@INCOLLECTION{Mittwoch:98,
  AUTHOR = {Mittwoch, Anita},
  EDITOR = {Rothstein, Susan},
  LOCATION = {Dordrecht, Boston, London},
  PUBLISHER = {Kluwer Academic Publishers},
  BOOKTITLE = {Events and Grammar},
  DATE = {1998},
  PAGES = {309--332},
  TITLE = {Cognate Objects as Reflections of {D}avidsonian Event Arguments},
}

@ARTICLE{Moltmann:95,
  AUTHOR = {Moltmann, Friederike},
  DATE = {1995},
  JOURNALTITLE = {Linguistics and Philosophy},
  PAGES = {223--280},
  TITLE = {Exception Sentences and Polyadic Quantification},
  VOLUME = {18},
  NUMBER = 3
}

@INCOLLECTION{Montague:PTQ,
  AUTHOR = {Montague, Richard},
  EDITOR = {Thomason, Richmond H.},
  LOCATION = {Yale},
  PUBLISHER = {Yale University Press},
  BOOKTITLE = {Formal Philosophy. {S}elected Papers of {R}ichard {M}ontague},
  DATE = {1974},
  PAGES = {247--270},
  TITLE = {The Proper Treatment of Quantification in Ordinary {E}nglish},
}

@INCOLLECTION{Partee:Rooth:83,
  AUTHOR = {Partee, Barbara and Rooth, Mats},
  EDITOR = {Bäuerle, Rainer and Schwarze, Christoph and von Stechow, Arnim},
  LOCATION = {Berlin},
  PUBLISHER = {Walter de Gruyter},
  BOOKTITLE = {Meaning, Use and Interpretation of Language},
  DATE = {1983},
  PAGES = {361--383},
  TITLE = {Generalized Conjunction and Type Ambiguity},
}

@INCOLLECTION{Pinkal:99,
  AUTHOR = {Pinkal, Manfred},
  EDITOR = {Bunt, Harry and Muskens, Reinhard},
  LOCATION = {Dordrecht},
  PUBLISHER = {Kluwer Academic Publishers},
  BOOKTITLE = {Computing Meaning},
  DATE = {1999},
  PAGES = {33--55},
  SERIES = {Studies in Linguistics and Philosophy},
  TITLE = {On Semantic Underspecification},
}

@BOOK{Potts:05,
  AUTHOR = {Potts, Christopher},
  LOCATION = {Oxford},
  PUBLISHER = {Oxford University Press},
  DATE = {2005},
  SERIES = {Oxford Studies in Theoretical Linguistics},
  TITLE = {The Logic of Conventional Implicatures},
}

@UNPUBLISHED{Prince93,
  AUTHOR = {Prince, Alan and Smolensky, Paul},
  INSTITUTION = {Rutgers University and University of Colorado},
  DATE = {1993},
  TITLE = {Optimality Theory: {C}onstraint interaction in {Generative Grammar}},
}

@INPROCEEDINGS{Richter:16,
  AUTHOR = {Richter, Frank},
  EDITOR = {Arnold, Doug and Butt, Miriam and Crysmann, Berthold and King, Tracy Holloway and M{ü}ller, Stefan},
  LOCATION = {Stanford, CA},
  PUBLISHER = {CSLI Publications},
  URL = {http://cslipublications.stanford.edu/HPSG/2016/headlex2016-richter.pdf},
  BOOKTITLE = {Proceedings of the Joint 2016 Conference on {Head-Driven Phrase Structure Grammar} and {Lexical Functional Grammar}, {Polish Academy of Sciences}, {W}arsaw, {P}oland},
  DATE = {2016},
  PAGES = {599--619},
  TITLE = {Categorematic unreducible polyadic quantifiers in {Lexical Resource Semantics}},
}

@INCOLLECTION{Spencer:03:Morphology,
  AUTHOR = {Spencer, Andrew},
  EDITOR = {Aronoff, Mark and Ress‐Miller, Janie},
  LOCATION = {Oxford},
  PUBLISHER = {Blackwell},
  BOOKTITLE = {The Handbook of Linguistics},
  DATE = {2003},
  PAGES = {213--237},
  TITLE = {Morphology},
}

@ARTICLE{Stump2006,
  AUTHOR = {Gregory T. Stump},
  PUBLISHER = {Johns Hopkins University Press},
  DATE = {2006},
  DOI = {10.1353/lan.2006.0110},
  JOURNALTITLE = {Language},
  NUMBER = {2},
  PAGES = {279--322},
  TITLE = {{Heteroclisis} and Paradigm Linkage},
  VOLUME = {82},
}

@INCOLLECTION{Stump93,
  AUTHOR = {Stump, Gregory T.},
  EDITOR = {Booij, Geert E. and van Marle, Jaap},
  LOCATION = {Dordrecht},
  PUBLISHER = {Kluwer},
  BOOKTITLE = {Yearbook of Morphology 1992},
  DATE = {1993},
  PAGES = {129--180},
  TITLE = {Position classes and morphological theory},
}

@BOOK{Stump01,
  AUTHOR = {Stump, Gregory T.},
  LOCATION = {Cambridge},
  PUBLISHER = {Cambridge University Press},
  DATE = {2001},
  NUMBER = {93},
  SERIES = {Cambridge Studies in Linguistics},
  TITLE = {Inflectional Morphology. {A} Theory of Paradigm Structure},
}

@INCOLLECTION{Thornton2011,
  AUTHOR = {Thornton, Anna M.},
  PUBLISHER = {Oxford University Press},
  BOOKTITLE = {Morphological Autonomy: {Perspectives} From {R}omance Inflectional Morphology},
  DATE = {2011-08},
  DOI = {10.1093/acprof:oso/9780199589982.003.0017},
  PAGES = {358--381},
  TITLE = {{Overabundance} (Multiple Forms Realizing the Same Cell): {A} Non-canonical Phenomenon in {Italian} Verb Morphology},
}

@ARTICLE{Thornton12,
  AUTHOR = {Thornton, Anna M.},
  DATE = {2012},
  JOURNALTITLE = {Word Structure},
  PAGES = {183--207},
  TITLE = {Reduction and maintenance of overabundance. {A} case study on {I}talian verb paradigms},
  VOLUME = {5},
}

@INCOLLECTION{Thornton19,
  AUTHOR = {Thornton, Anna M.},
  PUBLISHER = {Oxford University Press},
  BOOKTITLE = {Oxford Research Encyclopedia of Linguistics},
  DATE = {2019},
  TITLE = {Overabundance in Morphology},
}

@ARTICLE{Tonhauser:al:13,
  AUTHOR = {Tonhauser, Judith and Beaver, David and Roberts, Craige and Simons, Mandy},
  DATE = {2013},
  JOURNALTITLE = {Language},
  NUMBER = {1},
  PAGES = {66--109},
  TITLE = {Toward a Taxonomy of Projective Content},
  VOLUME = {89},
}

@BOOK{Gelderen:11,
  AUTHOR = {van Gelderen, Elly},
  LOCATION = {Oxford},
  PUBLISHER = {Oxford University Press},
  DATE = {2011},
  TITLE = {The Linguistic Cycle: {L}anguage Change and the Language Faculty},
}

@ARTICLE{Gelderen:13,
  AUTHOR = {van Gelderen, Elly},
  DATE = {2013},
  JOURNALTITLE = {Language and Linguistics Compass},
  PAGES = {233--250},
  TITLE = {The Linguistic Cycle and the Language Faculty},
  VOLUME = {7},
}

@ARTICLE{Vicente:09,
  AUTHOR = {Vicente, Luis},
  DATE = {2009},
  DOI = {10.1111/j.1467-9612.2009.00126.x},
  JOURNALTITLE = {Syntax},
  NUMBER = {2},
  PAGES = {158--191},
  TITLE = {An Alternative to Remnant Movement for Partial Predicate Fronting},
  VOLUME = {12},
}

@BOOK{Zeijlstra:diss,
  AUTHOR = {Zeijlstra, Hedde},
  INSTITUTION = {Universiteit van Amsterdam},
  LOCATION = {Utrecht},
  PUBLISHER = {LOT},
  DATE = {2004},
  TITLE = {Sentential Negation and Negative Concord},
}

@INPROCEEDINGS{Zeijlstra:07,
  AUTHOR = {Zeijlstra, Hedde},
  BOOKTITLE = {Proceedings of {SALT} 17},
  DATE = {2007},
  TITLE = {Modal Concord},
  DOI = {https://doi.org/10.3765/salt.v17i0.2961},
  pages = {317--332}
}

