@collection{2vl11,
	maintitle	= {Verfasserlexikon},
	mainsubtitle	= {Die deutsche Literatur des Mittelalters},
	edition		= {2},
	publisher	= {De Gruyter},
	location	= {Berlin},
	volume		= {11},
	editor		= {Burghart Wachinger and Gundolf Keil and Kurt Ruh and Werner Schröder and Franz Josef Worstbrock and Christine Stöllinger},
	title		= {Nachträge und Korrekturen},
	date		= {2004},
	gender		= {pm},
	langid		= {german},
}

@book{aikhenvald2016,
	author		= {Alexandra Y. Aikhenvald},
	title		= {How gender shapes the world},
	location	= {Oxford},
	publisher	= {Oxford University Press},
	date		= {2016},
	doi			= {10.1093/acprof:oso/9780198723752.001.0001},
	gender		= {sf},
	langid		= {english},
}

@book{askedal1973,
	author		= {John O. Askedal},
	title		= {Neutrum Plural mit persönlichem Bezug im Deutschen unter Berücksichtigung des germanischen Ursprungs},
	publisher	= {Universitetsforlaget},
	location	= {Trondheim},
	date		= {1973},
	series		= {Germanistische Schriftenreihe der norwegischen Universitäten und Hochschulen},
	number		= {4},
	gender		= {sm},
	langid		= {german},
}

@article{askedal1974,
	author		= {John O. Askedal},
	title		= {Zum mhd.\ \enquote{korrelativen Bindewort} \mkbibitalic{beidiu/beide \dots\ und\mkbibparens{e}}},
	journaltitle	= {Norwegian Journal of Linguistics},
	volume		= {28},
	number		= {1},
	date		= {1974},
	gender		= {sm},
	langid		= {german},
}

@incollection{bauer2000,
	author		= {Laurie Bauer},
	title		= {Word},
	editor		= {Geert Booij and Christian Lehmann and Joachim Mugdan},
	booktitle	= {Morphologie},
	booksubtitle	= {Ein internationales {H}andbuch zur {F}lexion und {W}ortbildung},
	volume		= {1},
	location	= {Berlin},
	publisher	= {De Gruyter},
	date		= {2000},
	series		= {Handbücher zur Sprach- und Kommunikationswissenschaft},
	number		= {17},
	pages		= {247--257},
	doi			= {10.1515/9783110111286.1.4.247},
	gender		= {sm},
	langid		= {english}
}

@thesis{becker2013,
	author		= {Carsten Becker},
	title		= {Die neuhochdeutsche Diphthongierung und ihre Spuren im \enquote*{Corpus der altdeutschen Originalurkunden bis zum Jahr 1300}},
	type		= {bathesis},
	institution	= {Philipps-Universität Marburg},
	date		= {2013},
	gender		= {sm},
	langid		= {german},
}

@thesis{becker2016,
	author		= {Carsten Becker},
	title		= {Mittelhochdeutsche Adjektivmorphosyntax in pragmatischen und literarischen Texten},
	subtitle	= {Eine exemplarische Studie},
	type		= {Masterarb.}, % mathesis => "Magisterarb."
	institution	= {Philipps-Universität Marburg},
	date		= {2016},
	gender		= {sm},
	langid		= {german},
}

@article{beckerschallert2021,
	author		= {Carsten Becker and Oliver Schallert},
	title		= {Areal variation in {M}iddle {H}igh {G}erman},
	subtitle	= {A perspective from charters},
	journaltitle	= {North-Western European Language Evolution},
	volume		= {74},
	number		= {2},
% 	issuetitle	= {Historical {G}erman morphosyntax},
	date		= {2021},
	pages		= {199--241},
	doi			= {10.1075/nowele.00057.bec},	
	gender		= {pm},
	langid		= {english},
}

@incollection{beckerschallert2022a,
	author		= {Carsten Becker and Oliver Schallert},
	title		= {Areale Variation im Bairischen des 13.\ Jahrhunderts},
	subtitle	= {Eine Innen- und Außenperspektive},
	editor		= {Philip C. Vergeiner and Stephan Elspaß and Dominik Wallner},
	maintitle	= {Struktur von Variation zwischen Individuum und Gesellschaft},
	mainsubtitle	= {Akten der 14.~Bayerisch-Österreichischen Dialektologietagung, Salzburg, 7.--9.11.2019},
	location	= {Stuttgart},
	publisher	= {Steiner},
	date		= {2022},
	series		= {Zeitschrift für Dialektologie und Linguistik Beihefte},
	number		= {189},
	pages		= {387--407},
	gender		= {pm},
	langid		= {german},
}

@article{beckerschallert2022b,
	author		= {Carsten Becker and Oliver Schallert},
	title		= {Urkunden als Quelle \mkbibparens{schreib-}\allowbreak{}sprachlandschaftlicher Variation},
	subtitle	= {Bestandsaufnahme und Perspektiven},
	journaltitle	= {Zeitschrift für deutsches Altertum und deutsche Literatur},
	volume		= {151},
	number		= {2},
	date		= {2022},
	pages		= {143--178},
	doi			= {10.3813/zfda-2022-0005},
	gender		= {pm},
	langid		= {german},
}

@book{behaghel1923,
	author		= {Otto Behaghel},
	title		= {Die Wortklassen und Wortformen},
	subtitle	= {A.~Nomen.\ Pronomen},
	volume		= {1},
	date		= {1923},
	maintitle	= {Deutsche Syntax},
	mainsubtitle	= {Eine geschichtliche Darstellung},
	series		= {Germanische Bibliothek, I. Sammlung germanischer Elementar- und Handbücher, I. Reihe: Grammatiken},
	number		= {10},
	location	= {Heidelberg},
	publisher	= {Winter},
	gender		= {sm},
	langid		= {german},
}

@book{behaghel1928,
	author		= {Otto Behaghel},
	title		= {Die Satzgebilde},
	volume		= {3},
	date		= {1928},
	maintitle	= {Deutsche Syntax},
	mainsubtitle	= {Eine geschichtliche Darstellung},
	series		= {Germanische Bibliothek, I. Sammlung germanischer Elementar- und Handbücher, I. Reihe: Grammatiken},
	number		= {10},
	location	= {Heidelberg},
	publisher	= {Winter},
	gender		= {sm},
	langid		= {german},
}

@book{bein2011,
	author		= {Thomas Bein},
	title		= {Textkritik},
	subtitle	= {Eine Einführung in Grundlagen germanistisch-mediävistischer Editionswissenschaft},
	edition		= {2},
	location	= {Frankfurt a.\,M.},
	publisher	= {Peter Lang},
	date		= {2011},
	gender		= {sm},
	langid		= {german},
}

@book{bein2013,
	editor		= {Thomas Bein and Horst Brunner},
	title		= {Walther von der Vogelweide},
	subtitle	= {Leich, Lieder, Sangsprüche},
	edition		= {15},
	location	= {Berlin},
	publisher	= {De Gruyter},
	year		= {2013},
	gender		= {sm},
	langid		= {german},
}

@book{berman2003,
	author		= {Judith Berman},
	title		= {Clausal syntax of {G}erman},
	publisher	= {CSLI Publications},
	location	= {Stanford},
	date		= {2003},
	series		= {Studies in Constraint-Based Lexicalism},
% 	number		= {}, % none, checked photocopied imprint 2023-12-04
	gender		= {sf},
	langid		= {english},
}

@book{bertelsmeierkierst2008,
	author		= {Christa Bertelsmeier-Kierst},
	title		= {Kommunikation und Herrschaft},
	subtitle	= {Zum volkssprachlichen Verschriftlichungsprozeß des Rechts im 13.~Jahrhundert},
	location	= {Stuttgart},
	publisher	= {Hirzel},
	date		= {2008},
	series      = {Zeitschrift für deutsches Altertum und deutsche Literatur},
	number		= {Beiheft 9},
	gender		= {sf},
	langid		= {german},
}

@incollection{bickel2011,
	author		= {Balthasar Bickel},
	title		= {Grammatical relations typology},
	editor		= {{Jae Jung} Song},
	booktitle	= {The {O}xford Handbook of Linguistic Typology},
	location	= {Oxford},
	publisher	= {Oxford University Press},
	date		= {2011},
	series		= {Oxford Handbooks in Linguistics},
% 	number		= {}, % none, checked photocopied imprint 2023-12-04
	pages		= {399--444},
	doi			= {10.1093/oxfordhb/9780199281251.013.0020},
	gender		= {sm},
	langid		= {english},
}

@incollection{bierwisch1967,
	author		= {Manfred Bierwisch},
	title		= {Syntactic Features in Morphology},
	subtitle	= {General Problems of So-Called Pronominal Inflection in {G}erman},
	booktitle	= {To Honor {R}oman {J}akobson},
	booksubtitle	= {Essays on the Occasion of His Seventieth Birthday, 11 {O}ctober 1966},
	volume		= {1},
	location	= {Den Haag},
	publisher	= {Mouton},
	date		= {1967},
	series		= {Janua Linguarum, Series Maior},
	number		= {31},
	pages		= {239--270},
	doi			= {10.1515/9783111604763-022},
	gender		= {sm},
	langid		= {english},
}

@incollection{binanzeretal2022,
	author		= {Anja Binanzer and Sarah Schimke and Silke Schunack},
	title		= {Syntaktische Domäne oder lineare Distanz -- welcher Faktor steuert semantische Kongruenz im Kontext von Hybrid Nouns und Epikoina in stärkerem Maß?},
	editor		= {Gabriele Diewald and Damaris Nübling},
	booktitle	= {Genus -- Sexus -- Gender},
	location	= {Berlin},
	publisher	= {De Gruyter},
	year		= {2022},
	series		= {Linguistik -- Impulse \& Tendenzen},
	number		= {95},
	pages		= {193--218},
	doi			= {10.1515/9783110746396-006},
	gender		= {pf},
	langid		= {german},
}

@incollection{birkenesfleischer2022,
	author		= {Magnus B. Birkenes and Jürg Fleischer},
	title		= {Genus- und Sexuskongruenz im Mittelhochdeutschen},
	subtitle	= {Eine Paralleltextanalyse zum Lexical hybrid \mkbibitalic{kint}},
	editor		= {Gabriele Diewald and Damaris Nübling},
	booktitle	= {Genus -- Sexus -- Gender},
	location	= {Berlin},
	publisher	= {De Gruyter},
	year		= {2022},
	series		= {Linguistik -- Impulse \& Tendenzen},
	number		= {95},
	pages		= {241--265},
	doi			= {10.1515/9783110746396-008},
	gender		= {pm},
	langid		= {german},
}

@book{boesch1946,
	author		= {Bruno Boesch},
	title		= {Untersuchungen zur alemannischen Urkundensprache des 13.~Jahrhunderts},
	subtitle	= {Laut- und Formenlehre},
	location	= {Bern},
	publisher	= {Francke},
	date		= {1946},
	gender		= {sm},
	langid		= {german},
}

@incollection{bokamba1985,
	author		= {Eyamba G. Bokamba},
	title		= {Verbal agreement as a noncyclic rule in {B}antu},
	booktitle	= {African Linguistics},
	booksubtitle	= {Essays in Memory of {M.~W.~K.\ Semikenke}},
	editor		= {Didier L. Goyvaerts},
	series		= {Studies in the Sciences of Language},
	number		= {6},
	location	= {Amsterdam},
	publisher	= {John Benjamins},
	year		= {1985},
	gender		= {sm},
	langid		= {english},
}

@article{borsley2005,
	author		= {Robert D. Borsley},
	title		= {Against {ConjP}},
	journaltitle	= {Lingua},
	volume		= {115},
	number		= {4},
	date		= {2005},
	pages		= {461--482},
	doi			= {10.1016/j.lingua.2003.09.011},
	gender		= {sm},
	langid		= {english},
}

@incollection{bossong1998,
	author		= {Georg Bossong},
	title		= {Le marquage différentiel de l'objet dans les langues d'Europe},
	editor		= {Jack Feuillet},
	booktitle	= {Actance et Valence dans les Langues de l'Europe},
	publisher	= {Mouton de Gruyter},
	location	= {Berlin},
	date		= {1998},
	series		= {Empirical Approaches to Language Typology},
	number		= {20},
	maintitle	= {Eurotyp},
	volume		= {2},
	pages		= {193--258},
	doi			= {10.1515/9783110804485.193},
	gender		= {sm},
	langid		= {french},
}

@book{braune2023,
	maintitle	= {Althochdeutsche Grammatik},
	series		= {Sammlung kurzer Grammatiken germanischer Dialekte, A. Hauptreihe},
	number		= {5},
	author		= {Wilhelm Braune and Frank Heidermanns},
	edition		= {17},
	title		= {Phonologie und Morphologie},
	volume		= {1},
	number		= {5},
	location	= {Berlin},
	publisher	= {De Gruyter},
	date		= {2023},
	doi			= {10.1515/9783111210537},
	gender		= {sm},
	langid		= {german},
}

@book{bresnan2001,
	author		= {Joan Bresnan},
	title		= {Lexical-functional syntax},
	location	= {Oxford},
	publisher	= {Blackwell},
	date		= {2001},
	series		= {Blackwell Textbooks in Linguistics},
	number		= {16},
	gender		= {sf},
	langid		= {english},
}

@book{bresnanetal2016,
	author		= {Joan Bresnan and Ash Asudeh and Ida Toivonen and Stephen Wechsler},
	title		= {Lexical-functional syntax},
	edition		= {2},
	location	= {Chichester},
	publisher	= {Wiley--Blackwell},
	date		= {2016},
	series		= {Blackwell Textbooks in Linguistics},
	number		= {16},
	gender		= {pp},
	langid		= {english},
}

@incollection{bumke1999,
	author		= {Joachim Bumke},
	title		= {Wolfram von Eschenbach},
	maintitle	= {Verfasserlexikon},
	mainsubtitle	= {Die deutsche Literatur des Mittelalters},
	editor		= {Kurt Ruh and Gundolf Keil and Werner Schröder and Burghart Wachinger and Franz J. Worstbrock and Christine Stöllinger},
	edition		= {2},
	publisher	= {De Gruyter},
	location	= {Berlin},
	volume		= {10},
	booktitle	= {Ulrich von Lilienfeld -- \enquote*{Das zwölfjährige Mönchlein}},
	date		= {1999},
	pages		= {1376--1418},
	gender		= {sm},
	langid		= {german},
}

@incollection{bumkepeters2005,
	author		= {Joachim Bumke and Ursula Peters},
	title		= {Einleitung},
	editor		= {Joachim Bumke and Ursula Peters},
	booktitle	= {Retextualisierung in der mittelalterlichen Literatur},
	series		= {Sonderhefte der Zeitschrift für deutsche Philologie},
	number		= {124},
	date		= {2005},
	pages		= {1--5},
	gender		= {pp},
	langid		= {german},
}

@incollection{buttking2015,
	author		= {Miriam Butt and Tracy H. King},
	title		= {Lexical-functional grammar},
	editor		= {Tibor Kiss and Artemis Alexiadou},
	booktitle	= {Syntax},
	booksubtitle	= {Theory and Analysis},
	volume		= {2},
	location	= {Berlin},
	publisher	= {De Gruyter},
	date		= {2015},
	series		= {Handbücher zur Sprach- und Kommunikationswissenschaft},
	number		= {42},
	pages		= {839--874},
	doi			= {10.1515/9783110363708-002},
	gender		= {pf},
	langid		= {english},
}

@online{cao-online,
	editor		= {Kurt Gärtner and Andrea Rapp and Andreas Gniffke},
	title		= {Corpus der altdeutschen Originalurkunden bis zum Jahr 1300},
	titleaddon	= {Elektronische Edition},
	organization	= {Universität Trier},
	date		= {2007},
	url			= {http://tcdh01.uni-trier.de/cgi-bin/iCorpus/CorpusIndex.tcl},
	urldate		= {2024-01-08},
	gender		= {pp},
	langid		= {german},
}

@collection{cao1,
	editor		= {Friedrich Wilhelm},
	maintitle	= {Corpus der altdeutschen Originalurkunden bis zum Jahr 1300},
	title		= {1200--1282},
	subtitle	= {Nr. 1--564},
	shorttitle	= {CAO~1},
	shorthand	= {CAO~1},
	volume		= {1},
	location	= {Lahr/Schwarzwald},
	publisher	= {Moritz Schauenburg},
	date		= {1932},
	gender		= {sm},
	langid		= {german},
}

@collection{cao2,
	editor		= {Richard Newald},
	maintitle	= {Corpus der altdeutschen Originalurkunden bis zum Jahr 1300},
	title		= {1283--1292},
	subtitle	= {Nr. 565--1657},
	shorttitle	= {CAO~2},
	shorthand	= {CAO~2},
	volume		= {2},
	location	= {Lahr/Schwarzwald},
	publisher	= {Moritz Schauenburg},
	date		= {1943},
	gender		= {sm},
	langid		= {german},
}

@collection{cao3,
	editor		= {Helmut de Boor and Diether Haacke},
	maintitle	= {Corpus der altdeutschen Originalurkunden bis zum Jahr 1300},
	title		= {1293--1296},
	subtitle	= {Nr.~1658--2559},
	shorttitle	= {CAO~3},
	shorthand	= {CAO~3},
	volume		= {3},
	location	= {Lahr/Schwarzwald},
	publisher	= {Moritz Schauenburg},
	date		= {1957},
	gender		= {pm},
	langid		= {german},
}

@collection{cao4,
	editor		= {Helmut de Boor and Diether Haacke},
	maintitle	= {Corpus der altdeutschen Originalurkunden bis zum Jahr 1300},
	title		= {1297--[Ende 13.~Jahrhundert]},
	subtitle	= {Nr.~2560--3598},
	shorttitle	= {CAO~4},
	shorthand	= {CAO~4},
	volume		= {4},
	location	= {Lahr/Schwarzwald},
	publisher	= {Moritz Schauenburg},
	date		= {1963},
	gender		= {pm},
	langid		= {german},
}

@collection{cao5,
	editor		= {Helmut de Boor and Diether Haacke and Bettina Kirschstein},
	maintitle	= {Corpus der altdeutschen Originalurkunden bis zum Jahr 1300},
	title		= {Nachtragsurkunden 1261--1297},
	subtitle	= {Nr. N\,1 \mkbibparens{54a}--N\,824 \mkbibparens{2578a}},
	shorttitle	= {CAO~5},
	shorthand	= {CAO~5},
	volume		= {5},
	location	= {Berlin},
	publisher	= {Erich Schmidt},
	date		= {2004},
	gender		= {pp},
	langid		= {german},
}

@collection{caor,
	editor		= {Helmut de Boor and Diether Haacke},
	title		= {Regesten zu den Bänden I--IV},
	subtitle	= {Nr.~1--3598},
	shorttitle	= {CAO~R},
	shorthand	= {CAO~R},
	location	= {Lahr/Schwarzwald},
	publisher	= {Moritz Schauenburg},
	date		= {1963},
	gender		= {pm},
	langid		= {german},
}

@article{chincaetal2019a,
	author		= {Mark Chinca and Helen Hunter and Christopher Young},
	title		= {The \enquote*{Kaiserchronik} and its three recensions},
	journaltitle	= {Zeitschrift für deutsches Altertum und deutsche Literatur},
	volume		= {148},
	number		= {2},
	date		= {2019},
	pages		= {141--208},
	doi			= {10.3813/zfda-2019-0006},
	gender		= {pp},
	langid		= {english},
}

@article{chincaetal2019b,
	author		= {Mark Chinca and Helen Hunter and Jürgen Wolf and Christopher Young},
	title		= {Kaiserchronik -- digital},
	journaltitle	= {Zeitschrift für deutsches Altertum und deutsche Literatur},
	volume		= {148},
	number		= {2},
	date		= {2019},
	pages		= {285--288},
	doi			= {10.3813/zfda-2019-0010},
	gender		= {pp},
	langid		= {english},
}

@incollection{chomsky1970,
	author		= {Noam Chomsky},
	title		= {Remarks on nominalization},
	editor		= {Roderick A. Jacobs and Peter S. Rosenbaum},
	booktitle	= {Readings in {E}nglish transformational grammar},
	pages		= {184--221},
	location	= {Waltham},
	publisher	= {Ginn \& Company},
	date		= {1970},
	gender		= {sm},
	langid		= {english},
}

@book{chomsky1981,
	author		= {Noam Chomsky},
	title		= {Lectures on Government and Binding},
	location	= {Dordrecht},
	publisher	= {Foris},
	date		= {1981},
	series		= {Studies in Generative Grammar},
	number		= {9},
	doi			= {10.1515/9783110884166},
	gender		= {sm},
	langid		= {english},
}

@book{chomsky1986,
	author		= {Noam Chomsky},
	title		= {Barriers},
	location	= {Cambridge},
	publisher	= {MIT Press},
	year		= {1986},
	series		= {Linguistic Inquiry Monographs},
	number		= {13},
	gender		= {sm},
	langid		= {english},
}

@book{comrie1989,
	author		= {Bernard Comrie},
	title		= {Language universals and linguistic typology},
	subtitle	= {Syntax and morphology},
	edition		= {2},
	location	= {London},
	publisher	= {Blackwell},
	date		= {1989},
	gender		= {sm},
	langid		= {english},
}

@article{corbett1979,
	author		= {Greville G. Corbett},
	title		= {The agreement hierarchy},
	journaltitle	= {Journal of Linguistics},
	volume		= {15},
	number		= {2},
	date		= {1979},
	pages		= {203--224},
	doi			= {10.1017/S0022226700016352},
	gender		= {sm},
	langid		= {english},
}

@incollection{corbett1983,
	author		= {Greville G. Corbett},
	title		= {Resolution rules},
	subtitle	= {Agreement in person, number, and gender},
	editor		= {Gerald Gazdar and Ewan Klein and Geoffrey K. Pullum},
	booktitle	= {Order, concord and constituency},
	location	= {Dordrecht},
	publisher	= {Foris},
	date		= {1983},
	series		= {Linguistic Models},
	number		= {4},
	pages		= {175--206},
	gender		= {sm},
	langid		= {english},
}

@book{corbett1991,
	author		= {Greville G. Corbett},
	title		= {Gender},
	location	= {Cambridge},
	publisher	= {Cambridge University Press},
	date		= {1991},
	series		= {Cambridge Textbooks in Linguistics},
% 	number		= {}, % none, checked photocopied imprint 2023-12-04
	doi			= {10.1017/CBO9781139166119},
	gender		= {sm},
	langid		= {english},
}

@incollection{corbett1999,
	author		= {Greville G. Corbett and Norman M. Fraser},
	title		= {Default genders},
	editor		= {Barbara Unterbeck and Matti Rissanen and Terttu Nevalainen and Mirja Saari},
	maintitle	= {Gender in grammar and cognition},
	booktitle	= {Approaches to gender},
	location	= {Berlin},
	publisher	= {Mouton de Gruyter},
	date		= {2000},
	series		= {Trends in Linguistics, Studies and Monographs},
	number		= {124},
	volume		= {1},
	pages		= {55--97},
	gender		= {sm},
	langid		= {english},
}

@book{corbett2006,
	author		= {Greville G. Corbett},
	title		= {Agreement},
	publisher	= {Cambridge University Press},
	location	= {Cambridge},
	date		= {2006},
	series		= {Cambridge Textbooks in Linguistics},
% 	number		= {}, % none, checked physical book 2023-12-04
	gender		= {sm},
	langid		= {english},
}

@book{corbett2012,
	author		= {Greville G. Corbett},
	title		= {Features},
	publisher	= {Cambridge University Press},
	location	= {Cambridge},
	date		= {2012},
	series		= {Cambridge Textbooks in Linguistics},
% 	number		= {}, % none, checked physical book 2023-12-04
	doi			= {10.1017/CBO9781139206983},
	gender		= {sm},
	langid		= {english},
}

@incollection{corbett2013b,
	author		= {Greville G. Corbett},
	title       = {Sex-based and Non-sex-based Gender Systems},
	editor		= {Matthew S. Dryer and Martin Haspelmath},
	booktitle	= {The World Atlas of Language Structures Online},
	publisher	= {Max-Planck-Institut für evolutionäre Anthropologie},
	location	= {Leipzig},
	date		= {2013},
	url			= {https://wals.info/chapter/31},
	urldate		= {2024-01-08},
	gender		= {sm},
	langid		= {english},
}

@article{cysouwwaelchli2007,
	author		= {Michael Cysouw and Bernhard Wälchli},
	title		= {Parallel texts},
	subtitle	= {Using translational equivalents in linguistic typology},
	journaltitle	= {Sprachtypologie und Universalienforschung},
	volume		= {60},
	number		= {2},
	pages		= {95--99},
	date		= {2007},
	gender		= {pm},
	langid		= {english},
}

@incollection{dahl1999,
	author		= {Östen Dahl},
	title		= {Animacy and the notion of semantic gender},
	editor		= {Barbara Unterbeck and Matti Rissanen and Terttu Nevalainen and Mirja Saari},
	maintitle	= {Gender in grammar and cognition},
	booktitle	= {Approaches to gender},
	volume		= {1},
	location	= {Berlin},
	publisher	= {Mouton de Gruyter},
	date		= {2000},
	series		= {Trends in Linguistics, Studies and Monographs},
	number		= {124},
	pages		= {99--115},
	doi			= {10.1515/9783110802603.99},
	gender		= {sm},
	langid		= {english},
}

@book{dal2014,
	author		= {Ingerid Dal and Hans-Werner Eroms},
	title		= {Kurze deutsche Syntax auf historischer Grundlage},
	edition		= {4},
	location	= {Berlin},
	publisher	= {De Gruyter},
	date		= {2014},
	series		= {Sammlung kurzer Grammatiken germanischer Dialekte, B. Ergänzungsreihe},
	number		= {7},
	doi			= {10.1515/9783110335163},
	gender		= {sf},
	langid		= {german},
}

@book{dalrymple2001,
	author		= {Mary Dalrymple},
	title		= {Lexical functional grammar},
	location	= {San Diego},
	publisher	= {Academic Press},
	date		= {2001},
	series		= {Syntax and Semantics},
	number		= {34},
	gender		= {sf},
	langid		= {english},
}

@book{dalrymple2023,
	editor		= {Mary Dalrymple},
	title		= {The Handbook of {L}exical {F}unctional {G}rammar},
	location	= {Berlin},
	publisher	= {Language Science Press},
	date		= {2023},
	series		= {Empirically Oriented Theoretical Morphology and Syntax},
	doi			= {10.5281/zenodo.10037797},
	gender		= {sf},
	langid		= {english},
}

@article{dammelgillmann2014,
	author		= {Antje Dammel and Melitta Gillmann},
	title		= {Relevanzgesteuerter Umbau der Substantivflexion im Deutschen},
	subtitle	= {Spiegelt Diachronie Typologie?},
	journaltitle	= {Beiträge zur Geschichte der deutschen Sprache und Literatur},
	volume		= {136},
	number		= {2},
	date		= {2014},
	pages		= {173--229},
	doi			= {10.1515/bgsl-2014-0016},
	gender		= {pf},
	langid		= {german},
}

@online{ddd,
	title		= {Referenzkorpus Altdeutsch},
	editor		= {Lars E. Zeige and Gohar Schnelle and Martin Klotz and Karin Donhauser and Jost Gippert and Rosemarie Lühr},
	titleaddon	= {Version 1.2},
	organization	= {Humboldt-\allowbreak{}Universität zu Berlin},
	location	= {Berlin},
	year		= {2022},
	url			= {https://www.deutschdiachrondigital.de/rea/},
	urldate		= {2024-01-08},
	gender		= {pp},
	langid		= {german},
}

@incollection{deboorhaacke1957,
	author		= {Helmut de Boor and Diether Haacke},
	title		= {Vorrede},
	editor		= {Helmut de Boor and Diether Haacke},
	maintitle	= {Corpus der altdeutschen Originalurkunden bis zum Jahr 1300},
	booktitle	= {1293--1296},
	booksubtitle	= {Nr.~1658--2559},
	volume		= {3},
	location	= {Lahr/Schwarzwald},
	publisher	= {Moritz Schauenburg},
	date		= {1957},
	pages		= {\RN{7}--\RN{41}},
	gender		= {pm},
	langid		= {german},
}

@incollection{deboor1974,
	author		= {Helmut de Boor},
	title		= {\mkbibitalic{Elliu, alliu, alle} in den deutschen Urkunden des 13.~Jahrhunderts},
	editor		= {Ernst-Joachim Schmidt},
	booktitle	= {Kritische Bewahrung},
	booksubtitle	= {Festschrift für {W}erner {S}chröder},
	location	= {Berlin},
	publisher	= {Erich Schmidt},
	pages		= {118--139},
	date		= {1974},
	gender		= {sm},
	langid		= {german},
}

@incollection{deboor1976,
	author		= {Helmut de Boor},
	title		= {Vor- und Nachwort zum \mkbibitalic{Corpus der altdeutschen Originalurkunden bis zum Jahr 1300} von Helmut de Boor \mkbibparens{1976}},
	shorttitle	= {Vor- und Nachwort},
	editor		= {Helmut de Boor and Diether Haacke and Bettina Kirschstein},
	maintitle	= {Corpus der altdeutschen Originalurkunden bis zum Jahr 1300},
	booktitle		= {Nachtragsurkunden 1261--1297},
	booksubtitle	= {Nr. N\,1 \mkbibparens{54a}--N\,824 \mkbibparens{2578a}},
	volume		= {5},
	location	= {Berlin},
	publisher	= {Erich Schmidt},
	origdate	= {1976},
	date		= {2004},
	pages		= {\RN{9}--\RN{28}},
	gender		= {sm},
	langid		= {german},
}

@article{deboor1976b,
	author		= {Helmut de Boor},
	title		= {Das Pronomen \enquote*{dieser} in den deutschen Urkunden des 13.~Jahrhunderts},
	journaltitle	= {Beiträge zur Geschichte der deutschen Sprache und Literatur},
	pages		= {1--31},
	volume		= {98}, % Tübingen
	year		= {1976},
	doi			= {10.1515/bgsl.1976.1976.98.1},
	gender		= {sm},
	langid		= {german},
}

@book{deboor1988,
	title		= {Das Nibelungenlied},
	titleaddon	= {Nach der Ausgabe von Karl Bartsch},
	editor		= {Helmut de Boor and Roswitha Wisniewski},
	edition		= {22},
	location	= {Mannheim},
	publisher	= {Brockhaus},
	date		= {1988},
	series		= {Deutsche Klassiker des Mittelalters},
% 	number		= {}, % none, checked physical book 2023-12-05
	gender		= {sm},
	langid		= {german},
}

@book{delbrueck1900,
	author		= {Berthold Delbrück},
	title		= {Vergleichende Syntax der indogermanischen Sprachen},
	volume		= {3},
	location	= {Berlin},
	publisher	= {De Gruyter \& Co.},
	date		= {1967},
	origdate	= {1900},
	series	= {Grundriss der vergleichenden Grammatik der indogermanischen Sprachen},
	number		= {5},
	gender		= {sm},
	langid		= {german},
}

@book{demske2001,
	author		= {Ulrike Demske},
	title		= {Merkmale und Relationen},
	subtitle	= {Diachrone Studien zur Nominalphrase des Deutschen},
	location	= {Berlin},
	publisher	= {De Gruyter},
	date		= {2001},
	series		= {Studia Linguistica Germanica},
	number		= {56},
	gender		= {sf},
	langid		= {german},
}

@book{dickhutbielsky2015,
	author		= {Johannes Dickhut-Bielsky},
	title		= {Auf der Suche nach der Wahrheit in \enquote*{Annolied} und \enquote*{Kaiserchronik}},
	subtitle	= {Poetisch-historiographische Wahrheitssuche in frühmittelhochdeutschen Geschichtsdichtungen},
	series		= {Zeitschrift für deutsches Altertum und deutsche Literatur},
	number		= {Beiheft 23},
	location	= {Stuttgart},
	publisher	= {Hirzel},
	date		= {2015},
	gender		= {sm},
	langid		= {german},
}

@book{diemer1849,
	editor		= {Joseph Diemer},
	title		= {Die \mkbibitalic{Kaiserchronik} nach der aeltesten Handschrift des Stiftes Vorau},
	location	= {Wien},
	publisher	= {Wilhelm Braumüller},
	date		= {1849},
	gender		= {sm},
	langid		= {german},
	keywords	= {edition},
}

@inproceedings{dipper2005,
	author		= {Stefanie Dipper},
	title		= {German quantifiers},
	subtitle	= {Determiners or adjectives?},
	editor		= {Miriam Butt and Tracy H. King},
	booktitle	= {Proceedings of the {LFG~05} Conference},
	venue		= {University of Bergen},
	location	= {Stanford},
	publisher	= {CSLI Publications},
	date		= {2005},
	pages		= {100--115},
	gender		= {sf},
	langid		= {english},
}

@article{dipper2015,
	author		= {Stefanie Dipper},
	title		= {Annotierte Korpora für die Historische Syntaxforschung},
	subtitle	= {Anwendungsbeispiele anhand des Referenzkorpus Mittelhochdeutsch},
	journaltitle	= {Zeitschrift für germanistische Linguistik},
	volume		= {43},
	number		= {3},
	date		= {2015},
	pages		= {516--563},
	doi			= {10.1515/zgl-2015-0020},
	gender		= {sf},
	langid		= {german},
}

@book{drach1963,
	author		= {Erich Drach},
	title		= {Grundgedanken der deutschen Satzlehre},
	edition		= {4},
	location	= {Darmstadt},
	publisher	= {Wissenschaftliche Buchgesellschaft},
	date		= {1963},
	origdate	= {1937},
	gender		= {sm},
	langid		= {german},
}

@collection{drw7,
	maintitle	= {Deutsches Rechtswörterbuch},
	mainsubtitle	= {Wörterbuch der ältesten deutschen Rechtssprache},
	editor		= {{Heidelberger Akademie der Wissenschaften}},
	editora		= {Günther Dickel and Heino Speer},
	editoratype	= {redactor},
	shorthand	= {DRW~7},
	volume		= {7},
	title		= {Kanzlei bis Krönung},
	date		= {1974/1983},
	location	= {Weimar},
	publisher	= {Hermann Böhlhaus Nachfolger},
}

@online{duden-online,
	title		= {Duden},
	location	= {Berlin},
	publisher	= {Bibliographisches Institut},
	date		= {2021},
	url			= {https://www.duden.de},
	urldate		= {2024-01-08},
	langid		= {german},
	keywords	= {noquotes}
}

@online{elspassmoeller2003,
	author		= {Stephan Elspaß and Robert Möller},
	title		= {Atlas zur deutschen Alltagssprache},
	organization	= {Université de Liège and Universität Salzburg},
	year		= {2003},
	url			= {https://www.atlas-alltagssprache.de},
	urldate		= {2024-01-08},
}

@incollection{fanselowcavar2002,
	author		= {Gisbert Fanselow and Damir Ćavar},
	title		= {Distributed deletion},
	editor		= {Artemis Alexiadou},
	booktitle	= {Theoretical approaches to universals},
	location	= {Amsterdam},
	publisher	= {John Benjamins},
	date		= {2002},
	series		= {Linguistik Aktuell/Linguistics Today},
	number		= {49},
	pages		= {65--107},
	doi			= {10.1075/la.49.05fan},
	gender		= {pm},
	langid		= {english},
}

@article{fleischer2007,
	author		= {Jürg Fleischer},
	title		= {Das prädikative Adjektiv und Partizip im Althochdeutschen und Altniederdeutschen},
	journaltitle	= {Sprachwissenschaft},
	volume		= {32},
	number		= {3},
	date		= {2007},
	pages		= {279--348},
	gender		= {sm},
	langid		= {german},
}

@article{fleischer2012,
	author		= {Jürg Fleischer},
	title		= {Grammatische und semantische Kongruenz in der Geschichte des {D}eutschen},
	subtitle	= {Eine diachrone Studie zu den Kongruenzformen von ahd.\ \mkbibitalic{wīb}, nhd.\ \mkbibitalic{Weib}},
	journaltitle	= {Beiträge zur Geschichte der deutschen Sprache und Literatur},
	volume		= {134},
	number		= {2},
	date		= {2012},
	pages		= {163--203},
	doi			= {10.1515/pbb-2012-0002},
	gender		= {sm},
	langid		= {german},
}

@article{fleischer2019,
	author		= {Jürg Fleischer},
	title		= {Zur sprachlichen Einordnung mittelhochdeutscher Zeugnisse},
	subtitle	= {Grundsätzliche Überlegungen und quantitative Explorationen anhand der \enquote*{Kaiserchronik}-Überlieferung},
	journaltitle	= {Zeitschrift für deutsches Altertum und deutsche Literatur},
	volume		= {148},
	number		= {2},
	date		= {2019},
	pages		= {258--284},
	doi			= {10.3813/zfda-2019-0009},
	gender		= {sm},
	langid		= {german},
}

@book{fleischerschallert2011,
	author		= {Jürg Fleischer and Oliver Schallert},
	title		= {Historische Syntax des Deutschen},
	subtitle	= {Eine Einführung},
	publisher	= {Narr},
	series		= {Narr Studienbücher},
% 	number		= {}, % none, checked physical book 2023-12-04
	location	= {Tübingen},
	date		= {2011},
	gender		= {pm},
	langid		= {german},
}

@incollection{frenz1998a,
	author		= {Thomas Frenz},
	title		= {Urkunde \mkbibparens{rechtlich}},
	maintitle	= {Handwörterbuch zur deutschen Rechtsgeschichte},
	editor		= {Adalbert Erler and Ekkehard Kaufmann and Dieter Werkmüller},
	booktitle	= {Straftheorie -- Zycha, Register},
	volume		= {5},
	location	= {Berlin},
	publisher	= {Erich Schmidt},
	date		= {1998},
	pages		= {574--576},
	gender		= {sm},
	langid		= {german},
}

@incollection{frenz1998b,
	author		= {Thomas Frenz},
	title		= {Urkundenlehre},
	maintitle	= {Handwörterbuch zur deutschen Rechtsgeschichte},
	editor		= {Adalbert Erler and Ekkehard Kaufmann and Dieter Werkmüller},
	booktitle	= {Straftheorie -- Zycha, Register},
	volume		= {5},
	location	= {Berlin},
	publisher	= {Erich Schmidt},
	date		= {1998},
	pages		= {584--591},
	gender		= {sm},
	langid		= {german},
}

@book{frisch:stiller,
	author		= {Max Frisch},
	title		= {Stiller},
	titleaddon	= {Roman},
	location	= {Frankfurt a.\,M.},
	publisher	= {Suhrkamp},
	year		= {1954},
	gender		= {sm},
	langid		= {german},
}

@book{fritzmeierbruegger2021,
	author		= {Matthias Fritz and Michael Meier-Brügger},
	title		= {Indogermanische Sprachwissenschaft},
	edition		= {10},
	location	= {Berlin},
	publisher	= {De Gruyter},
	date		= {2021},
	doi			= {10.1515/9783110661767},
	gender		= {sm},
	langid		= {german},
}

@incollection{gaertner1995,
	author		= {Kurt Gärtner},
	title		= {Die \mkbibitalic{Kaiserchronik} und ihre Bearbeitungen},
	subtitle	= {Editionsdesiderate der Versepik des 13.~Jahrhunderts},
	editor		= {Dorothee Lindemann and Berndt Volkmann and Klaus-Peter Wegera},
	booktitle	= {\mkbibitalic{Bickelwort} und \mkbibitalic{wildiu mære}},
	booksubtitle	= {Festschrift für {E}berhard {N}ellmann zum 65.~Geburtstag},
	location	= {Göppingen},
	publisher	= {Kümmerle},
	date		= {1995},
	series		= {Göppinger Arbeiten zur Germanistik},
	number		= {618},
	pages		= {366--379},
	gender		= {sm},
	langid		= {german},
}

@incollection{gaertner1999,
	author		= {Kurt Gärtner},
	title		= {Vorauer Handschrift 276},
	maintitle	= {Verfasserlexikon},
	mainsubtitle	= {Die deutsche Literatur des Mittelalters},
	editor		= {Kurt Ruh and Gundolf Keil and Werner Schröder and Burghart Wachinger and Franz J. Worstbrock and Christine Stöllinger},
	edition		= {2},
	publisher	= {De Gruyter},
	location	= {Berlin},
	volume		= {10},
	booktitle	= {Ulrich von Lilienfeld -- \enquote*{Das zwölfjährige Mönchlein}},
	date		= {1999},
	pages		= {516--521},
	gender		= {sm},
	langid		= {german},
}

@book{ganslmayer2012,
	author		= {Christine Ganslmayer},
	title		= {Adjektivderivation in der Urkundensprache des 13.~Jahrhunderts},
	location	= {Berlin},
	publisher	= {De Gruyter},
	date		= {2012},
	series		= {Studia Linguistica Germanica},
	number		= {97},
	doi			= {10.1515/9783110213614},
	gender		= {sf},
	langid		= {german},
}

@article{ganslmayeretal2003,
	author		= {Christine Ganslmayer and Peter O. Müller and Uli Ring},
	title		= {Wortbildung in der deutschen Urkundensprache des 13.~Jahrhunderts},
	subtitle	= {Möglichkeiten, Probleme und Grenzen ihrer Erforschung},
	journaltitle	= {Zeitschrift für deutsche Philologie},
	volume		= {122},
	number		= {3},
	date		= {2003},
	pages		= {321--358},
	doi			= {10.37307/j.1868-7806.2003.03.02},
	gender		= {pp},
	langid		= {german},
}

@article{gjelsten1980,
	author		= {Bodil Gjelsten},
	title		= {Mhd. \mkbibitalic{beide/beidiu \dots\ und\mkbibparens{e}}},
	subtitle	= {Kritische Bewertung einer Distributionsregel},
	journaltitle	= {Nordic Journal of Linguistics},
	volume		= {3},
	number		= {2},
	date		= {1980},
	pages		= {183--205},
	doi			= {10.1017/S0332586500000585},
	gender		= {sf},
	langid		= {german},
}

@article{gniffkerapp2005,
	author		= {Andreas Gniffke and Andrea Rapp},
	title		= {Corpus der altdeutschen Originalurkunden bis zum
Jahr 1300},
	subtitle	= {Ein Retrodigitalisierungsprojekt},
	journaltitle	= {Historisches Forum},
	pages		= {391–403},
	volume		= {7},
	number		= {1},
	date		= {2005},
	gender		= {pp},
	langid		= {german},
}

@online{googlemaps,
	title		= {Google Maps},
	organization	= {Google LLC},
	location	= {Mountain View},
	url			= {https://www.google.de/maps/},
	urldate		= {2024-01-08},
	gender		= {pp},
	langid		= {english},
}

@incollection{greenberg1966,
	author		= {Joseph H. Greenberg},
	title		= {Some universals of grammar, with particular reference to the order of meaningful elements},
	maintitle	= {Universals of Language},
	editor		= {Joseph H. Greenberg},
	edition		= {2},
	location	= {Cambridge},
	publisher	= {MIT Press},
	date		= {1966},
	pages		= {73--113},
	gender		= {sm},
	langid		= {english},
}

@book{grimm1848,
	author		= {Jacob Grimm},
	title		= {Geschichte der deutschen Sprache},
	volume		= {2},
	location	= {Leipzig},
	publisher	= {Weidmann},
	date		= {1848},
	gender		= {sm},
	langid		= {german},
}

@book{grimm1870,
	author		= {Jacob Grimm},
	title		= {Deutsche Grammatik},
	edition		= {2},
	editor		= {Wilhelm Scherer},
	volume		= {1},
	location	= {Berlin},
	publisher	= {Ferdinand Dümmler},
	date		= {1870},
	gender		= {sm},
	langid		= {german},
}

@book{grimm1890,
	author		= {Jacob Grimm},
	title		= {Deutsche Grammatik},
	edition		= {2},
	editor		= {Gustav Roethe and Edward Schröder},
	volume		= {3},
	location	= {Gütersloh},
	publisher	= {Bertelsmann},
	date		= {1890},
	gender		= {sm},
	langid		= {german},
}

@book{grimm1898,
	author		= {Jacob Grimm},
	title		= {Deutsche Grammatik},
	edition		= {2},
	editor		= {Gustav Roethe and Edward Schröder},
	volume		= {4},
	location	= {Gütersloh},
	publisher	= {Bertelsmann},
	date		= {1898},
	gender		= {sm},
	langid		= {german},
}

@article{haacke1955,
	author		= {Diether Haacke},
	title		= {Das Corpus der altdeutschen Originalurkunden},
	journaltitle	= {Beiträge zur Geschichte der deutschen Sprache und Literatur},
	volume		= {77}, % Tübingen
	number		= {3},
	date		= {1955},
	pages		= {375--392},
	doi			= {10.1515/bgsl.1955.1955.77.375},
	gender		= {sm},
	langid		= {german},
}

@article{haacke1964,
	author		= {Diether Haacke},
	title		= {Schreiberprobleme},
	subtitle	= {Zugleich ein Beitrag zur Erforschung der Nürnberger deutschen Urkunden des 13.~Jahrhunderts},
	journaltitle	= {Beiträge zur Geschichte der deutschen Sprache und Literatur},
	volume		= {86}, % Tübingen
	number		= {1},
	date		= {1964},
	pages		= {107--141},
	doi			= {10.1515/bgsl.1964.1964.86.107},
	gender		= {sm},
	langid		= {german},
}

@incollection{haas2010,
	author		= {Thomas Haas},
	title		= {Der Mainzer Reichslandfrieden von 1235},
	editor		= {Alfried Wieczorek and Bernd Schneidmüller and Stefan Weinfurter},
	maintitle		= {Die Staufer und Italien},
	mainsubtitle	= {Drei Innovationsregionen im mittelalterlichen Europa},
	booktitle	= {Objekte},
	volume		= {2},
	location	= {Stuttgart},
	publisher	= {Theiss},
	date		= {2010},
	pages		= {255--256},
	gender		= {sm},
	langid		= {german},
}

@book{haspelmath1997,
	author		= {Martin Haspelmath},
	title		= {Indefinite Pronouns},
	location	= {Oxford},
	publisher	= {Oxford University Press},
	date		= {1997},
	series		= {Oxford Studies in Typology and Linguistic Theory},
% 	number		= {}, % none, checked photocopied imprint 2023-12-04
	gender		= {sm},
	langid		= {english}
}

@article{haupt2019,
	author		= {Barbara Haupt},
	title		= {Rückschritt oder Erneuerung in der deutschen \enquote*{Kaiserchronik}?},
	journaltitle	= {Zeitschrift für deutsches Altertum und deutsche Literatur},
	volume		= {148},
	number		= {2},
	date		= {2019},
	pages		= {237--257},
	doi			= {10.3813/zfda-2019-0008},
	gender		= {sf},
	langid		= {german},
}

@incollection{haynie:gb051,
	author		= {Hannah J. Haynie},
	title		= {Is there a gender/noun class system where sex is a factor in class assignment?},
	maintitle	= {Grambank},
	editor		= {The Grambank Consortium},
	maintitleaddon      = {Version 1.0},
	date		= {2024-01-08},
	url			= {https://grambank.clld.org/parameters/GB051},
	urldate		= {2024-01-08},
	gender		= {sm},
	langid		= {english},
}

@book{heine1997,
	author		= {Bernd Heine},
	title		= {Possession},
	subtitle	= {Cognitive Sources, Forces, and Grammaticalization},
	series		= {Cambridge Studies in Linguistics},
	number		= {83},
	location	= {Cambridge},
	publisher	= {Cambridge University Press},
	date		= {1997},
	doi			= {10.1017/CBO9780511581908},
	gender		= {sm},
	langid		= {english},
}

@incollection{hock2008,
	author		= {Hans H. Hock},
	title		= {Early {G}ermanic Agreement with Mixed-Gender Antecedents with Focus on the History of {G}erman},
	booktitle	= {Proceedings of the 19th Annual {UCLA} {I}ndo-{E}uropean Conference},
	booksubtitle	= {Los {A}ngeles, 2007},
	editor		= {Karlene Jones-Bley and Martin E. Huld and Angela {Della Volpe} and Miriam Robbins Dexter},
	series		= {Journal of Indo-European Studies Monograph Series},
	number		= {54},
	location	= {Washington},
	publisher	= {Institute for the Study of Man},
	year		= {2008},
	pages		= {151--170},
	gender		= {sm},
	langid		= {english},
}

@incollection{hock2009,
	author		= {Hans H. Hock},
	title		= {Default, animacy, avoidance},
	subtitle	= {Diachronic and synchronic agreement variations with mixed-gender antecedents},
	booktitle	= {Grammatical Change in {I}ndo-{E}uropean Languages},
	booksubtitle	= {Papers presented at the workshop on {I}ndo-{E}uropean Linguistics at the {XVIIIth} International Conference on Historical Linguistics, {M}ontreal, 2007},
	editor		= {Vít Bubeník and John Hewson and Sarah Rose},
	series		= {Amsterdam Studies in the Theory and History of Linguistic Science, Series IV -- Current Issues in Linguistic Theory},
	number		= {305},
	location	= {Amsterdam},
	publisher	= {John Benjamins},
	year		= {2009},
	pages		= {29--42},
	doi			= {10.1075/cilt.305.06hoc},
	gender		= {sm},
	langid		= {english},
}

@incollection{hock2012,
	author		= {Hans H. Hock},
	title		= {Issues in {S}anskrit Agreement},
	booktitle	= {Indic across the Millenia},
	booksubtitle	= {From the {R}igveda to Modern {I}ndo-{A}ryan},
	editor		= {Jared S. Klein and Kazuhiko Yoshida},
	location	= {Bremen},
	publisher	= {Hempen},
	year		= {2012},
	pages		= {49--58},
	gender		= {sm},
	langid		= {english},
}

@book{hockett1958,
	author		= {Charles F. Hockett},
	title		= {A Course in Modern Linguistics},
	location	= {New York},
	publisher	= {Macmillan},
	date		= {1958},
	gender		= {sm},
	langid		= {english},
}

@inproceedings{hoehle1986,
	editor		= {Walter Weiss and Herbert Ernst Wiegand and Marga Reis},
	maintitle	= {Kontroversen, alte und neue},
	mainsubtitle	= {Akten des VII.~Kongresses der Internationalen Vereinigung für germanische Sprach- und Literaturwissenschaft, Göttingen 1985},
	volume		= {3},
	booktitle	= {Textlinguistik contra Stilistik?},
	booksubtitle	= {Wortschatz und Wörterbuch -- Grammatische oder pragmatische Organisation von Rede?},
	location	= {Tübingen},
	publisher	= {Max Niemeyer},
	number		= {4},
	date		= {1986},

	author		= {Tilman N. Höhle},
	title		= {Der Begriff \enquote{Mittelfeld}},
	subtitle	= {Anmerkungen über die Theorie der topologischen Felder},
	pages		= {329--340},
	gender		= {sm},
	langid		= {german},
}

@incollection{hoehle2019a,
	editor		= {Stefan Müller and Marga Reis and Frank Richter},
	booktitle	= {Beiträge zur deutschen Grammatik},
	booksubtitle	= {Gesammelte Schriften von Tilman N. Höhle},
	edition		= {2},
	location	= {Berlin},
	publisher	= {Language Science Press},
	series		= {Classics in Linguistics},
	number		= {5},
	date		= {2019},
	doi			= {10.5281/zenodo.2588383},
	
	author		= {Tilman N. Höhle},
	title		= {Der Begriff \enquote{Mittelfeld}},
	sorttitle	= {Begriff \enquote{Mittelfeld}, Der},
	subtitle	= {Anmerkungen über die Theorie der topologischen Felder},
	pages		= {279--294},
	gender		= {sm},
	langid		= {german},
}

@incollection{hoehle2019b,
	editor		= {Stefan Müller and Marga Reis and Frank Richter},
	booktitle	= {Beiträge zur deutschen Grammatik},
	booksubtitle	= {Gesammelte Schriften von Tilman N. Höhle},
	edition		= {2},
	location	= {Berlin},
	publisher	= {Language Science Press},
	series		= {Classics in Linguistics},
	number		= {5},
	date		= {2019},
	doi			= {10.5281/zenodo.2588383},
	
	author		= {Tilman N. Höhle},
	title		= {Topologische Felder},
	subtitle	= {Anmerkungen über die Theorie der topologischen Felder},
	pages		= {7--89},
	gender		= {sm},
	langid		= {german},
}

@online{hsc,
	editor		= {Nathanael Busch and Jürgen Wolf},
	title		= {Handschriftencensus},
	subtitle	= {Eine Bestandsaufnahme der handschriftlichen Überlieferung deutschsprachiger Texte des Mittelalters},
	shorttitle	= {HSC},
	shorthand	= {HSC},
	organization	= {Akademie der Wissenschaften und der Literatur Mainz and Philipps-\allowbreak{}Universität Marburg},
	year		= {2017},
	url			= {https://handschriftencensus.de},
	urldate		= {2024-01-08},
	langid		= {german},
}

@collection{iwdigital,
	editor		= {Victor Millet and Emilio {González Miranda} and Lorena {Pérez Ben}},
	title		= {Iwein -- digital},
	location	= {Heidelberg},
	publisher	= {Universitätsbibliothek Heidelberg},
	year		= {2022},
	doi			= {10.11588/edition.iwd},
	url			= {http://digi.ub.uni-heidelberg.de/iwd},
	urldate		= {2024-01-08},
	gender		= {pp},
	langid		= {german},
}

@book{jackendoff1977,
	author		= {Ray S. Jackendoff},
	title		= {X̅ syntax},
	subtitle	= {A study of phrase structure},
	location	= {Cambridge},
	publisher	= {MIT Press},
	date		= {1977},
	series		= {Linguistic Inquiry Monographs},
	number		= {2},
	gender		= {sm},
	langid		= {english},
}

@incollection{jakobson1932,
	author		= {Roman Jakobson},
	title		= {Zur Struktur des russischen Verbums},
	booktitle	= {Word and language},
	volume		= {2},
	maintitle	= {{R}oman {J}akobson},
	mainsubtitle = {Selected writings},
	location	= {Den Haag},
	publisher	= {Mouton},
	date		= {1971},
	origdate	= {1932},
	pages		= {3--15},
	langid		= {german},
}

@incollection{janssen2004,
	author		= {Theo A. J. M. Janssen},
	title		= {Deixis and reference},
	pages		= {983--998},
	editor		= {Geert Booij and Christian Lehmann and Joachim Mugdan and Stavros Skopeteas},
	booktitle	= {Morphologie},
	subtitle	= {Ein internationales {H}andbuch zur {F}lexion und {W}ortbildung},
	volume		= {2},
	location	= {Berlin},
	publisher	= {De Gruyter},
	date		= {2004},
	series		= {Handbücher zur Sprach- und Kommunikationswissenschaft},
	number		= {17},
	doi			= {10.1515/9783110172782.2.13.983},
	gender		= {sm},
	langid		= {english},
}

@book{johannessen1998,
	author		= {Janne B. Johannessen},
	title		= {Coordination},
	location	= {Oxford},
	publisher	= {Oxford University Press},
	date		= {1998},
	series		= {Oxford studies in comparative syntax},
% 	number		= {}, % none, checked photocopied imprint 2023-12-04
	gender		= {sf},
	langid		= {english},
}

@article{johannessen2005,
	author		= {Janne B. Johannessen},
	title		= {The syntax of correlative adverbs},
	journaltitle	= {Lingua},
	volume		= {115},
	number		= {4},
	date		= {2005},
	pages		= {419--443},
	doi			= {10.1016/j.lingua.2003.09.009},
	gender		= {sf},
	langid		= {english},
}

@book{johnson1999,
	author		= {Johnson, L. Peter},
	title		= {Die höfische Literatur der Blütezeit},
	maintitle	= {Geschichte der deutschen Literatur von den Anfängen bis zum Beginn der Neuzeit},
	editor		= {Heinzle, Joachim},
	volume		= {2},
	part		= {1},
	location	= {Tübingen},
	publisher	= {Niemeyer},
	date		= {1999},
	doi			= {10.1515/9783110946888},
	gender		= {sm},
	langid		= {german},
}

@incollection{kaplanbresnan1982,
	author		= {Ronald M. Kaplan and Joan Bresnan},
	title		= {Lexical-functional grammar},
	subtitle	= {A formal system for grammatical representation},
	editor		= {Joan Bresnan},
	booktitle	= {The mental representation of grammatical relations},
	location	= {Cambridge},
	publisher	= {MIT Press},
	date		= {1982},
	series		= {MIT Press Series on Cognitive Theory and Mental Representation},
% 	number		= {}, % none, checked photocopied imprint 2023-12-04
	pages		= {173--281},
	gender		= {pp},
	langid		= {english},
}

@article{kasper2022,
	author		= {Simon Kasper},
	title		= {Sprachideologien in der öffentlichen Debatte um geschlechtergerechte Sprache},
	subtitle	= {Ein kritischer Versuch},
	journaltitle	= {Studia Germanica Gedanensia},
	volume		= {47},
	date		= {2022},
	pages		= {24--39},
	doi			= {10.26881/sgg.2022.47.02},
	gender		= {sm},
	langid		= {german},
}

@collection{kcdigital,
	editor		= {Mark Chinca and Helen Hunter and Jürgen Wolf and Christopher Young},
	title		= {Kaiserchronik -- digital},
	location	= {Heidelberg},
	publisher	= {Universitätsbibliothek Heidelberg},
	date		= {2018},
	% doi			= {10.11588/edition.kcd},
	url			= {https://digi.ub.uni-heidelberg.de/kcd/},
	urldate		= {2024-01-08},
	gender		= {pp},
	langid		= {german},
}

@incollection{keenan2006,
	author		= {Edward L. Keenan},
	title		= {Quantifiers},
	subtitle	= {Semantics},
	editor		= {Keith Brown},
	booktitle	= {Encyclopedia of language \& linguistics},
	edition		= {2},
	location	= {Oxford},
	publisher	= {Elsevier},
	date		= {2006},
	pages		= {302--308},
	doi			= {10.1016/B0-08-044854-2/01116-0},
	gender		= {sm},
	langid		= {english}
}

@book{king1972,
	editor		= {James C. King},
	title		= {Notker der Deutsche},
	subtitle	= {Boethius' Bearbeitung der \mkbibquote{Categoriae} des Aristoteles},
	maintitle	= {Die Werke Notkers des Deutschen},
	maintitleaddon	= {Neue Ausgabe},
	volume		= {5},
	series		= {Altdeutsche Textbibliothek},
	number		= {73},
	location	= {Tübingen},
	publisher	= {Niemeyer},
	date		= {1972},
	doi			= {10.1515/9783110947168},
	gender		= {sm},
	langid		= {german},
}

@article{kingdalrymple2004,
	author		= {Tracy H. King and Mary Dalrymple},
	title		= {Determiner agreement and noun conjunction},
	journaltitle	= {Journal of Linguistics},
	volume		= {40},
	number		= {1},
	date		= {2004},
	pages		= {69--104},
	doi			= {10.1017/S0022226703002330},
	gender		= {pf},
	langid		= {english},
}

@mvbook{kleiberhellgardt2004,
	editor		= {Wolfgang Kleiber and Ernst Hellgardt},
	maintitle	= {Otfrid von Weißenburg},
	mainsubtitle	= {Evangelienbuch},
	volume		= {1},
	part		= {1},
	title		= {Edition nach dem Wiener Codex 2687},
	subtitle	= {Text},
	location	= {Tübingen},
	publisher	= {Niemeyer},
	date		= {2004},
	gender		= {pm},
	langid		= {german},
}

@incollection{klein1988,
	author		= {Thomas Klein},
	title		= {Ermittlung, Darstellung und Deutung von Verbreitungstypen in der Handschriftenüberlieferung mittelhochdeutscher Epik},
	editor		= {Volker Honemann and Nigel F. Palmer},
	booktitle	= {Deutsche Handschriften 1100--1400},
	booksubtitle	= {Oxforder Kolloquium 1985},
	location	= {Tübingen},
	publisher	= {Niemeyer},
	date		= {1988},
	pages		= {110--167},
	doi			= {10.1515/9783110941456.110},
	gender		= {sm},
	langid		= {german},
}

@incollection{klein2022,
	author		= {Andreas Klein},
	title		= {Wohin mit Epikoina?},
	subtitle	= {Überlegungen zur Grammatik und Pragmatik geschlechtsindefiniter Personenbezeichnungen},
	editor		= {Gabriele Diewald and Damaris Nübling},
	booktitle	= {Genus -- Sexus -- Gender},
	location	= {Berlin},
	publisher	= {De Gruyter},
	year		= {2022},
	series		= {Linguistik -- Impulse \& Tendenzen},
	number		= {95},
	pages		= {135--189},
	doi			= {10.1515/9783110746396-005},
	gender		= {sm},
	langid		= {german},
}

@book{kleindipper2016,
	author		= {Thomas Klein and Stefanie Dipper},
	title		= {Handbuch zum Referenzkorpus Mittelhochdeutsch},
	publisher	= {Ruhr-Universität Bochum},
	location	= {Bochum},
	date		= {2016},
	series		= {Bochumer linguistische Arbeitsberichte},
	number		= {19},
	gender		= {pp},
	langid		= {german},
}

@incollection{klinger2002,
	author		= {Judith Klinger},
	title		= {Gender-Theorien},
	subtitle	= {Ältere deutsche Literatur},
	booktitle	= {Germanistik als Kulturwissenschaft},
	booksubtitle	= {Eine Einführung in neue Theoriekonzepte},
	editor		= {Claudia Benthien and Hans R. Velten},
	location	= {Reinbek},
	publisher	= {Rowohlt},
	date		= {2002},
	series		= {Rowohlts Enzyklopädie},
% 	number		= {}, % none, checked photocopied imprint 2023-12-05
	pages		= {267--297},
	gender		= {sf},
	category	= {secondary},
	keywords	= {reader},
}

@book{knechtschirok2003,
	editor		= {Bernd Schirok and Peter Knecht},
	title		= {Wolfram von Eschenbach},
	subtitle	= {Parzival},
	titleaddon	= {Mittelhochdeutscher Text nach der 6.~Ausgabe von Karl Lachmann. Studienausgabe},
	edition		= {2},
	location	= {Berlin},
	publisher	= {De Gruyter},
	date		= {2003},
	gender		= {pm},
	langid		= {german},
}

@book{koenig1991,
	author		= {Ekkehard König},
	title		= {The Meaning of Focus Particles},
	subtitle	= {A Comparative Perspective},
	location	= {London},
	publisher	= {Routledge},
	date		= {1991},
	series		= {Theoretical Linguistics},
% 	number		= {}, % none, checked photocopied imprint 2023-12-04
	gender		= {sm},
	langid		= {english},
}

@book{koepcke1982,
	author		= {Klaus-Michael Köpcke},
	title		= {Untersuchungen zum Genussystem der deutschen Gegenwartssprache},
	location	= {Tübingen},
	publisher	= {Niemeyer},
	date		= {1982},
	series		= {Linguistische Arbeiten},
	number		= {122},
	doi			= {10.1515/9783111676562},
	gender		= {sm},
	langid		= {german},
}

@incollection{koepckezubin1996,
	author		= {Klaus-Michael Köpcke and David A. Zubin},
	title		= {Prinzipien  für  die  Genuszuweisung  im  Deutschen},
	editor		= {Ewald Lang and Gisela Zifonun},
	booktitle	= {Deutsch -- typologisch},
	location	= {Berlin},
	publisher	= {De Gruyter},
	date		= {1996},
	series		= {Institut für deutsche Sprache Jahrbuch},
	number		= {1995},
	pages		= {473--491},
	doi			= {10.1515/9783110622522-021},
	gender		= {pm},
	langid		= {german},
}

@incollection{koepckezubin2009,
	author		= {Klaus-Michael Köpcke and David A. Zubin},
	title		= {Genus},
	editor		= {Elke Hentschel and Petra M. Vogel},
	booktitle	= {Deutsche Morphologie},
	location	= {Berlin},
	publisher	= {De Gruyter},
	date		= {2009},
	pages		= {132--154},
	gender		= {pm},
	langid		= {german},
}

@incollection{koepckezubin2017,
	author		= {Klaus-Michael Köpcke and David A. Zubin},
	title		= {Genusvariation},
	subtitle	= {Was offenbart sie über die innere Dynamik des Systems?},
	editor		= {Marek Konopka and Angelika Wöllstein},
	booktitle	= {Grammatische Variation},
	booksubtitle	= {Empirische Zugänge und theoretische Modellierung},
	location	= {Berlin},
	publisher	= {De Gruyter},
	series		= {Institut für Deutsche Sprache Jahrbuch},
	number		= {2016},
	date		= {2017},
	pages		= {203--228},
	doi			= {10.1515/9783110518214-013},
	gender		= {pm},
	langid		= {german},
}

@book{kotthoffnuebling2018,
	author		= {Helga Kotthoff and Damaris Nübling},
	title		= {Genderlinguistik},
	subtitle	= {Eine Einführung in Sprache, Gespräch und Geschlecht},
	location	= {Tübingen},
	publisher	= {Narr Francke Attempto},
	date		= {2018},
	series		= {Narr Studienbücher},
% 	number		= {}, % none, checked ebook's imprint 2023-12-04
	gender		= {pf},
	langid		= {german},
}

@article{kragl2015,
	author		= {Florian Kragl},
	title		= {Normalmittelhochdeutsch},
	subtitle	= {Theorieentwurf einer gelebten Praxis},
	journaltitle	= {Zeitschrift für deutsches Altertum und deutsche Literatur},
	date		= {2015},
	volume		= {144},
	number		= {1},
	pages		= {1--27},
	gender		= {sm},
	langid		= {german},
}

@book{krapp1931,
	editor		= {George P. Krapp},
	title		= {The {J}unius Manuscript},
	location	= {New York},
	publisher	= {Columbia University Press},
	date		= {1931},
	series		= {The Anglo-Saxon Poetic Records: A collective edition},
	number		= {1},
	pagination	= {verse},
	gender		= {sm},
	langid		= {english},
}

@book{kress1982,
	author		= {Bruno Kress},
	title		= {Isländische Grammatik},
	location	= {Leipzig},
	publisher	= {Verlag Enzyklopädie Leipzig},
	date		= {1982},
	gender		= {sm},
	langid		= {german},
}

@book{kroonen2013,
	author		= {Guus Kroonen},
	title		= {Etymological Dictionary of {P}roto-{G}ermanic},
	shorttitle	= {Etymological Dictionary},
	publisher	= {Brill},
	location	= {Leiden},
	date		= {2013},
	series		= {Leiden Indo-European Etymological Dictionary Series},
	number		= {11},
	gender		= {sm},
	langid		= {german},
}

@book{ksw2,
	editor		= {Thomas Klein and Hans-Joachim Solms and Klaus-Peter Wegera},
	maintitle	= {Mittelhochdeutsche Grammatik},
	title		= {Flexionsmorphologie},
	volume		= {2},
	location	= {Berlin},
	publisher	= {De Gruyter},
	date		= {2018},
	doi			= {10.1515/9783110523522},
	gender		= {pm},
	langid		= {german},
}

@book{ksw3,
	editor		= {Thomas Klein and Hans-Joachim Solms and Klaus-Peter Wegera},
	maintitle	= {Mittelhochdeutsche Grammatik},
	title		= {Wortbildung},
	volume		= {3},
	location	= {Tübingen},
	publisher	= {Niemeyer},
	date		= {2009},
	doi			= {10.1515/9783110971835},
	gender		= {pm},
	langid		= {german},
}

@incollection{kuhn1982,
	author		= {Hugo Kuhn},
	title		= {Gottfried von Straßburg},
	maintitle	= {Verfasserlexikon},
	mainsubtitle	= {Die deutsche Literatur des Mittelalters},
	editor		= {Kurt Ruh and Gundolf Keil and Werner Schröder and Burghart Wachinger and Franz J. Worstbrock and Christine Stöllinger},
	edition		= {2},
	publisher	= {De Gruyter},
	location	= {Berlin},
	volume		= {3},
	booktitle	= {Gert van der Schüren -- Hildegard von Bingen},
	date		= {1981},
	pages		= {153--168},
	gender		= {sm},
	langid		= {german},
}

@book{labov1994,
	author		= {William Labov},
	title		= {Internal factors},
	maintitle	= {Principles of linguistic change},
	volume		= {1},
	location	= {Cambridge},
	publisher	= {Blackwell},
	date		= {1994},
	series		= {Language in Society},
	number		= {20},
	gender		= {sm},
	langid		= {english},
}

@incollection{lachmann1820,
	author		= {Karl Lachmann},
	title		= {Auswahl aus den hochdeutschen Dichtern des dreizehnten Jahrhunderts},
	subtitle	= {Für Vorlesungen und zum Schulgebrauch},
	editor		= {Karl Müllenhoff},
	booktitle	= {Kleine Schriften zur deutschen Philologie von Karl Lachmann},
	location	= {Berlin},
	publisher	= {Georg Reimer},
	date		= {1876},
	origdate	= {1820},
	pages		= {157--176},
	gender		= {sm},
	langid		= {german},
}

@book{lachmannhartl1952,
	editor		= {Karl Lachmann and Eduard Hartl},
	maintitle	= {Wolfram von Eschenbach},
	volume		= {1},
	title		= {Lieder, {P}arzival und {T}iturel},
	shorttitle	= {Parzival},
	edition		= {7},
	location	= {Berlin},
	publisher	= {De Gruyter \& Co.},
	date		= {1952},
	gender		= {pm},
	langid		= {german},
	ids			= {parzival},
}

@online{ldmdigital,
	editor		= {Manuel Braun and Sonja Glauch and Florian Kragl},
	title		= {Lyrik des deutschen Mittelalters},
	subtitle	= {Digitale Edition},
	organization	= {Friedrich-Alexander-Universität Erlangen-Nürnberg and Universität Stuttgart},
	year		= {2012},
	url			= {https://www.ldm-digital.de},
	urldate		= {2024-01-08},
	gender		= {pp},
	langid		= {german},
}

@book{lehmann2015,
	author		= {Christian Lehmann},
	title		= {Thoughts on grammaticalization},
	edition		= {3},
	publisher	= {Language Science Press},
	location	= {Berlin},
	date		= {2015},
	series		= {Classics in Linguistics},
	number		= {1},
	doi			= {10.17169/langsci.b88.98},
	gender		= {sm},
	langid		= {english},
}

@book{lexer:mhdhwb,
	author		= {Matthias Lexer},
	title		= {Mittelhochdeutsches Handwörterbuch},
	note		= {Nachdruck der Ausgabe Leipzig, 1872--1878},
	location	= {Stuttgart},
	publisher	= {Hirzel},
	date		= {1992},
	origdate	= {1872/1878},
	gender		= {sm},
	langid		= {german},
}

@online{lgr,
	author      = {Bernard Comrie and Martin Haspelmath and Balthasar Bickel},
	title       = {Leipzig glossing rules},
	subtitle    = {Conventions for interlinear morpheme-by-morpheme glosses},
	location    = {Leipzig},
	organization    = {Max-Planck-Institut für evolutionäre Anthropologie and Universität Leipzig},
	url         = {https://www.eva.mpg.de/lingua/resources/glossing-rules.php},
	date        = {2015-05-31},
	urldate     = {2024-01-08},
	gender      = {pm},
	langid      = {english},
}

@book{lindgren1953,
	author		= {Kaj B. Lindgren},
	title		= {Die Apokope des mhd.\ \mkbibitalic{-e} in seinen verschiedenen Funktionen},
	sorttitle	= {Apokope},
	editor		= {Pekka Katara},
	series		= {Suomalaisen tiedeakatemian toimituksia, Sarja B},
	number		= {78,2},
	publisher	= {Suomalaisen tiedeakatemian},
	location	= {Helsinki},
	date		= {1953},
	gender		= {sm},
	langid		= {german},
}

@book{lyons1999,
	author		= {Christopher Lyons},
	title		= {Definiteness},
	location	= {Cambridge},
	publisher	= {Cambridge University Press},
	date		= {1999},
	series		= {Cambridge Textbooks in Linguistics},
% 	number		= {}, % none, checked photocopied imprint 2023-12-04
	doi			= {10.1017/CBO9780511605789},
	gender		= {sm},
	langid		= {english},
}

@book{maroldschroeder1969,
	editor		= {Karl Marold and Werner Schröder},
	title		= {Gottfried von Straßburg},
	subtitle	= {Tristan},
	shorttitle	= {Tristan},
	sorttitle	= {Tristan},
	edition		= {3},
	location	= {Berlin},
	publisher	= {De Gruyter \& Co.},
	date		= {1969},
	gender		= {sm},
	langid		= {german},
	ids			= {tristan},
}

@mvbook{massmann:kukb,
	editor		= {Hans F. Maßmann},
	title		= {\mkbibitalic{Der keiser und der kunige buoch} oder die sogenannte \mkbibitalic{Kaiserchronik}},
	subtitle	= {Gedicht des zwölften Jahrhunderts von 18,578 Reimzeilen},
	volumes		= {3},
	location	= {Quedlinburg},
	publisher	= {Gottfried Basse},
	series		= {Bibliothek der gesammten deutschen National-Literatur von der ältesten bis auf die neuere Zeit},
	number		= {4},
	date		= {1849/1854},
	doi			= {10.11588/diglit.28332},
	gender		= {sm},
	langid		= {german},
}

@book{mayer1874,
	editor		= {Joseph M. Mayer},
	title		= {Der Kaiser und der Könige Buch, oder die sogenannte Kaiserchronik},
	subtitle	= {Gedicht des zwölften Jahrhunderts},
	location	= {München},
	publisher	= {Joseph Wurm},
	date		= {1874},
	gender		= {sm},
	langid		= {german},
}

@book{melville:mobydick,
	author		= {Herman Melville},
	title		= {Moby-{D}ick; or, The Whale},
	shorttitle	= {Moby-Dick},
	location	= {New York},
	publisher	= {Harper \& Brothers},
	year		= {1851},
	gender		= {sm},
	langid		= {english},
	keywords	= {edition},
}

@inproceedings{merchant1996,
	author		= {Jason Merchant},
	title		= {Object scrambling and quantifier float in {G}erman},
	editor		= {Kiyomi Kusumoto},
	booktitle	= {Proceedings of the {N}orth-{E}ast {L}inguistic {S}ociety},
	volume		= {26},
	publisher	= {Graduate Linguistics Student Association},
	organization	= {University of Massachusetts},
	location	= {Amherst},
	date		= {1996},
	venue		= {Harvard University and Massachusetts Institute of Technology},
	pages		= {179--194},
	gender		= {sm},
	langid		= {english},
}

@book{mertens2004,
	title		= {Hartmann von Aue},
	subtitle	= {Gregorius, Der arme Heinrich, Iwein},
	editor		= {Volker Mertens},
	location	= {Frankfurt a.\,M.},
	publisher	= {Deutscher Klassiker Verlag},
	year		= {2004},
	series		= {Bibliothek des Mittelalters},
	number		= {6},
	gender		= {sm},
	langid		= {german},
}

@book{mettke1993,
	author		= {Heinz Mettke},
	title		= {Mittelhochdeutsche Grammatik},
	edition		= {5},
	location	= {Leipzig},
	publisher	= {Bibliographisches Institut},
	date		= {1983},
	gender		= {sm},
	langid		= {german},
}

@book{mettke2000,
	author		= {Heinz Mettke},
	title		= {Mittelhochdeutsche Grammatik},
	edition		= {8},
	location	= {Tübingen},
	publisher	= {Niemeyer},
	date		= {2000},
	doi			= {10.1515/9783110914771},
	gender		= {sm},
	langid		= {german},
}

@book{michels1979,
	author		= {Victor Michels and Hugo Stopp},
	title		= {Mittelhochdeutsche Grammatik},
	edition		= {5},
	location	= {Heidelberg},
	publisher	= {Winter},
	date		= {1979},
	series		= {Germanische Bibliothek, Neue Folge, 1.~Reihe: Grammatiken},
% 	number		= {}, % none, checked photocopied imprint 2023-12-04
	gender		= {sm},
	langid		= {german},
}

@book{miller2019,
	author		= {D. Gary Miller},
	title		= {The {O}xford {G}othic Grammar},
	location	= {Oxford},
	publisher	= {Oxford University Press},
	date		= {2019},
	doi			= {10.1093/oso/9780198813590.001.0001},
	gender		= {sm},
	langid		= {english},
}

@book{millerzimmermann2007,
	editor		= {Matthias Miller and Karin Zimmermann},
	title       = {Die Codices Palatini germanici in der Universitätsbibliothek
	Heidelberg \mkbibparens{Cod.~Pal.~germ.~304--495}},
	series		= {Kataloge der Universitätsbibliothek Heidelberg},
	number		= {8},
	location	= {Wiesbaden},
	publisher	= {Harrassowitz},
	date		= {2007},
	doi			= {10.11588/heidok.00008470},
}

@book{moserstopp1978,
	maintitle	= {Grammatik des Frühneuhochdeutschen},
	mainsubtitle	= {Beiträge zur Laut- und Formenlehre},
	location	= {Heidelberg},
	publisher	= {Winter},
	series		= {Germanistische Bibliothek, 1.~Reihe: Sprachwissenschaftliche Lehr- und Elementarbücher},
% 	number		= {}, % none, checked physical book 2023-12-05
	editor		= {Hugo Moser and Hugo Stopp},
	title		= {Vokalismus der Nebensilben},
	subtitle	= {Die Entsprechungen nichthaupttoniger mhd.\ Vokale außer \mkbibitalic{e}},
	volume		= {1},
	part		= {3},
	date		= {1978},
	gender		= {sm},
	langid		= {german},
}

@mvbook{mueller2023,
	author		= {Stefan Müller},
	title		= {Grammatical theory},
	subtitle	= {From transformational grammar to constraint-based approaches},
	edition		= {5},
	location	= {Berlin},
	publisher	= {Language Science Press},
	date		= {2023},
	series		= {Textbooks in Language Sciences},
	number		= {1},
	doi			= {10.5281/zenodo.7376662},
	gender		= {sm},
	langid		= {english},
}

@book{mwb1,
	maintitle	= {Mittelhochdeutsches Wörterbuch},
	title		= {\mkbibitalic{a} -- \mkbibitalic{êvrouwe}},
	editor		= {Kurt Gärtner and Klaus Grubmüller and Karl Stackmann},
	volume		= {1},
	location	= {Stuttgart},
	publisher	= {Hirzel},
	date		= {2013},
	gender		= {pm},
	langid		= {german},
}

@book{mwb2,
	maintitle	= {Mittelhochdeutsches Wörterbuch},
	title		= {\mkbibitalic{êvüegerin} -- \mkbibitalic{iruele}},
	editor		= {Kurt Gärtner and Klaus Grubmüller and Jens Haustein},
	volume		= {2},
	location	= {Stuttgart},
	publisher	= {Hirzel},
	date		= {2021},
	gender		= {pm},
	langid		= {german},
}

@book{myers2013,
	editor		= {Henry A. Myers},
	title		= {The Book of Emperors},
	subtitle	= {A Translation of the {M}iddle {H}igh {G}erman {K}aiserchronik},
	location	= {Morgantown},
	publisher	= {West Virginia University Press},
	year		= {2013},
	series		= {Medieval European Studies},
	number		= {14},
	gender		= {sm},
	langid		= {english},
}

@book{neckelkuhn1962,
	editor		= {Gustav Neckel and Hans Kuhn},
	maintitle	= {Edda},
	mainsubtitle	= {Die Lieder des {C}odex {R}egius nebst verwandten Denkmälern},
	title		= {Text},
	volume		= {1},
	edition		= {3},
	location	= {Heidelberg},
	publisher	= {Winter},
	date		= {1962},
	series		= {Germanische Bibliothek, Vierte Reihe: Texte},
% 	number		= {}, % none, checked photocopied imprint 2023-12-04
	gender		= {sm},
	langid		= {german},
}

@incollection{nellmann1983,
	author		= {Eberhard Nellmann},
	title		= {Kaiserchronik},
	maintitle		= {Verfasserlexikon},
	mainsubtitle	= {Die deutsche Literatur des Mittelalters},
	booktitle		= {Hildegard von Hürnheim -- Koburger, Heinrich},
	editor		= {Kurt Ruh and Gundolf Keil and Werner Schröder and Burghart Wachinger and Franz J. Worstbrock and Christine Stöllinger},
	edition		= {2},
	publisher	= {De Gruyter},
	location	= {Berlin},
	volume		= {4},
	date		= {1983},
	pages		= {949--964},
	gender		= {sm},
	langid		= {german},
}

@incollection{nichols1988,
	author		= {Johanna Nichols},
	title		= {On alienable and inalienable possession},
	doi			= {10.1515/9783110852387.557},
	pages		= {557--609},
	booktitle	= {In Honor of {M}ary {H}aas},
	booksubtitle	= {From the {H}aas Festival Conference on {N}ative {A}merican Linguistics},
	editor		= {William Shipley},
	location	= {Berlin},
	publisher	= {Mouton de Gruyter},
	date		= {1988},
	gender		= {sf},
	langid		= {english},
}

@book{nolda2007,
	author		= {Andreas Nolda},
	title		= {Die Thema-Integration},
	subtitle	= {Syntax und Semantik der \enquote*{gespaltenen Topikalisierung} im {D}eutschen},
	location	= {Tübingen},
	publisher	= {Stauffenburg},
	year		= {2007},
	series		= {Studien zur deutschen Grammatik},
	number		= {72},
	gender		= {sm},
	langid		= {german},
}

@incollection{panther2009,
	author		= {Klaus-Uwe Panther},
	title		= {Grammatische versus konzeptuelle Kongruenz oder: Wann siegt das natürliche Geschlecht?},
	editor      = {Rita Brdar-Szabó and Elisabeth Knipf-Komlósi and Attila
	Péteri},
	booktitle	= {An der Grenze zwischen Grammatik und Pragmatik},
	location	= {Frankfurt a.\,M.},
	publisher	= {Peter Lang},
	date		= {2009},
	series		= {Deutsche Sprachwissenschaft International},
	number		= {3},
	pages		= {67--86},
	gender		= {sm},
	langid		= {german},
}

@collection{parzivalprojekt,
	editor		= {Michael Stolz},
	title		= {Wolfram von Eschenbach},
	subtitle	= {Parzival},
	titleaddon	= {Digitale Edition, Parzival-Projekt},
	location	= {Bern},
	publisher	= {Universität Bern},
	year		= {2002},
	sortyear	= {2002},
	url			= {https://parzival.unibe.ch/parzdb/},
	urldate		= {2024-01-08},
	gender		= {sm},
	langid		= {german},
}

@book{paul2007,
	author		= {Hermann Paul and Thomas Klein and Hans-Joachim Solms and Klaus-Peter Wegera and Ingeborg Schröbler and Heinz-Peter Prell},
	title		= {Mittelhochdeutsche Grammatik},
	edition		= {25},
	series		= {Sammlung kurzer Grammatiken germanischer Dialekte, A. Hauptreihe},
	number		= {2},
	publisher	= {Niemeyer},
	location	= {Tübingen},
	date		= {2007},
	doi			= {10.1515/9783110942354},
	gender		= {sm},
	langid		= {german},
}

@book{perkuhnetal2012,
	author		= {Rainer Perkuhn and Holger Keibel and Marc Kupietz},
	title		= {Korpuslinguistik},
	location	= {Paderborn},
	publisher	= {Wilhelm Fink},
	date		= {2012},
	series		= {UTB},
	number		= {3433},
	doi			= {10.36198/9783838534336},
	gender		= {pm},
	langid		= {german},
}

@article{peterson2004,
	author		= {Peter G. Peterson},
	title		= {Coordination},
	subtitle	= {Consequences of a lexical-functional account},
	journaltitle	= {Natural Language \& Linguistic Theory},
	volume		= {22},
	number		= {3},
	date		= {2004},
	pages		= {643--679},
	doi			= {10.1023/B:NALA.0000027673.49915.2b},
	gender		= {sm},
	langid		= {english},
}

@article{pittner1995,
	author		= {Karin Pittner},
	title		= {Alles Extraktion oder was?},
	subtitle	= {Zur Distanzstellung von Quantoren im Deutschen},
	journaltitle	= {Papiere zur Linguistik},
	volume		= {52},
	number		= {1},
	date		= {1995},
	pages		= {27--41},
	gender		= {sf},
	langid		= {german},
}

@book{pollardsag1994,
	author		= {Carl Pollard and Ivan A. Sag},
	title		= {Head-driven phrase structure grammar},
	location	= {Chicago},
	publisher	= {The University of Chicago Press},
	date		= {1994},
	series		= {Studies in Contemporary Linguistics},
% 	number		= {}, % none, checked photocopied imprint 2023-12-04
	gender		= {pm},
	langid		= {english},
}

@online{postgresql,
	title		= {PostgreSQL},
	subtitle	= {The world's most advanced open source relational database},
	organization	= {The {P}ostgreSQL global development group},
	year		= {1996},
	url			= {https://www.postgresql.org},
	urldate		= {2024-01-08},
	gender		= {pp},
	langid		= {english},
}

@online{projectwulfila2004,
	title		= {Project Wulfila},
	editor		= {Jozef {Van Loon} and Tom {De Herdt} and Steven {Van Assche}},
	organization	= {Universität Antwerpen},
	date		= {2004/2021},
	url			= {http://www.wulfila.be},
	urldate		= {2024-01-08},
	gender		= {pm},
	langid		= {english},
}

@article{proelletal2022,
	author		= {Simon Pröll and Daniel Hrbek and Johanna Schirmer and Victor Christensen and Franziska Haug and Irena Rietzler},
	title		= {Dialektometrische Analysen graphematischer Variation im Althochdeutschen und Altsächsischen},
	journal		= {Sprachwissenschaft},
	volume		= {47},
	number		= {3},
	date		= {2022},
	pages		= {293--328},
	gender		= {pp},
	langid		= {german},
}

@online{qgis,
	title		= {QGIS},
	subtitle	= {A free and open source geographic information system},
	year		= {2002},
	organization	= {QGIS.org Association},
	location	= {Gossau},
	url			= {https://www.qgis.org},
	urldate		= {2024-01-08},
	gender		= {pp},
	langid		= {english},
}

@book{reichmannwegera1993,
	editor		= {Oskar Reichmann and Klaus-Peter Wegera},
	title		= {Frühneuhochdeutsche Grammatik},
	series		= {Sammlung kurzer Grammatiken germanischer Dialekte, A. Hauptreihe},
	number		= {12},
	publisher	= {Niemeyer},
	location	= {Tübingen},
	date		= {1993},
	gender		= {pm},
	langid		= {german},
}

@incollection{reiffenstein2003,
	author		= {Ingo Reiffenstein},
	title		= {Aspekte einer Sprachgeschichte des Bayerisch-Österreichischen bis zum Beginn der frühen Neuzeit},
	editor		= {Werner Besch and Anne Betten and Oskar Reichmann and Stefan Sonderegger},
	booktitle	= {Sprachgeschichte},
	booksubtitle	= {Ein Handbuch zur Geschichte der deutschen Sprache und ihrer Erforschung},
	volume		= {3},
	edition		= {2},
	publisher	= {De Gruyter},
	location	= {Berlin},
	date		= {2003},
	series		= {Handbücher zur Sprach- und Kommunikationswissenschaft},
	number		= {2},
	pages		= {2889--2942},
	doi			= {10.1515/9783110194173-038},
	gender		= {sm},
	langid		= {german},
}

@article{reis1980,
	author		= {Marga Reis},
	title		= {On justifying Topological Frames},
	subtitle	= {\enquote*{Positional field} and the Order of Nonverbal Constituents in {G}erman},
	journal     = {Documentation et recherche en linguistique allemande --
	Vincenne. Revue de linguistique},
	volume		= {22/23},
%	number		= {},
	date		= {1980},
	pages		= {59--85},
	doi			= {10.3406/drlav.1980.957},
	gender		= {sf},
	langid		= {english},
}

@online{rem,
	editor		= {Thomas Klein and Klaus-Peter Wegera and Stefanie Dipper and Claudia Wich-Reif},
	title		= {Referenzkorpus Mittelhochdeutsch (1050--1350)},
	titleaddon	= {Version 1.0},
	organization	= {Ruhr-\allowbreak{}Universität Bochum and Rheinische Friedrich-\allowbreak{}Wilhelms-\allowbreak{}Universität Bonn},
	date		= {2016},
	url			= {https://linguistics.rub.de/rem/},
	urldate		= {2024-01-08},
	gender		= {pp},
	langid		= {german},
}

@book{ringe2017,
	author		= {Don Ringe},
	title		= {From {P}roto-{I}ndo-{E}uropean to {P}roto-{G}ermanic},
	maintitle	= {A linguistic history of {E}nglish},
	volume		= {1},
	edition		= {2},
	location	= {Oxford},
	publisher	= {Oxford University Press},
	date		= {2017},
	doi			= {10.1093/oso/9780198792581.001.0001},
	gender		= {sm},
	langid		= {english},
}

@inproceedings{sadlernordlinger2006,
	author		= {Louisa Sadler and Rachel Nordlinger},
	title		= {Apposition as coordination},
	subtitle	= {Evidence from {A}ustralian languages},
	editor		= {Miriam Butt and Tracy H. King},
	booktitle	= {Proceedings of the {LFG~06} Conference},
	venue		= {Universität Konstanz},
	location	= {Stanford},
	publisher	= {CSLI Publications},
	date		= {2006},
	pages		= {437--454},
	gender		= {pf},
	langid		= {english},
}

@book{schirmunski1962,
	author		= {Viktor M. Schirmunski},
	title		= {Deutsche Mundartkunde},
	subtitle	= {Vergleichende Laut- und Formenlehre der deutschen Mundarten},
	translator	= {Wolfgang Fleischer},
	location	= {Berlin},
	publisher	= {Akademie-Verlag},
	date		= {1962},
	series		= {Veröffentlichungen des Instituts für deutsche Sprache und Literatur},
	number		= {25},
	origdate	= {1956},
	gender		= {sm},
	langid		= {german},
}

@inproceedings{schmid2019,
	author		= {Helmut Schmid},
	title		= {Deep learning-based morphological taggers and lemmatizers for annotating historical texts},
	maintitle	= {{DATeCH2019}},
	mainsubtitle = {Proceedings of the 3rd International Conference on Digital Access to Textual Cultural Heritage},
	publisher	= {Association for Computing Machinery},
	location	= {New York},
	date		= {2019},
	pages		= {133--137},
	doi			= {10.1145/3322905.3322915},
	gender		= {sm},
	langid		= {english},
}

@book{schmid2023,
	maintitle	= {Althochdeutsche Grammatik},
	series		= {Sammlung kurzer Grammatiken germanischer Dialekte, A. Hauptreihe},
	number		= {5},
	author		= {Hans U. Schmid},
	title		= {Grundzüge einer deskriptiven Syntax},
	volume		= {2},
	number		= {5},
	location	= {Berlin},
	publisher	= {De Gruyter},
	date		= {2023},
	doi			= {10.1515/9783110782493},
	gender		= {sm},
	langid		= {german},
}

@incollection{schmidtwiegand1998a,
	author		= {Ruth Schmidt-Wiegand},
	title		= {Urkunde \mkbibparens{sprachlich}},
	maintitle	= {Handwörterbuch zur deutschen Rechtsgeschichte},
	editor		= {Adalbert Erler and Ekkehard Kaufmann and Dieter Werkmüller},
	booktitle	= {Straftheorie -- Zycha, Register},
	volume		= {5},
	location	= {Berlin},
	publisher	= {Erich Schmidt},
	date		= {1998},
	pages		= {576--577},
	gender		= {sf},
	langid		= {german},
}

@incollection{schmidtwiegand1998b,
	author		= {Ruth Schmidt-Wiegand},
	title		= {Urkundensprache},
	maintitle	= {Handwörterbuch zur deutschen Rechtsgeschichte},
	editor		= {Adalbert Erler and Ekkehard Kaufmann and Dieter Werkmüller},
	booktitle	= {Straftheorie -- Zycha, Register},
	volume		= {5},
	location	= {Berlin},
	publisher	= {Erich Schmidt},
	date		= {1998},
	pages		= {593--602},
	gender		= {sf},
	langid		= {german},
}

@book{schneider1987,
	title		= {Vom späten 12.~Jahrhundert bis um 1300},
	subtitle	= {Textband},
	author		= {Karin Schneider},
	maintitle	= {Gotische Schriften in deutscher Sprache},
	location	= {Wiesbaden},
	publisher	= {Reichert},
	date		= {1987/2009},
	volume		= {1},
	date		= {1987},
}

@incollection{schneidermohr2001,
	author		= {Hermann Schneider and Wolfgang Mohr},
	title		= {Mittelhochdeutsche Dichtung},
	pages		= {314--335},
	editor		= {Paul Merker and Wolfgang Stammler and Werner Kohlschmidt and Wolfgang Mohr},
	maintitle	= {Reallexikon der deutschen Literaturgeschichte},
	booktitle	= {L--O},
	edition		= {2},
	volume		= {2},
	origdate	= {1965},
	location	= {Berlin},
	publisher	= {De Gruyter},
	date		= {2001},
	doi			= {10.1515/9783110879568},
	gender		= {pm},
	langid		= {german},
}

@book{schroeder1895,
	editor		= {Edward Schröder},
	title		= {Kaiserchronik eines {R}egensburger Geistlichen},
	maintitle	= {Deutsche Chroniken und andere Geschichtsbücher des Mittelalters},
	shorttitle	= {Kaiserchronik},
	volume		= {1},
	publisher	= {Hahn},
	location	= {Hannover},
	date		= {1895},
	series		= {Monumenta Germaniae Historica},
	number		= {1},
	gender		= {sm},
	langid		= {german},
	ids			= {kc},
}

@book{schuetzeichel2012,
	author		= {Rudolf Schützeichel},
	title		= {Althochdeutsches Wörterbuch},
	edition		= {7},
	location	= {Berlin},
	publisher	= {De Gruyter},
	date		= {2012},
	gender		= {sm},
	langid		= {german},
}

@inbook{schulze1994,
	author		= {Ursula Schulze},
	title		= {Einführung},
	pages		= {1--12},
	editor		= {Bettina Kirschstein and Ursula Schulze},
	maintitle	= {Wörterbuch der mittelhochdeutschen Urkundensprache auf der Grundlage des \mkbibitalic{Corpus der altdeutschen Originalurkunden bis zum Jahr 1300}},
	booktitle	= {\mkbibitalic{ab} bis \mkbibitalic{hinnen}},
	location	= {Berlin},
	publisher	= {Erich Schmidt},
	volume		= {1},
	date		= {1994},
	gender		= {sf},
	langid		= {german},
}

@book{schulze2011,
	author		= {Ursula Schulze},
	title		= {Studien zur Erforschung der deutschsprachigen Urkunden des 13. Jahrhunderts},
	location	= {Berlin},
	publisher	= {Erich Schmidt},
	date		= {2011},
	gender		= {sf},
	langid		= {german},
}

@incollection{schwab2012,
	author		= {Dieter Schwab},
	title		= {Kind},
	maintitle	= {Handwörterbuch zur deutschen Rechtsgeschichte},
	edition		= {2},
	editor		= {Albrecht Cordes and Heiner Lück and Dieter Werkmüller},
	booktitle	= {Geistliche Gerichtsbarkeit -- Konfiskation},
	volume		= {2},
	location	= {Berlin},
	publisher	= {Erich Schmidt},
	date		= {2012},
	pages		= {1736--1746},
	gender		= {sm},
	langid		= {german},
}

@incollection{schwartz2000,
	author		= {Linda Schwartz},
	title		= {Pronoun and article},
	editor		= {Geert Booij and Christian Lehmann and Joachim Mugdan},
	booktitle	= {Morphologie},
	booksubtitle	= {Ein internationales {H}andbuch zur {F}lexion und {W}ortbildung},
	volume		= {1},
	location	= {Berlin},
	publisher	= {De Gruyter},
	date		= {2000},
	series		= {Handbücher zur Sprach- und Kommunikationswissenschaft},
	number		= {17},
	pages		= {783--794},
	doi			= {10.1515/9783110111286.1.10.783},
	gender		= {sf},
	langid		= {english},
}

@article{shen2019,
	author		= {Zheng Shen},
	title		= {The multi-valuation {A}greement {H}ierarchy},
	journaltitle	= {Glossa},
	volume		= {4},
	number		= {1},
	eid			= {46},
	date		= {2019},
	pages		= {1--29},
	doi			= {10.5334/gjgl.585},
	gender		= {sm},
	langid		= {english},
}

@article{shlonsky1991,
	author		= {Ur Shlonsky},
	title		= {Quantifiers as functional heads},
	subtitle	= {A study of {Q}uantifier {F}loat in {H}ebrew},
	journaltitle	= {Lingua},
	volume		= {84},
	number		= {2--3},
	year		= {1991},
	pages		= {159--180},
	doi			= {10.1016/0024-3841(91)90069-H},
	gender		= {sm},
	langid		= {english},
}

@book{sievers1878,
	editor		= {Eduard Sievers},
	title		= {Heliand},
	location	= {Halle \mkbibparens{Saale}},
	publisher	= {Verlag der Buchhandlung des Waisenhauses},
	date		= {1878},
	series		= {Germanistische Handbibliothek},
	number		= {4},
	gender		= {sm},
	langid		= {german},
}

@book{siewierska2004,
	author		= {Anna Siewierska},
	title		= {Person},
	location	= {Cambridge},
	publisher	= {Cambridge University Press},
	date		= {2004},
	series		= {Cambridge Textbooks in Linguistics},
% 	number		= {}, % none, checked photocopied imprint 2023-12-04
	doi			= {10.1017/CBO9780511812729},
	gender		= {sf},
	langid		= {english},
}

@incollection{silverstein1976,
	author		= {Michael Silverstein},
	title		= {Hierarchy of features and ergativity},
	editor		= {Robert M. W. Dixon},
	booktitle	= {Grammatical Categories in {A}ustralian Languages},
	series		= {Linguistic Series},
	number		= {22},
	location	= {Canberra},
	publisher	= {Australian Institute of Aboriginal Studies},
	date		= {1976},
	pages		= {112--171},
	gender		= {sm},
	langid		= {english},
}

@incollection{skala1985,
	author		= {Emil Skála},
	title		= {Urkundensprache, Geschäfts- und Verkehrssprachen im Spätmittelalter},
	editor		= {Werner Besch and Oskar Reichmann and Stefan Sonderegger},
	booktitle	= {Sprachgeschichte},
	booksubtitle	= {Ein Handbuch zur Geschichte der deutschen Sprache und ihrer Erforschung},
	volume		= {2},
	publisher	= {De Gruyter},
	location	= {Berlin},
	date		= {1985},
	series		= {Handbücher zur Sprach- und Kommunikationswissenschaft},
	number		= {2},
	pages		= {1773--1780},
	gender		= {sm},
	langid		= {german},
}

@article{skirgardetal2023,
	author	= {Hedvig Skirgård and Hannah J. Haynie and Damián E. Blasi and Harald Hammarström and Jeremy Collins and Jay J. Latarche and Jakob Lesage and Tobias Weber and Alena Witzlack-Makarevich and Sam Passmore and Angela Chira and Luke Maurits and Russell Dinnage and Michael Dunn and Ger Reesink and Ruth Singer and Claire Bowern and Patience Epps and Jane Hill and Outi Vesakoski and Martine Robbeets and Noor Karolin Abbas and Daniel Auer and Nancy A. Bakker and Giulia Barbos and Robert D. Borges and Swintha Danielsen and Luise Dorenbusch and Ella Dorn and John Elliott and Giada Falcone and Jana Fischer and Yustinus Ghanggo Ate and Hannah Gibson and Hans-Philipp Göbel and Jemima A. Goodall and Victoria Gruner and Andrew Harvey and Rebekah Hayes and Leonard Heer and Roberto E. Herrera Miranda and Nataliia Hübler and Biu Huntington-Rainey and Jessica K. Ivani and Marilen Johns and Erika Just and Eri Kashima and Carolina Kipf and Janina V. Klingenberg and Nikita König and Aikaterina Koti and Richard G. A. Kowalik and Olga Krasnoukhova and Nora L. M. Lindvall and Mandy Lorenzen and Hannah Lutzenberger and Tânia R. A. Martins and Celia Mata German and Suzanne van der Meer and Jaime Montoya Samamé and Michael Müller and Saliha Muradoglu and Kelsey Neely and Johanna Nickel and Miina Norvik and Cheryl Akinyi Oluoch and Jesse Peacock and India O. C. Pearey and Naomi Peck and Stephanie Petit and Sören Pieper and Mariana Poblete and Daniel Prestipino and Linda Raabe and Amna Raja and Janis Reimringer and Sydney C. Rey and Julia Rizaew and Eloisa Ruppert and Kim K. Salmon and Jill Sammet and Rhiannon Schembri and Lars Schlabbach and Frederick W. P. Schmidt and Amalia Skilton and Wikaliler Daniel Smith and Hilário de Sousa and Kristin Sverredal and Daniel Valle and Javier Vera and Judith Voß and Tim Witte and Henry Wu and Stephanie Yam and Jingting Ye and Maisie Yong and Tessa Yuditha and Roberto Zariquiey and Robert Forkel and Nicholas Evans and Stephen C. Levinson and Martin Haspelmath and Simon J. Greenhill and Quentin D. Atkinson and Russell D. Gray },
	title	= {Grambank reveals the importance of genealogical constraints on linguistic diversity and highlights the impact of language loss},
	shorttitle	= {Grambank},
	journaltitle	= {Science Advances},
	volume	= {9},
	number	= {16},
	pages	= {1--15},
	date	= {2023},
	doi		= {10.1126/sciadv.adg6175},
	ids		= {grambank},
	gender	= {pp},
	langid	= {english},
}

@incollection{solms2014,
	author		= {Hans-Joachim Solms},
	title		= {Die Schimäre einer mittelhochdeutschen Gemeinsprache},
	subtitle	= {Eine grammatikographische Studie auf der Grundlage des Bochumer Mittelhochdeutsch-Korpus},
	editor		= {Vilmos Ágel and Andreas Gardt},
	booktitle	= {Paradigmen der aktuellen Sprachgeschichtsforschung},
	location	= {Berlin},
	publisher	= {De Gruyter},
	date		= {2014},
	series		= {Jahrbuch für Germanistische Sprachgeschichte},
	number		= {5},
	pages		= {111--134},
	doi			= {10.1515/jbgsg-2014-0009},
	gender		= {sm},
	langid		= {german},
}

@book{solmswegera1991,
	editor		= {Hugo Moser and Hugo Stopp and Werner Besch},
	maintitle	= {Grammatik des Frühneuhochdeutschen},
	mainsubtitle	= {Beiträge zur Laut- und Formenlehre},
	location	= {Heidelberg},
	publisher	= {Winter},
	series		= {Germanistische Bibliothek, 1.~Reihe: Sprachwissenschaftliche Lehr- und Elementarbücher},
% 	number		= {}, % none, checked physical vol. 1,3 2023-12-05
	author		= {Hans-Joachim Solms and Klaus-Peter Wegera},
	title		= {Flexion der Adjektive},
	volume		= {6},
	date		= {1991},
	gender		= {pm},
	langid		= {german},
}

@article{sparmann1961,
	author		= {Herbert Sparmann},
	title		= {Die Pronomina in der mittelhochdeutschen Urkundensprache},
	journaltitle	= {Beiträge zur Geschichte der deutschen Sprache und Literatur},
	volume		= {83}, % Halle
	date		= {1961},
	pages		= {1--116},
	url			= {https://resolver.sub.uni-goettingen.de/purl?PPN345203690_0083},
	urldate		= {2024-01-08},
	gender		= {sm},
	langid		= {german},
}

@inproceedings{spector2009,
	author		= {Ilona Spector},
	title		= {Hebrew floating quantifiers},
	editor		= {Miriam Butt and Tracy H. King},
	booktitle	= {Proceedings of {LFG09}},
	venue		= {Trinity College, Cambridge},
	location	= {Stanford},
	publisher	= {CSLI Publications},
	date		= {2009},
	pages		= {520--540},
	gender		= {sf},
	langid		= {english},
}

@article{sportiche1988,
	author		= {Dominique Sportiche},
	title		= {A theory of floating quantifiers and its corollaries for constituent structure},
	journaltitle	= {Linguistic Inquiry},
	volume		= {19},
	number		= {3},
	date		= {1988},
	pages		= {425--449},
	gender		= {sm},
	langid		= {english},
}

@incollection{steele1978,
	author		= {Susan Steele},
	title		= {Word order variation},
	subtitle	= {A typological study},
	editor		= {Joseph H. Greenberg and Charles A. Ferguson and Edith A. Moravcsik},
	maintitle	= {Universals of human language},
	booktitle	= {Syntax},
	volume		= {4},
	location	= {Stanford},
	publisher	= {Stanford University Press},
	date		= {1978},
	pages		= {585--623},
	gender		= {sf},
	langid		= {english}
}

@book{steinmeyer1916,
	editor		= {Elias von Steinmeyer},
	title		= {Die kleineren althochdeutschen Sprachdenkmäler},
	location	= {Berlin},
	publisher	= {Weidmannsche Buchhandlung},
	date		= {1916},
	gender		= {sm},
	langid		= {german},
}

@article{steriopolosteriopolo2022,
	author		= {Olga Steriopolo and Elena Steriopolo},
	title		= {The division of \textsc{gender}},
	journaltitle	= {Voprosy Jazykoznanija},
	number		= {1},
	date		= {2022},
	pages		= {59--84},
	doi			= {10.31857/0373-658X.2022.1.59-84},
	gender		= {pf},
	langid		= {english},
}

@book{tax1979,
	editor		= {Petrus W. Tax},
	title		= {Notker der Deutsche},
	subtitle	= {Der Psalter},
	titleaddon	= {Psalm 1--50},
	maintitle	= {Die Werke Notkers des Deutschen},
	maintitleaddon	= {Neue Ausgabe},
	volume		= {8},
	series		= {Altdeutsche Textbibliothek},
	number		= {84},
	location	= {Tübingen},
	publisher	= {Niemeyer},
	date		= {1979},
	doi			= {10.1515/9783110967500},
	gender		= {sm},
	langid		= {german},
}

@book{terry1990,
	editor		= {Patricia Terry},
	editortype	= {translator},
	introduction	= {Charles W. Dunn},
	title		= {Poems of the {E}lder {E}dda},
	edition		= {2},
	location	= {Philadelphia},
	publisher	= {University of Pennsylvania Press},
	date		= {1990},
	origdate	= {1969},
	series		= {The Middle Ages Series},
% 	number		= {}, % none, checked online imprint 2023-12-04
	doi			= {10.9783/9780812291599},
	gender		= {sf},
	langid		= {english},
}

@book{thrainsson2004,
	author      = {Höskuldur Thráinsson and Hjalmar P. Petersen and {Jógvan í Lon} Jacobsen and Zakaris S. Hansen},
	title		= {Faroese},
	subtitle	= {An overview and reference grammar},
	location	= {Tórshavn},
	publisher	= {Føroya Fróðskaparfelag},
	date		= {2004},
	gender		= {pm},
	langid		= {english},
}

@book{walchhaeckel1988,
	editor		= {Hugo Moser and Hugo Stopp and Werner Besch},
	maintitle		= {Grammatik des Frühneuhochdeutschen},
	mainsubtitle	= {Beiträge zur Laut- und Formenlehre},
	location	= {Heidelberg},
	publisher	= {Winter},
	series		= {Germanistische Bibliothek, 1.~Reihe: Sprachwissenschaftliche Lehr- und Elementarbücher},
% 	number		= {}, % none, checked physical vol. 1,3 2023-12-05
	author		= {Maria Walch and Susanne Häckel},
	title		= {Flexion der Pronomina und Numeralia},
	volume		= {7},
	date		= {1988},
	gender		= {pf},
	langid		= {german},
}

@incollection{wechsler2009,
	author		= {Stephen Wechsler},
	title		= {\enquote{Elsewhere} in gender resolution},
	editor		= {Kristin Hanson and Sharon Inkelas},
	booktitle	= {The nature of the word},
	booksubtitle	= {Studies in honor of {P}aul {K}iparsky},
	location	= {Cambridge},
	publisher	= {MIT Press},
	date		= {2009},
	series		= {Current Studies in Linguistics},
	number		= {47},
	pages		= {567--586},
	gender		= {sm},
	langid		= {english},
}

@book{wechslerzlatic2003,
	author		= {Stephen Wechsler and Larisa Zlatić},
	title		= {The many faces of agreement},
	publisher	= {CSLI Publications},
	location	= {Stanford},
	date		= {2003},
	series		= {Stanford Monographs in Linguistics},
% 	number		= {}, % none, checked physical book 2023-12-04
	gender		= {pp},
	langid		= {english},
}

@incollection{wegera2000,
	author		= {Klaus-Peter Wegera},
	title		= {Grundlagenprobleme einer mittelhochdeutschen Grammatik},
	editor		= {Werner Besch and Anne Betten and Oskar Reichmann and Stefan Sonderegger},
	booktitle	= {Sprachgeschichte},
	booksubtitle	= {Ein Handbuch zur Geschichte der deutschen Sprache und ihrer Erforschung},
	volume		= {2},
	edition		= {2},
	publisher	= {De Gruyter},
	location	= {Berlin},
	date		= {2000},
	series		= {Handbücher zur Sprach- und Kommunikationswissenschaft},
	number		= {2},
	doi			= {10.1515/9783110194166},
	pages		= {1304--1320},
	gender		= {sm},
	langid		= {german},
}

@book{weinhold1863,
	author		= {Karl Weinhold},
	title		= {Alemannische Grammatik},
	location	= {Berlin},
	publisher	= {Ferdinand Dümmler},
	date		= {1863},
	series		= {Grammatik der deutschen Mundarten},
	number		= {1},
	gender		= {sm},
	langid		= {german},
}

@book{weinhold1883,
	author		= {Karl Weinhold},
	title		= {Mittelhochdeutsche Grammatik},
	edition		= {2},
	location	= {Paderborn},
	publisher	= {Ferdinand Schöningh},
	date		= {1883},
	gender		= {sm},
	langid		= {german},
}

@book{weis2022,
	author		= {Daniel D. Weis},
	title		= {Karl der Große und seine Nachfolger in der deutschen \enquote*{Kaiserchronik}},
	subtitle	= {Kommentar und Untersuchung},
	location	= {Stuttgart},
	publisher	= {Hirzel},
	date		= {2022},
	series      = {Zeitschrift für deutsches Altertum und deutsche Literatur},
	number		= {Beiheft 37},
	gender		= {sm},
	langid		= {german},
}

@incollection{wiesinger1983,
	author		= {Peter Wiesinger},
	title		= {Die Einteilung der deutschen Dialekte},
	editor		= {Werner Besch and Ulrich Knoop and Wolfgang Putschke and Herbert E. Wiegand},
	booktitle	= {Dialektologie},
	booksubtitle	= {Ein Handbuch zur deutschen und allgemeinen Dialektforschung},
	volume		= {2},
	publisher	= {De Gruyter},
	location	= {Berlin},
	date		= {1983},
	series		= {Handbücher zur Sprach- und Kommunikationswissenschaft},
	number		= {1},
	pages		= {807--900},
	doi			= {10.1515/9783110203332-003},
	gender		= {sm},
	langid		= {german},
}

@online{wiesinger1983:rede,
	% Siehe https://www.regionalsprache.de/vorschl%C3%A4ge-zur-zitation.aspx
	% (2024-01-08):
	% 
	% Schmidt, Jürgen Erich / Herrgen, Joachim / Kehrein, Roland / Lameli,
	% Alfred (Hrsg.) (2008 ff.): Dialekteinteilung nach Wiesinger (1983).
	% Abzeichnung der Karte 47,4 in Wiesinger, Peter (1983): Die Einteilung der
	% deutschen Dialekte. In: Besch, Werner [u.a.] (Hrsg.): Dialektologie. Ein
	% Handbuch zur deutschen und allgemeinen Dialektforschung. 2. Halbband. (=
	% Handbücher zur Sprach- und Kommunikationswissenschaft. 1.2) Berlin/New
	% York. [Publiziert in URL: <www.regionalsprache.de>].
	editor		= {Jürgen E. Schmidt and Joachim Herrgen and Roland Kehrein and Alfred Lameli},
	title		= {Einteilung der deutschen Dialekte nach Peter Wiesinger},
	titleaddon	= {Abzeichung der Karte 47.4 in \textcite{wiesinger1983}},
	year		= {2008},
	url			= {https://regionalsprache.de},
	urldate		= {2024-01-08},
	gender		= {pm},
	langid		= {german},
}

@incollection{wiesinger2001,
	author		= {Peter Wiesinger},
	title		= {Zum Problem der Herkunft des Monophthongs \mkbibitalic{a} für mittelhochdeutsch \mkbibitalic{ei}},
	editor		= {Rudolf Bentzinger and Damaris Nübling and Rudolf Steffens},
	booktitle	= {Sprachgeschichte, Dialektologie, Onomastik, Volkskunde},
	booksubtitle	= {Beiträge zum Kolloquium am 3./4. Dezember 1999 an der Johannes Gutenberg-Universität Mainz. Wolfgang Kleiber zum 70.~Geburtstag},
	location	= {Stuttgart},
	publisher	= {Franz Steiner},
	date		= {2001},
	series		= {Zeitschrift für Dialektologie und Linguistik, Beihefte},
	number		= {115},
	pages		= {91--126},
	gender		= {sm},
	langid		= {german},
}

@online{wikipedia,
	title		= {Wikipedia},
	subtitle	= {Die freie Enzyklopädie},
	location	= {San Francisco},
	organization	= {Wikimedia Foundation},
	url			= {https://www.wikipedia.de},
	urldate		= {2024-01-08},
	gender		= {pp},
	langid		= {english},
}

@incollection{wilhelm1932,
	author		= {Friedrich Wilhelm},
	title		= {Vorrede},
	editor		= {Friedrich Wilhelm},
	maintitle	= {Corpus der altdeutschen Originalurkunden bis zum Jahr 1300},
	booktitle	= {1200--1282},
	booksubtitle	= {Nr. 1--564},
	volume		= {1},
	location	= {Lahr/Schwarzwald},
	publisher	= {Moritz Schauenburg},
	date		= {1932},
	pages		= {\RN{1}--\RN{83}},
	gender		= {sm},
	langid		= {german},
}

@book{wmu1,
	editor		= {Bettina Kirschstein and Ursula Schulze and Sibylle Ohly and Peter Schmitt},
	maintitle	= {Wörterbuch der mittelhochdeutschen Urkundensprache auf der Grundlage des \mkbibitalic{Corpus der altdeutschen Originalurkunden bis zum Jahr 1300}},
	location	= {Berlin},
	publisher	= {Erich Schmidt},
	gender		= {pf},
	langid		= {german},
	volume		= {1},
	title		= {\mkbibitalic{ab} bis \mkbibitalic{hinnen}},
	shorttitle	= {WMU~1},
	shorthand	= {WMU~1},
	date		= {1994},
}

@book{wmu2,
	editor		= {Bettina Kirschstein and Ursula Schulze and Sibylle Ohly and Peter Schmitt and Nicole Spengler},
	maintitle	= {Wörterbuch der mittelhochdeutschen Urkundensprache auf der Grundlage des \mkbibitalic{Corpus der altdeutschen Originalurkunden bis zum Jahr 1300}},
	location	= {Berlin},
	publisher	= {Erich Schmidt},
	gender		= {pp},
	langid		= {german},
	volume		= {2},
	title		= {\mkbibitalic{hinnen dar} bis \mkbibitalic{swester}},
	shorttitle	= {WMU~2},
	shorthand	= {WMU~2},
	date		= {2003},
}

@book{wmu3,
	editor		= {Bettina Kirschstein and Ursula Schulze and Sibylle Ohly and Daniela Schmidt},
	maintitle	= {Wörterbuch der mittelhochdeutschen Urkundensprache auf der Grundlage des \mkbibitalic{Corpus der altdeutschen Originalurkunden bis zum Jahr 1300}},
	location	= {Berlin},
	publisher	= {Erich Schmidt},
	gender		= {pp},
	langid		= {german},
	volume		= {3},
	title		= {\mkbibitalic{swesterkint} bis \mkbibitalic{zwîvelrede}},
	shorttitle	= {WMU~3},
	shorthand	= {WMU~3},
	date		= {2010},
}

@book{wmuovz,
	editor		= {Bettina Kirschstein and Ursula Schulze and Sibylle Ohly and Peter Schmitt},
	title	= {Schreibortverzeichnis zum Wörterbuch der mittelhochdeutschen Urkundensprache},
	location	= {Berlin},
	publisher	= {Erich Schmidt},
	gender		= {pp},
	langid		= {german},
	date		= {1991},
}

@book{woellstein2010,
	author		= {Angelika Wöllstein},
	title		= {Topologisches Satzmodell},
	location	= {Heidelberg},
	publisher	= {Universitätsverlag Winter},
	date		= {2010},
	series		= {Kurze Einführungen in die germanistische Linguistik},
	number		= {8},
	gender		= {sf},
	langid		= {german},
}

@book{woellstein2022,
	editor		= {Angelika Wöllstein},
	title		= {Die {G}rammatik},
	sorttitle	= {Grammatik},
	edition		= {10},
	series		= {Duden},
	number		= {4},
	location	= {Berlin},
	publisher	= {Dudenverlag},
	date		= {2022},
	gender		= {pp},
	langid		= {german},
}

@unpublished{wolf:kckat,
	author		= {Jürgen Wolf},
	title		= {Handschriftenkatalog zur \mkbibitalic{Kaiserchronik}-Überlieferung},
	note		= {Manuskript},
	date		= {2018-07},
}

@incollection{wolf2008,
	author		= {Jürgen Wolf},
	title		= {Die Kaiserchronikfassungen {A}, {B} und {C} oder {D}ie Gleichzeitigkeit des Ungleichzeitigen},
	editor		= {Michael Szurawitzki and Christopher M. Schmidt},
	booktitle	= {Interdisziplinäre Germanistik im Schnittpunkt der Kulturen},
	booksubtitle	= {Festschrift für {D}agmar {N}euendorff zum 60.~Geburtstag},
	location	= {Würzburg},
	publisher	= {Königshausen \& Neumann},
	date		= {2008},
	pages		= {91--108},
	gender		= {sm},
	langid		= {german},
}

@incollection{wolf2023,
	author		= {Jürgen Wolf},
	title		= {Hans Ferdinand Maßmann als Editor},
	subtitle	= {Ein Leben zwischen Wissenschaft, Nationalidee und Turnerbund},
	editor		= {Judith Lange and Martin Schubert},
	booktitle	= {Geschichte der altgermanistischen Edition},
	location	= {Berlin},
	publisher	= {De Gruyter},
	date		= {2023},
	series		= {Bausteine zur Geschichte der Edition},
	number		= {6},
	pages		= {111--132},
	doi			= {10.1515/9783110786422-008},
	gender		= {sm},
	langid		= {german},
}
