% Encoding: UTF-8

@InCollection{KlechaPerfect,
  author        = {Klecha, Peter},
  booktitle     = {Proceedings of {Sinn und Bedeutung}},
  title         = {The {English} Perfect is Past},
  editor        = {Bade, Nadine and Berezovskaya, Polina and Sch{\"o}ller, Anthea},
  pages         = {393-411},
  publisher     = {University of Konstanz},
  url           = {https://ojs.ub.uni-konstanz.de/sub/index.php/sub/article/view/271},
  volume        = {24.2},
  bdsk-url-1    = {https://ojs.ub.uni-konstanz.de/sub/index.php/sub/article/view/271},
  date-added    = {2021-01-09 18:34:49 -0500},
  date-modified = {2021-02-24 14:29:26 -0500},
  year          = {2016},
}

@PhdThesis{Rosenbaum:1965aa,
  author        = {Rosenbaum, Peter Steven},
  title         = {The grammar of {English} predicate complement constructions},
  url           = {http://hdl.handle.net/1721.1/16391},
  bdsk-url-1    = {http://hdl.handle.net/1721.1/16391},
  date-added    = {2017-05-27 18:44:33 +0000},
  date-modified = {2021-02-09 13:12:47 -0500},
  school        = {MIT},
  year          = {1965},
}

@InCollection{McCloskey:2006,
  author        = {McCloskey, James},
  booktitle     = {Crosslinguistic Research in Syntax and Semantics: Negation, Tense and Clausal Architecture},
  title         = {Questions and Questioning in a Local {English}},
  editor        = {Zanuttini, Rafaella and Campos, H{\'e}ctor and Herburger, Elena and Portner, Paul H.},
  pages         = {87-126},
  publisher     = {Georgetown University Press},
  date-modified = {2020-12-05 12:20:39 -0500},
  year          = {2006},
}

@Article{Hornstein1999b,
  author     = {Hornstein, Norbert},
  title      = {Movement and Control},
  number     = {1},
  pages      = {69--96},
  url        = {http://www.jstor.org/stable/4179050},
  volume     = {30},
  abstract   = {Since the earliest days of generative grammar, control has been distinguished from raising: the latter the product of movement operations, the former the result of construal processes relating a PRO to an antecedent. This article argues that obligatory control structures are also formed by movement. Minimalism makes this approach viable by removing D-Structure as a grammatical level. Implementing the suggestion, however, requires eliminating the last vestiges of D-Structure still extant in Chomsky's (1995) version of the Minimalist Program. In particular, it requires dispensing with the θ-Criterion and adopting the view that θ-roles are featurelike in being able to license movement.},
  bdsk-url-1 = {http://www.jstor.org/stable/4179050},
  journal    = {Linguistic Inquiry},
  year       = {1999},
  doi        = {https://doi.org/10.1162/002438999553968},
}

@Book{Katz:1964,
  author        = {Katz, Jerrold J. and Postal, Paul},
  title         = {An Integrated Theory of Linguistic Descriptions},
  publisher     = {MIT Press},
  address       = {Cambridge, MA},
  date-modified = {2021-02-20 21:05:57 -0500},
  keywords      = {library},
  year          = {1964},
}

@Unpublished{Pesetsky:2019aa,
  author        = {Pesetsky, David},
  title         = {Exfoliation: towards a derivational theory of clause size},
  url           = {https://ling.auf.net/lingbuzz/004440},
  bdsk-url-1    = {https://ling.auf.net/lingbuzz/004440},
  date-added    = {2020-12-05 18:08:12 -0500},
  date-modified = {2020-12-05 18:08:56 -0500},
  institution   = {MIT},
  year          = {2019},
}

@InCollection{pesetsky2015complementizer,
  author        = {Pesetsky, David},
  booktitle     = {The {Wiley Blackwell} Companion to Syntax, 2nd edition},
  title         = {Complementizer-Trace Effects},
  doi           = {10.1002/9781118358733.wbsyncom108},
  editor        = {Martin Everaert and Henk C. Van Riemsdijk},
  note          = {\url{http://dx.doi.org/10.1002/9781118358733.wbsyncom108} and \url{http://ling.auf.net/lingbuzz/002385}},
  publisher     = {Wiley and Sons},
  annote        = {\url{http://dx.doi.org/10.1002/9781118358733.wbsyncom108} and \url{http://ling.auf.net/lingbuzz/002385}},
  bdsk-url-1    = {http://ling.auf.net/lingbuzz/002385},
  bdsk-url-2    = {https://dx.doi.org/10.1002/9781118358733.wbsyncom108},
  date-added    = {2018-01-20 19:13:52 +0000},
  date-modified = {2018-01-21 21:15:52 +0000},
  year          = {2017},
}

@PhdThesis{Bowers1973,
  author        = {Bowers, John},
  title         = {Grammatical relations},
  note          = {Published by Garland, New York, 1986},
  url           = {http://dspace.mit.edu/handle/1721.1/12987},
  address       = {Cambridge, MA},
  bdsk-url-1    = {Published%20by%20Garland,%20New%20York,%201986},
  date-modified = {2021-02-20 19:49:11 -0500},
  school        = {Massachusetts Institute of Technology},
  year          = {1973},
}

@Book{bowers,
  author    = {Bowers, John S.},
  title     = {The theory of grammatical relations},
  publisher = {Cornell University Press},
  address   = {Ithaca},
  keywords  = {Honours},
  year      = {1981},
}

@PhdThesis{Stowell:1981,
  author     = {Stowell, Tim},
  title      = {Origins of Phrase Structure},
  url        = {http://dspace.mit.edu/handle/1721.1/15626},
  address    = {Cambridge, MA},
  bdsk-url-1 = {http://dspace.mit.edu/handle/1721.1/15626},
  keywords   = {library;; Case;; word; order;; A; movement},
  school     = {Massachusetts Institute of Technology},
  year       = {1981},
}

@Unpublished{Pesetsky1991,
  author        = {Pesetsky, David},
  title         = {Zero Syntax, vol. 2: Infinitives},
  location      = {MIT},
  url           = {http://web.mit.edu/linguistics/www/pesetsky/infins.pdf},
  bdsk-url-1    = {http://web.mit.edu/linguistics/www/pesetsky/infins.pdf},
  date-modified = {2021-01-10 19:56:36 -0500},
  institution   = {MIT},
  keywords      = {conditionals, infinitives, argument conditionals},
  year          = {1991},
}

@Book{Chomsky1964c,
  author    = {Chomsky, Noam},
  title     = {Current issues in linguistic theory},
  publisher = {Mouton},
  address   = {The Hague},
  keywords  = {library; linguistic theory},
  year      = {1964},
}

@Book{Rosenbaum1967,
  author        = {Rosenbaum, Peter Steven},
  title         = {The grammar of {English} predicate complement constructions},
  pages         = {128},
  publisher     = {MIT Press},
  address       = {Cambridge, MA},
  date-modified = {2021-02-20 21:05:34 -0500},
  keywords      = {library; complementation; clauses},
  year          = {1967},
}

@InCollection{GrOnn:2021aa,
  author        = {Gr{\o}nn, Atle and {von Stechow}, Arnim},
  booktitle     = {The {Wiley Blackwell} Companion to Semantics},
  title         = {The Perfect},
  doi           = {10.1002/9781118788516.sem046},
  editor        = {Daniel Gutzmann and Lisa Matthewson and Cecile Meier and Hotze Rullmann and Thomas Ede Zimmermann},
  publisher     = {Wiley and Sons},
  note        = {\url{https://onlinelibrary.wiley.com/doi/epdf/10.1002/9781118788516.sem046} and \url{https://www.hf.uio.no/ilos/personer/vit/atleg/perfect_gronn_stechow_oct2017.pdf}},
  address       = {Bridgewater, NJ},
  bdsk-url-1    = {https://onlinelibrary.wiley.com/doi/epdf/10.1002/9781118788516.sem046},
  bdsk-url-2    = {https://doi.org/10.1002/9781118788516.sem046},
  date-added    = {2020-12-06 10:00:36 -0500},
  date-modified = {2020-12-06 11:12:40 -0500},
  year          = {2021},
}

@Article{Stowell1982b,
  author     = {Stowell, Tim},
  title      = {The Tense of Infinitives},
  number     = {3},
  pages      = {561--570},
  url        = {http://www.jstor.org/stable/4178293},
  volume     = {13},
  bdsk-url-1 = {http://www.jstor.org/stable/4178293},
  journal    = {Linguistic Inquiry},
  year       = {1982},
}

@Article{fitzpatrick2006deletion,
  author        = {Fitzpatrick, Justin M.},
  title         = {Deletion through movement},
  number        = {2},
  pages         = {399--431},
  volume        = {24},
  date-added    = {2018-07-13 22:33:25 +0000},
  date-modified = {2018-07-13 22:33:44 +0000},
  doi           = {10.1007/s11049-005-3606-3},
  journal       = {Natural Language \& Linguistic Theory},
  publisher     = {Springer},
  year          = {2006},
}

@InCollection{Chomsky2001,
  author        = {Chomsky, Noam},
  booktitle     = {{Ken Hale} : a life in language},
  title         = {Derivation by Phase},
  editor        = {Kenstowicz, Michael},
  pages         = {1-52},
  publisher     = {MIT Press},
  url           = {http://cognet.mit.edu/library/books/view?isbn=0262112574},
  address       = {Cambridge, MA},
  bdsk-url-1    = {http://cognet.mit.edu/library/books/view?isbn=0262112574},
  date-modified = {2021-02-20 21:05:34 -0500},
  year          = {2001},
}

@Book{Lees1963,
  author        = {Lees, Robert},
  title         = {The Grammar of {English} Nominalizations},
  publisher     = {Mouton},
  address       = {The Hague},
  date-modified = {2017-05-27 19:01:51 +0000},
  keywords      = {library; nominals; morphology},
  year          = {1963},
}

@InCollection{Dechaine1991,
  author        = {D{\'e}chaine, Rose-Marie},
  booktitle     = {Proceedings of {SALT 1}},
  title         = {Bare Sentences},
  editor        = {Moore, Steven and Wyner, Adam Zachary},
  pages         = {31-50},
  publisher     = {Cornell University Working Papers in Linguistics},
  address       = {Ithaca, NY},
  date-modified = {2020-12-11 10:54:02 -0500},
  year          = {1991},
}

@Article{Wurmbrand:2014aa,
  author        = {Wurmbrand, Susi},
  title         = {Tense and Aspect in {English} Infinitives},
  doi           = {doi: 10.1162/ling_a_00161},
  number        = {3},
  pages         = {403-447},
  volume        = {45},
  date-added    = {2020-11-29 12:33:25 -0500},
  date-modified = {2020-11-29 12:34:58 -0500},
  journal       = {Linguistic Inquiry},
  keywords      = {infinitives, tense, aspect, episodic interpretation, control, exceptional case marking},
  year          = {2014},
}

@Book{Welmers:1973aa,
  author        = {Welmers, William E.},
  title         = {{African} language structures},
  publisher     = {University of California Press},
  address       = {Berkeley},
  date-added    = {2020-11-29 13:12:26 -0500},
  date-modified = {2020-12-05 13:02:58 -0500},
  year          = {1973},
}

@Article{Levelt:1983aa,
  author        = {Levelt, Willem J. M.},
  title         = {Monitoring and self-repair in speech},
  doi           = {doi.org/10.1016/0010-0277(83)90026-4},
  number        = {1},
  pages         = {41-104},
  url           = {https://www.sciencedirect.com/science/article/pii/0010027783900264},
  volume        = {14},
  date-added    = {2021-02-15 14:55:56 -0500},
  date-modified = {2021-02-15 15:22:29 -0500},
  journal       = {Cognition},
  year          = {1983},
}

@Book{Perlmutter:1971,
  author    = {Perlmutter, David M.},
  title     = {Deep and Surface Structure constraints in Syntax},
  publisher = {Holt, Rinehart and Winston},
  address   = {New York},
  year      = {1971},
}

@InCollection{Marantz1991,
  author        = {Marantz, Alec},
  booktitle     = {Proceedings of {ESCOL} '91},
  title         = {Case and Licensing},
  editor        = {Westphal, Germ{\'a}n and Ao, Benjamin and Chae, Hee-Rahk},
  pages         = {234-253},
  publisher     = {Ohio State University},
  address       = {University of Maryland, Baltimore},
  date-modified = {2018-01-18 20:18:22 +0000},
  year          = {1991},
}

@Book{Fox1999,
  author        = {Fox, Danny},
  title         = {Economy and semantic interpretation},
  pages         = {215},
  publisher     = {MIT Press},
  address       = {Cambridge, MA},
  date-modified = {2021-02-20 21:05:34 -0500},
  keywords      = {library},
  year          = {1999},
}

@InCollection{Chomsky2001a,
  author        = {Chomsky, Noam},
  booktitle     = {Structures and Beyond: The Cartography of Syntactic Structures, vol. 3},
  title         = {Beyond explanatory adequacy},
  editor        = {Belletti, Adriana},
  pages         = {104-131},
  publisher     = {Oxford University Press},
  address       = {Oxford},
  bdsk-url-1    = {first%20published%20as%20MIT%20occasional%20papers%20in%20linguistics:%20vol.%2020%20(2001),%20Cambridge,%20MA%20:MIT},
  date-modified = {2020-12-05 12:18:21 -0500},
  keywords      = {Grammar, Comparative and general Syntax.; Explanation (Linguistics); Phrase structure grammar; Generative grammar},
  year          = {2004},
}

@Book{Wehrli1980,
  author        = {Wehrli, Eric},
  title         = {Constructions infinitives: compl{\'e}ments {VP} et leurs implications th{\'e}oriques},
  publisher     = {McGill University, Universit{\'e} de Montr{\'e}al and Universit{\'e} du Qu{\'e}bec {\`a} Montreal},
  address       = {Montreal},
  date-modified = {2021-02-15 13:44:16 -0500},
  year          = {1980},
}

@InCollection{Wehrli1981,
  author        = {Wehrli, Eric},
  booktitle     = {Proceedings of {NELS} 11},
  title         = {On thematic roles and exceptional case marking},
  editor        = {Burke, Victoria and Pustejovsky, James},
  pages         = {414-424},
  publisher     = {Graduate Student Linguistic Association, UMass/Amherst},
  address       = {Amherst, MA},
  date-modified = {2021-02-15 13:44:29 -0500},
  year          = {1981},
}

@Book{Levelt:1989aa,
  author            = {Levelt, Willem J. M.},
  title             = {Speaking: from intention to articulation},
  isbn              = {0262121379},
  publisher         = {MIT Press},
  address           = {Cambridge, MA},
  annote            = {LDR 01015pam 2200289 a 4500 001 1492996 005 19890616154008.7 008 880526s1989 maua b 001 0 eng 035 $9(DLC) 88019144 906 $a7$bcbc$corignew$d1$eocip$f19$gy-gencatlg 955 $apc07 05-26-88; pc02 to be00 05-27-88; be11 to SCD 05-31-88; fc06 06-06-88; fm22 06-07-88 010 $a 88019144 020 $a0262121379 040 $aDLC$cDLC$dDLC 050 00 $aP37$b.L44 1989 082 00 $a401/.9$219 100 1 $aLevelt, W. J. M.$q(Willem J. M.),$d1938- 245 10 $aSpeaking :$bfrom intention to articulation /$cWillem J.M. Levelt. 260 $aCambridge, Mass. :$bMIT Press,$cc1989. 300 $axiv, 566 p. :$bill. ;$c24 cm. 440 0 $aACL-MIT Press series in natural-language processing 500 $a"A Bradford book." 504 $aBibliography: p. 501-537. 500 $aIncludes indexes. 650 0 $aPsycholinguistics. 650 0 $aSpeech. 991 $bc-GenColl$hP37$i.L44 1989$p00005378539$tCopy 1$wBOOKS},
  call-number       = {P37},
  date-added        = {2021-02-15 15:21:48 -0500},
  date-modified     = {2021-02-15 15:22:43 -0500},
  dewey-call-number = {401/.9},
  genre             = {Psycholinguistics},
  library-id        = {88019144},
  year              = {1989},
}

@Article{Yip1987a,
  author     = {Yip, Moira and Maling, Joan and Jackendoff, Ray},
  title      = {Case in Tiers},
  number     = {2},
  pages      = {217--250},
  url        = {http://www.jstor.org/stable/415655},
  volume     = {63},
  bdsk-url-1 = {http://www.jstor.org/stable/415655},
  journal    = {Language},
  year       = {1987},
  doi        = {https://doi.org/10.2307/415655}
}

@InCollection{Dechaine:1995,
  author        = {D{\'e}chaine, Rose-Marie},
  booktitle     = {Proceedings of the {North East Linguistic Society} 25},
  title         = {Zero tense in {Standard} and in {African American English}},
  editor        = {Beckman, Jill},
  pages         = {63-78},
  publisher     = {Graduate Linguistic Student Association, UMass Amherst},
  url           = {https://scholarworks.umass.edu/nels/vol25/iss1/6},
  volume        = {1: Papers from the main sessions},
  address       = {Amherst, MA},
  bdsk-url-1    = {https://scholarworks.umass.edu/nels/vol25/iss1/6},
  date-modified = {2021-02-20 21:32:07 -0500},
  year          = {1995},
}

@PhdThesis{Perlmutter1968,
  author     = {Perlmutter, David M.},
  title      = {Deep and Surface Structure Constraints in Syntax},
  url        = {http://hdl.handle.net/1721.1/13003},
  address    = {Cambridge, MA},
  bdsk-url-1 = {http://hdl.handle.net/1721.1/13003},
  school     = {Massachusetts Institute of Technology},
  year       = {1968},
}

@incollection{Abusch1988,
	address = {Stanford, CA},
	author = {Abusch, Dorit},
	booktitle = {Proceedings of the 7th West Coast Conference on Formal Linguistics},
	date-modified = {2021-02-27 12:02:18 -0500},
	editor = {Borer, Hagit},
	journal = {WCCFL},
	pages = {1--14},
	publisher = {CSLI Publications},
	title = {Sequence of Tense, Intensionality, and Scope},
	year = {1988}}
	
	@phdthesis{Abusch:1985tm,
	address = {Amherst, MA},
	author = {Abusch, Dorit},
	date-added = {2021-02-27 11:49:56 -0500},
	date-modified = {2021-02-27 11:52:02 -0500},
	school = {UMass Amherst},
	title = {On verbs and time},
	url = {https://scholarworks.umass.edu/cgi/viewcontent.cgi?article=3140&context=dissertations_1},
	year = {1985}}
	
	
@article{Rudin:2019aa,
	author = {Rudin, Deniz},
	date-added = {2021-02-27 14:51:19 -0500},
	date-modified = {2021-02-27 14:52:56 -0500},
	doi = {doi: 10.1162/ling_a_00308},
	journal = {Linguistic Inquiry},
	number = {2},
	pages = {253--283},
	title = {Head-based syntactic identity in sluicing},
	url = {https://www.mitpressjournals.org/doi/pdf/10.1162/ling_a_00308},
	volume = {50},
	year = {2019}}


@article{Wechsler2001,
	author = {Wechsler, Stephen and Zlati{\'c}, Larisa},
	journal = {Lingua},
	pages = {539--560},
	doi     = {https://doi.org/10.1016/S0024-3841(00)00037-1},
	title = {Case realization and identity},
	url = {https://sites.google.com/site/wechslerpublications/publication-downloads/11WechslerZlatic2001-CaseRealization.pdf?attredirects=0},
	volume = {111},
	year = {2001},
	Bdsk-Url-1 = {https://sites.google.com/site/wechslerpublications/publication-downloads/11WechslerZlatic2001-CaseRealization.pdf?attredirects=0}}
	
	
@article{Hankamer1976a,
	author = {Hankamer, Jorge and Sag, Ivan},
	journal = {Linguistic Inquiry},
	number = {3},
	pages = {391--428},
	title = {Deep and Surface Anaphora},
	url = {http://www.jstor.org/stable/4177933},
	volume = {7},
	year = {1976},
	Bdsk-Url-1 = {http://www.jstor.org/stable/4177933}}


