@unpublished{Wurmbrand2000,
	address = {McGill University},
	author = {Wurmbrand, Susi},
	title = {The structure(s) of particle verbs},
	note = {Unpublished ms.},
	year = {2000}}

@unpublished{Valdeson_double_nodate,
	author = {Valdeson, Fredrik},
	title = {The double object construction and semantically equivalent prepositional constructions in {Late} {Modern} {{Swedish}}}}

@unpublished{Andreasson_subject_nodate,
	author = {Andréasson, Maia and Larsson, Ida},
	title = {Subject placement in {{Swedish}} and {{Danish}}}}

@techreport{Larsson2004,
	address = {Gothenburg},
	author = {Larsson, Ida},
	institution = {Department of Swedish, University of Gothenburg},
	number = {49},
	title = {Språk i förändring: {Adjektivändelserna} -\textit{a} och -\textit{e} från fornsvenska till nysvenska [{Language} in change: {The} adjectival endings -\textit{a} and -\textit{e} from {Old} to {Early} {Modern} {{Swedish}}]},
	year = {2004}}

@phdthesis{Vitterso2004,
	address = {Oslo},
	annote = {MA Thesis: University of Oslo},
	author = {Vittersø, Gro},
	school = {University of Oslo},
	title = {Fra sva til sav: {{S}}tabilitet og endring i norske leddsetninger 1200--1875 [{From} sva word order to sav word order: {{S}}tability and change in {{Norwegian}} subordinate clauses 1200--1875]},
	year = {2004}}

@mastersthesis{Horn2015,
	address = {Uppsala},
	author = {Horn, Adam af Åminne},
	school = {Uppsala University},
	title = {\emph{{Viljen} {I} veta?} {Om} verbens pluralböjning i sydvästsvenska dialekter [{Do} you want to know? {On} verbal number inflection in {{Swedish}} dialects in the {South-West}]},
	year = {2015}}

@misc{Lundquist2015,
	author = {Lundquist, Björn},
	title = {Double object passives, pseudo-passives and the complete loss of {Case} in {{Swedish}}},
	type = {Extended handout from {Linguistics} {Association} of {Great} {Britain}, workshop on {Double} objects, 2015},
	year = {2015}}

@misc{Lindberg1927,
	author = {Lindberg, Gunnar},
	title = {Anteckningar om personböjning, omvänd ordföljd m. m. [{Notes} on person inflection, inverted word order etc.]},
	note = {Isof, A. No.: ULMA1604:01, 04},
	year = {1927}}

@misc{Delsing2014Svenskans,
	address = {Stockholm},
	note = {Talk given at the {Möte} för nätverket i nordisk syntaxhistoria, {Stockholm} 6–7 november 2014 [{Meeting} for the network for {Nordic} syntax history, {Stockholm} 6–7 {November} 2014]},
	author = {Delsing, Lars-Olof},
	date-modified = {2021-08-27 17:01:03 +0200},
	title = {Svenskans r-pronomen. [{{Swedish}} r-pronouns.]},
	year = {2014}}

@misc{Andersson1922,
	author = {Andersson, Albert},
	title = {Descriptiv grammatik över folkmålet i {Träslövs} kyrkoby [{Descriptive} grammar of the dialect of the village of {Träslöv}]},
	note = {Ms. Isof a. No: DAL634},
	year = {1922}}

@mastersthesis{Lundquist2004,
	address = {Lund},
	author = {Lundquist, Björn},
	school = {Lund University},
	title = {Subjektsval vid passivering av ditransitiva verb. [{Choice} of subect in ditransitive passives]},
	year = {2004}}

@inproceedings{Petzell2020,
	address = {Riga},
	author = {Petzell, Erik M.},
	booktitle = {Proceedings of the {Digital} {{Humanities}} in the {{Nordic}} {Countries} 5th {Conference} ({{DHN}} 2020), {Riga}, {{Latvia}}, {October} 21-23, 2020.},
	pages = {302--309},
	series = {{CEUR} {Workshop} proceedings},
	title = {Handwritten text recognition and linguistic research},
	url = {http://ceur-ws.org/Vol-2612/},
	volume = {2612},
	year = {2020}}

@inproceedings{LindstadEtAl2009,
	address = {Odense},
	author = {Lindstad, Arne Martinus and Nøklestad, Anders and Johannessen, Janne Bondi and Vangsnes, Øystein Alexander},
	booktitle = {Proceedings of the 17th {{Nordic}} {Conference} of {Computational} {Linguistics} ({{NODALIDA}} 2009)},
	month = may,
	pages = {283--286},
	publisher = {Northern European Association for Language Technology (NEALT)},
	title = {The {{Nordic}} {Dialect} {Database}: {Mapping} microsyntactic variation in the {{Scandinavian}} languages},
	url = {https://www.aclweb.org/anthology/W09-4646},
	year = {2009}}

@inproceedings{JohannessenEtAl2009,
	address = {Odense},
	author = {Johannessen, Janne Bondi and Priestley, Joel James and Hagen, Kristin and Åfarli, Tor Anders and Vangsnes, Øystein Alexander},
	booktitle = {Proceedings of the 17th {{Nordic}} {Conference} of {Computational} {Linguistics} ({{NODALIDA}} 2009)},
	month = may,
	pages = {73--80},
	publisher = {Northern European Association for Language Technology (NEALT)},
	title = {The {{Nordic}} {Dialect} {Corpus}--an advanced research tool},
	url = {https://www.aclweb.org/anthology/W09-4612},
	year = {2009}}

@inproceedings{BorinEtAl2012,
	address = {Istanbul, Turkey},
	author = {Borin, Lars and Forsberg, Markus and Roxendal, Johan},
	booktitle = {Proceedings of the {eighth} {international} {conference} on {language} {resources} and {evaluation} ({{LREC}}'12)},
	editor = {Chair), Nicoletta Calzolari (Conference and Choukri, Khalid and Declerck, Thierry and Do{\u g}an, Mehmet U{\u g}ur and Maegaard, Bente and Mariani, Joseph and Moreno, Asuncion and Odijk, Jan and Piperidis, Stelios},
	isbn = {978-2-9517408-7-7},
	pages = {474--478},
	publisher = {European Language Resources Association (ELRA)},
	title = {Korp: {The} corpus infrastructure of {Språkbanken}},
	year = {2012}}

@incollection{AlexiadouFanselow2002,
	address = {Amsterdam},
	author = {Alexiadou, Artemis and Fanselow, Gisbert},
	series = {{Linguistik} {Aktuell}/{Linguistics} {Today}},
	number = {53},
	doi = {10.1075/la.53.13ale},
	editor = {Zwart, C. Jan-Wouter and Abraham, Werner},
	pages = {219--242},
	publisher = {John Benjamins},
	title = {On the correlation between morphology and syntax: {The} case of {V}-to-{I}},
	booktitle = {Studies in Comparative {Germanic} Syntax: {Proceedings} from the 15th Workshop on Comparative {Germanic} Syntax ({Groningen}, {May} 26–27, 2000)},
	year = {2002}}

@incollection{Johansson2007,
	address = {Åbo},
	author = {Johansson, Lars-Erik},
	booktitle = {Studier i svensk språkhistoria: {{F}}öredrag vid nionde sammankomsten för svenska språkets historia, i {Åbo} 19-20 maj 2006. 9: {Det} moderna genombrottet: {Också} en språkfråga?},
	date-modified = {2021-08-27 17:12:58 +0200},
	editor = {Wollin, Lars and Saarukka, Anna and Stroh-Wollin, Ulla},
	isbn = {978-952-12-1866-8},
	number = {5/2007},
	pages = {125--132},
	publisher = {Department of Swedish, Åbo Academy},
	series = {Skrifter från {Svenska} institutionen vid Åbo {Akademi}},
	title = {Periodindelningen i svensk språkhistoria: {{T}}erminologi och avgränsningar [{The} periodization in {{Swedish}} language history: {{T}}erminology and definitions]},
	year = {2007}}

@incollection{Malmgren2007,
	address = {Åbo},
	author = {Malmgren, Sven-Göran},
	booktitle = {Studier i svensk språkhistoria: {{F}}öredrag vid nionde sammankomsten för svenska språkets historia, i {Åbo} 19-20 maj 2006. 9: {Det} moderna genombrottet: {Också} en språkfråga?},
	date-modified = {2021-08-27 17:12:58 +0200},
	editor = {Wollin, Lars and Saarukka, Anna and Stroh-Wollin, Ulla},
	isbn = {978-952-12-1866-8},
	number = {5/2007},
	pages = {166--173},
	publisher = {Department of Swedish, Åbo Academy},
	series = {Skrifter från {Svenska} institutionen vid Åbo {Akademi}},
	sortname = {Malmgren, Sven-Goran},
	title = {Modernt språkligt genombrott, modern nysvenska och nusvenska [{Modern} linguistic breakthrough, {Modern} {New} {{{Swedish}}} and present-day {{{Swedish}}}]},
	year = {2007}}

@incollection{Thelander2007,
	address = {Åbo},
	author = {Thelander, Mats},
	booktitle = {Studier i svensk språkhistoria: {{F}}öredrag vid nionde sammankomsten för svenska språkets historia, i {Åbo} 19-20 maj 2006. 9: {Det} moderna genombrottet: {Också} en språkfråga?},
	editor = {Wollin, Lars and Saarukka, Anna and Stroh-Wollin, Ulla},
	isbn = {978-952-12-1866-8},
	number = {5/2007},
	pages = {35--63},
	publisher = {Department of Swedish, Åbo Academy},
	series = {Skrifter från {Svenska} institutionen vid Åbo {Akademi}},
	title = {``{De} där befängda modärna idéerna ...": {Svenskt} dramaspråk och det moderna genombrottet [``{Those} absurd modern ideas{\ldots}'' {{Swedish}} drama language and the modern breakthrough]},
	year = {2007}}

@incollection{Widmark2000,
	address = {Uppsala},
	author = {Widmark, Gun},
	booktitle = {Boksvenska och talsvenska: {{{E}}}tt urval uppsatser samlade till författarens 80-årsdag 31 juli 2000},
	isbn = {978-91-506-1415-2},
	number = {50},
	pages = {19--56},
	publisher = {Department of Scandinavian Languages, Uppsala University},
	series = {Skrifter utgivna av {Institutionen} för {Nordiska} {Språk} vid {Uppsala} {Universitet}},
	title = {Boksvenska och talsvenska. {Om} språkarter i nysvenskt talspråk [{{Book}} {{{{Swedish}}}} and colloquial {{{{Swedish}}}}. {On} language kinds in {Modern} spoken {{{{Swedish}}}}]},
	year = {2000}}

@incollection{Vikner1997,
	address = {London, New York},
	author = {Vikner, Sten},
	booktitle = {The new comparative syntax},
	editor = {Haegeman, Liliane M. V.},
	isbn = {978-0-582-27943-8 978-0-582-27942-1},
	pages = {189--213},
	publisher = {Longman},
	series = {Longman linguistics library},
	title = {V to {I} movement and inflection for person in all tenses},
	year = {1997}}

@incollection{Delsing2003,
	address = {Oslo},
	author = {Delsing, Lars-Olof},
	booktitle = {Dialektsyntaktiska studier av den nordiska nominalfrasen},
	editor = {Vangsnes, Øystein Alexander and Holmberg, Anders and Delsing, Lars-Olof},
	isbn = {82-7099-373-5},
	pages = {11--64},
	publisher = {Novus},
	title = {Syntaktisk variation i nordiska nominalfraser [{Syntactic} variation in {{Nordic}} noun phrases]},
	year = {2003}}

@incollection{Geeraerts1998,
	address = {Amsterdam},
	author = {Geeraerts, Dirk},
	booktitle = {The {{Dative}}},
	doi = {10.1075/cagral.3.08gee},
	editor = {Van Langendonck, Willy and Van Belle, William},
	pages = {185},
	publisher = {John Benjamins},
	title = {The semantic structure of the indirect object in {{Dutch}}},
	year = {1998}}

@incollection{Hengenveld1998,
	address = {Berlin; New York},
	author = {Hengenveld, Kees},
	booktitle = {Adverbial constructions in the languages of {{Europe}}},
	date-modified = {2021-08-27 17:12:19 +0200},
	editor = {van der Auwera, Johan and Ó Baoill, Dónall},
	isbn = {978-3-11-015746-8},
	number = {20-3},
	pages = {335--419},
	publisher = {De Gruyter},
	series = {Empirical approaches to language typology},
	title = {Adverbial clauses in the languages of {{Europe}}},
	year = {1998}}

@incollection{Van_der_auwera1998,
	address = {Berlin, New York},
	annote = {One of a series of 9 volumes in which the results of the European research project "Typology of Languages in Europe" (EUROTYP) are published Seal of the European Science Foundation (ESF) and "EUROTYP" appear on ser. t.p},
	author = {van der Auwera, Johan},
	booktitle = {Adverbial constructions in the languages of {{Europe}}},
	editor = {van der Auwera, Johan and Ó Baoill, Dónall},
	isbn = {978-3-11-015746-8},
	number = {20-3},
	pages = {1--23},
	publisher = {De Gruyter},
	series = {Empirical approaches to language typology},
	title = {Introduction},
	year = {1998}}

@incollection{ValdesonSubmitted,
	address = {Amsterdam},
	author = {Valdeson, Fredrik},
	booktitle = {Ditransitive Constructions in {{Germanic}} Languages: {Diachronic} and Synchronic Aspects},
	editor = {Colleman, Timothy and Röthlisberger, Melanie and Zehentner, Eva},
	pubstate = {submitted},
	publisher = {John Benjamins},
	title = {The double object construction in nineteenth- and twentieth-century {{Swedish}}},
}

@incollection{Trosterud1989,
	address = {Joensuu},
	annote = {Held in Joensuu, August 1988},
	author = {Trosterud, Trond},
	booktitle = {Papers from the {Eleventh} {{Scandinavian}} {Conference} of {Linguistics}},
	editor = {Niemi, Jussi},
	number = {14--15},
	pages = {87--100},
	publisher = {University of Joensuu, Faculty of Arts},
	series = {Kielitieteellisiä tutkimuksia [Studies in languages]},
	title = {The null subject parameter and the new {Mainland} {{Scandinavian}} word order: {A} possible counterexample from a {{Norwegian}} dialect},
	year = {1989}}

@incollection{Traugott2010,
	address = {Berlin, New York},
	author = {Traugott, Elizabeth Closs},
	booktitle = {Subjectification, Intersubjectification and Grammaticalization},
	doi = {10.1515/9783110226102.1.29},
	editor = {Traugott, Elizabeth Closs and Kortmann, Bernd and Davidse, Kristin and Vandelanotte, Lieven and Cuyckens, Hubert},
	isbn = {978-3-11-020588-6 978-3-11-022610-2},
	pages = {29--74},
	publisher = {De Gruyter},
	shorttitle = {({Inter})subjectivity and (inter)subjectification},
	title = {({Inter})subjectivity and (inter)subjectification: {A} reassessment},
	volume = {66},
	year = {2010}}

@incollection{BrandtlerDelsing2010,
	address = {Lund},
	author = {Brandtler, Johan and Delsing, Lars-Olof},
	booktitle = {Svensson och svenskan: {{M}}ed sinnen känsliga för språk: [{Festskrift} till {{Jan}} {Svensson} den 24 januari 2010]},
	collaborator = {Svensson, Jan},
	editor = {Byrman, Gunilla and Gustafsson, Anna W. and Rahm, Henrik},
	isbn = {978-91-633-5684-1},
	pages = {24--36},
	publisher = {Henrik Rahm},
	title = {Framväxten av obestämd artikel i svenska [{The} emergence of the indefinite article in {{Swedish}}]},
	year = {2010}}

@incollection{Wollin1988,
	address = {Lund},
	author = {Wollin, Lars},
	booktitle = {Nordistiken som vetenskap: {{A}}rtiklar om ämnets historia, teorier och metoder},
	editor = {Svensson, Jan},
	isbn = {978-91-44-27871-1},
	pages = {31--46},
	publisher = {Studentlitteratur},
	title = {Nordiska språk: {Ett} modernt 1800-talsämne? {Några} glimtar ur en disciplins historia [{{Scandinavian}} studies: {A} modern subject of the 19th century? {Some} glimpses from the history of a discipline]},
	year = {1988}}

@incollection{Svenonius2002,
	address = {Oxford, New York},
	author = {Svenonius, Peter},
	booktitle = {Subjects, expletives, and the {{EPP}}},
	editor = {Svenonius, Peter},
	isbn = {978-0-19-514224-2 978-0-19-514225-9},
	pages = {199--240},
	publisher = {Oxford University Press},
	series = {Oxford studies in comparative syntax},
	title = {Subject positions and the placement of adverbials},
	year = {2002}}

@incollection{Holmberg2000,
	address = {Amsterdam},
	author = {Holmberg, Anders},
	booktitle = {The Derivation of {VO and OV}},
	series = {Linguistik Aktuell/Linguistics Today},
	doi = {10.1075/la.31.06hol},
	editor = {Svenonius, Peter},
	pages = {123--152},
	publisher = {John Benjamins},
	title = {Deriving {{OV}} order in {{Finnish}}},
	number = {31},
	year = {2000}}

@incollection{Valdeson2017,
	address = {Gothenburg},
	author = {Valdeson, Fredrik},
	booktitle = {Svenskans beskrivning 35: {{F}}örhandlingar vid trettiofemte sammankomsten {Göteborg} 11--13 maj 2016},
	editor = {Sköldberg, Emma and Andréasson, Maia and Adamsson Eryd, Henrietta},
	isbn = {978-91-87850-64-6},

	number = {29},
	pages = {335--367},
	publisher = {Department of Swedish, University of Gothenburg},
	series = {Göteborgsstudier i nordisk språkvetenskap},
	title = {Dativalternering i modern svenska [{{Dative}} alternation in present-day {{Swedish}}]},
	year = {2017}}

@incollection{Svenonius2016,
	address = {Amsterdam},
	author = {Svenonius, Peter},
	series = {{Linguistik} {Aktuell}/{Linguistics} {Today}},
	doi = {10.1075/la.229.07sve},
	editor = {Siddiqi, Daniel and Harley, Heidi},
	pages = {201--222},
	publisher = {John Benjamins},
	title = {Spans and words},
	booktitle = {Morphological Metatheory},
	number = {229},
	year = {2016}}

@incollection{Sheehan2017Final,
	address = {Cambridge, MA.},
	author = {Sheehan, Michelle},
	booktitle = {The Final-Over-Final Condition: {A} syntactic universal},
	doi = {10.7551/mitpress/8687.003.0007},
	editor = {Sheehan, Michelle and Biberauer, Theresa and Roberts, Ian and Holmberg, Anders},
	isbn = {978-0-262-34201-8},
	pages = {97--120},
	publisher = {The MIT Press},
	title = {The {Final}-over-{Final} {Condition} and adverbs},
	year = {2017}}

@incollection{Holmberg2017,
	address = {Cambridge, MA.},
	author = {Holmberg, Anders},
	booktitle = {The Final-Over-Final Condition: {A} syntactic universal},
	doi = {10.7551/mitpress/8687.003.0007},
	editor = {Sheehan, Michelle and Biberauer, Theresa and Roberts, Ian and Holmberg, Anders},
	isbn = {978-0-262-34201-8},
	pages = {43--78},
	publisher = {The MIT Press},
	title = {The {Final}-over-{Final} {Condition} and linearization in generative grammar},
	year = {2017}}

@incollection{Haider2003,
	address = {Amsterdam},
	author = {Haider, Hubert},
	booktitle = {Verb Constructions in {{German}} and {{Dutch}}},
	doi = {10.1075/cilt.242.04hai},
	editor = {Seuren, Pieter A. M. and Kempen, Gerard},
	isbn = {978-90-272-4754-4 978-1-58811-401-3 978-90-272-9649-8},
	pages = {91--126},
	publisher = {John Benjamins},
	series = {Current {Issues} in {Linguistic} {Theory}},
	shorttitle = {3. {V}-clustering and clause union},
	title = {V-clustering and clause union: {Causes} and effects},
	volume = {242},
	year = {2003}}

@incollection{LarssonRoxendal2020,
	address = {Tartu},
	author = {Larsson, Ida and Roxendal, Johan},
	booktitle = {Studier i svensk språkhistoria 15: {Språkmöte} och språkhistoria},
	editor = {Sävborg, Daniel and Asu-Garcia, Eva Liina and Laanemets, Anu},
	isbn = {978-9949-0-3264-8},
	pages = {161--173},
	publisher = {University of Tartu Press},
	title = {Till den historiska korpuslingvistiken: {Stavningsnormalisering} och automatisk annotering av verbpartiklar i en historisk text. [{{To}} the historical corpus linguistics: {Spelling} normalisation and automatic annotation of verbal particles in a historical text.]},
	year = {2020}}

@incollection{NilssonPetzell2015,
	address = {Oslo},
	author = {Nilsson, Jenny and Petzell, Erik M.},
	booktitle = {Talemål etter 1800: {{N}}orsk i jamføring med andre nordiske språk},
	editor = {Sandøy, Helge},
	isbn = {978-82-7099-843-2},
	pages = {355--379},
	publisher = {Novus},
	title = {Svenskt talspråk efter 1800: {Huvudlinjer} i utvecklingen [{Spoken} {{Swedish}} after 1800: {Main} developments]},
	year = {2015}}

@incollection{Silen2005,
	address = {Oulu},
	author = {Silén, Beatrice},
	booktitle = {Från översättning till etik: {{{E}}}n festskrift till {Irma} {Sorvali} på hennes 60-årsdag den 15 oktober 2005},
	editor = {Rossi, Paula and Sorvali, Irma},
	isbn = {978-951-42-7799-3 978-951-42-7800-6},
	number = {64},
	pages = {303--313},
	publisher = {Oulun yliopisto},
	series = {Acta {Universitatis} {Ouluensis}},
	sortname = {Silen, Beatrice},
	title = {Från \emph{jag wil idher ber{\ae}tta} till \emph{här måste jag berätta för er}: {Strukturförändringar} vid verbet \emph{berätta} [{From} \emph{jag wil idher ber{\ae}tta} to \emph{här måste jag berätta för er}: {Structural} changes in the verb \emph{berätta}]},
	year = {2005}}

@incollection{Vesterdahl2018,
	address = {Gothenburg},
	author = {Vesterdahl, Ida},
	booktitle = {Estlandssvenskans språkstruktur},
	date-modified = {2021-08-27 17:10:23 +0200},
	editor = {Rosenkvist, Henrik},
	pages = {97--115},
	publisher = {University of Gothenburg},
	title = {\emph{{Ingan} kast sto tomor}. {Attributiv} och predikativ kongruens i nuckömålet [\emph{{Ingan} kast sto tomor}. {Attributive} and predicative agreement in the dialect of {Nuckö}]},
	year = {2018}}

@incollection{Rosenkvist2018,
	address = {Gothenburg},
	author = {Rosenkvist, Henrik},
	booktitle = {Estlandssvenskans språkstruktur},
	date-modified = {2021-08-27 17:08:14 +0200},
	editor = {Rosenkvist, Henrik},
	pages = {7--31},
	publisher = {University of Gothenburg},
	title = {Estlandssvenskarna: {En} historisk och språklig bakgrund [{The} {{Estonian}} {Swedes}: {A} historic and linguistic background]},
	year = {2018}}

@incollection{Riemsdijk1999,
	address = {Berlin, New York},
	author = {Cardinaletti, Anna and Starke, Michal},
	booktitle = {Eurotyp},
	doi = {10.1515/9783110804010.145},
	editor = {Riemsdijk, Henk van},
	month = {1},
	pages = {145--234},
	publisher = {De Gruyter},
	shorttitle = {The typology of structural deficiency},
	title = {The typology of structural deficiency: {A} case study of the three classes of pronouns},
	year = {1999}}

@incollection{Falk2010Studier,
	address = {Uppsala},
	author = {Falk, Cecilia},
	booktitle = {Studier i svenska språkets historia 11: {{F}}örhandlingar vid {Elfte} {Sammankomsten} för {Svenska} {Språkets} {Historia} i {Uppsala} 23--24 april 2010},
	editor = {Reinhammar, Maj and Elmevik, Lennart},
	isbn = {978-91-85352-87-6},
	number = {113},
	pages = {31--48},
	publisher = {Kungl. Gustav Adolfs Akademien för Svensk Folkkultur},
	series = {Acta {Academiae} {Regiae} {Gustavi} {Adolphi}},
	title = {Att analysera fornsvenska infinitivfraser: {Vad} är grammatiskt, vad är ogrammatiskt? [{Analyzing} {Old} {{Swedish}} infinitival phrases: {What} is grammatical, what is ungrammatical?]},
	year = {2010}}

@incollection{Platzack2006,
	address = {Växjö},
	author = {Platzack, Christer},
	booktitle = {Lekt och lärt. {Vänskrift} till {{Jan}} {Einarsson} 2006},
	editor = {Ask, Sofia and Byrman, Gunilla and Hammarbäck, Solveig and Lindgren, Maria},
	pages = {215--230},
	publisher = {Institutionen för humaniora},
	title = {Ett fall där objektet inte kan stå i fundamentet [{A} construction where the object cannot occupy the first position]},
	url = {http://urn.kb.se/resolve?urn=urn:nbn:se:vxu:diva-993},
	year = {2006}}

@incollection{Platzack2005,
	address = {Oslo},
	annote = {The information about affiliations in this record was updated in December 2015. The record was previously connected to the following departments: Swedish (015011001)},
	author = {Platzack, Christer},
	booktitle = {Grammar and {Beyond}. {Essays} in honour of {Lars} {Hellan}},
	editor = {Vulchanova, Mila and Åfarli, Tor A.},
	pages = {135--161},
	publisher = {Novus Forlag},
	title = {Cross-{{Germanic}} {Promotion} to {Subject} in {Ditransitive} {Passives}: {A} {Feature}-{Driven} {Account}},
	year = {2005}}

@incollection{Platzack1983,
	address = {Åbo},
	author = {Platzack, Christer},
	booktitle = {{Struktur} och variation: {{F}}estskrift till {Bengt} {Loman} 7.8.1983},
	editor = {Andersson, Erik and Saari, Mirja and Slotte, Peter},
	number = {85},
	pages = {43--63},
	publisher = {Åbo Academy},
	series = {Meddelanden från {Stiftelsens} för {Åbo} akademi forskningsinstitut},
	title = {Three syntactic changes in the grammar of written {{Swedish}} around 1700},
	year = {1983}}

@incollection{Petzell2012,
	address = {Amsterdam},
	author = {Petzell, Erik M.},
	booktitle = {Historical {Linguistics} 2009: {Selected} papers from the 19th {International} {Conference} on {Historical} {Linguistics}, {Nijmegen}, 10-15 {{August}} 2009},
	editor = {van Kemenade, Ans M.C. and de Haas, Nynke},
	pages = {211--230},
	publisher = {John Benjamins},
	series = {Current {Issues} in {Linguistic} {Theory}},
	title = {{{OV}} and {V}-to-{I} in the history of {{Swedish}}},
	year = {2012}}

@incollection{Tingsell2010,
	address = {Gothenburg},
	author = {Tingsell, Sofia},
	booktitle = {Språkhistoria: {Hur} och för vem?},
	editor = {Petzell, Erik M. and Rogström, Lena},
	isbn = {978-91-974747-5-7},
	number = {36},
	pages = {261--271},
	publisher = {Meijerbergs Inst. för Svensk Etymologisk Forskning},
	series = {Studier i svensk språkhistoria},
	number = {10},
	title = {\emph{{Sin}} och \emph{hans}: {I} förändring? [\emph{{Sin}} and \emph{hans}: {Changing}?]},
	year = {2010}}

@incollection{Haapamaki2010,
	address = {Gothenburg},
	author = {Haapamäki, Saara},
	booktitle = {Språkhistoria: {Hur} och för vem?},
	date-modified = {2021-08-27 17:04:36 +0200},
	editor = {Petzell, Erik M. and Rogström, Lena},
	isbn = {978-91-974747-5-7},
	number = {36},
	pages = {1--19},
	publisher = {Meijerbergs Inst. för Svensk Etymologisk Forskning},
	series = {Studier i svensk språkhistoria},
	number = {10},
	sortname = {Haapamaki, Saara},
	title = {Språkhistoria och nordistikens historia: {Nordistiska} doktorsavhandlingar på 1900-talet [{Language} history and the history of {{{Scandinavian}}} studies: {Doctoral} theses in {{{Scandinavian}}} studies in the 18th century]},
	year = {2010}}

@incollection{Falk2010Språkhistoria,
	address = {Gothenburg},
	author = {Falk, Cecilia},
	booktitle = {Språkhistoria: {Hur} och för vem?},
	date-modified = {2021-08-27 17:04:13 +0200},
	editor = {Petzell, Erik M. and Rogström, Lena},
	isbn = {978-91-974747-5-7},
	number = {36},
	pages = {99--107},
	publisher = {Meijerbergs Inst. för Svensk Etymologisk Forskning},
	series = {Studier i svensk språkhistoria},
	number = {10},
	title = {Ledföljden i fornsvenska infinitivfraser [{Word} order in {Old} {{Swedish}} infinitival phrases]},
	year = {2010}}

@incollection{Johansson2010,
	address = {Gothenburg},
	author = {Johansson, Lars-Erik},
	booktitle = {Språkhistoria: {Hur} och för vem?},
	date-modified = {2021-08-27 17:03:49 +0200},
	editor = {Petzell, Erik M. and Rogström, Lena},
	isbn = {978-91-974747-5-7},
	number = {36},
	pages = {152--161},
	publisher = {Meijerbergs Inst. för Svensk Etymologisk Forskning},
	series = {Studier i svensk språkhistoria},
	number = {10},
	title = {Den första nordiska språkhistorien. {{En}} studie i en genres uppkomst och prototypiska textutformning [{The} first {{Nordic}} language history. {A} study of the rise of a genre and its prototypical textual disposition]},
	year = {2010}}

@incollection{Platzack1988centralskandinaviska,
	address = {Lund},
	author = {Platzack, Christer},
	booktitle = {Studier i svensk språkhistoria},
	date-modified = {2021-08-27 17:06:15 +0200},
	editor = {Pettersson, Gertrud},
	isbn = {978-91-7966-047-5},
	number = {41},
	pages = {241--255},
	publisher = {Lund University Press},
	series = {Lundastudier i nordisk språkvetenskap},
	title = {Den centralskandinaviska bisatsordföljdens framväxt [{The} emergence of the {{Central}} {{Scandinavian}} subordinate clause word order]},
	year = {1988}}

@incollection{Culicover2014,
	address = {Oxford; New York},
	author = {Culicover, Peter W.},
	booktitle = {Measuring Grammatical Complexity},
	doi = {10.1093/acprof:oso/9780199685301.003.0008},
	editor = {Newmeyer, Frederick J. and Preston, Laurel B.},
	isbn = {978-0-19-968530-1},
	month = {10},
	pages = {148--178},
	publisher = {Oxford University Press},
	title = {Constructions, complexity, and word order variation},
	year = {2014}}

@incollection{RamchandSvenonius2002,
	address = {Somerville, MA},
	author = {Ramchand, Gillian and Svenonius, Peter},
	booktitle = {Proceedings of the twenty-first {West} {Coast} {Conference} on Formal Linguistics},
	editor = {Mikkelsen, Line and Potts, Christopher},
	isbn = {978-1-57473-053-1 978-1-57473-153-8},
	pages = {101--114},
	publisher = {Cascadilla Press},
	title = {The lexical syntax and lexical semantics of the verb-particle construction},
	year = {2002}}

@incollection{AndreassonEtAl2004,
	address = {Uppsala},
	author = {Andréasson, Maia and Karlsson, Susanna and Magnusson, Erik and Tingsell, Sofia},
	booktitle = {Svenskans beskrivning : [{{SvB}}.] 26 {Förhandlingar} vid {Tjugosjätte} sammankomsten för svenskans beskrivning, {Uppsala} den 25–26 oktober 2002},
	editor = {Melander, Björn and Melander Marttala, Ulla and Nyström, Catharina and Thelander, Mats and Östman, Carin},
	isbn = {91-7382-782-7},
	pages = {67--74},
	publisher = {Hallgren \& Fallgren},
	sortname = {Andreasson, Maia and Karlsson, Susanna and Magnusson, Erik and Tingsell, Sofia},
	title = {\emph{{Har}}/\emph{hade}-bortfall i svenskan [{Omission} of \emph{har}/\emph{hade} in {{Swedish}}]},
	year = {2004}}

@incollection{Delsing1991,
	address = {Gothenburg},
	author = {Delsing, Lars-Olof},
	booktitle = {Studier i svensk språkhistoria [{Studies} in the history of {{Swedish}}]},
	editor = {Malmgren, Sven-Göran and Ralph, Bo},
	isbn = {91-7346-242-X},
	pages = {12--30},
	publisher = {Acta Universitatis Gothoburgensis},
	title = {Om genitivens utveckling i fornsvenskan [{On} the development of the genitive in {Old} {{Swedish}}]},
	year = {1991}}

@incollection{Engdahl2006,
	address = {Amsterdam},
	author = {Engdahl, Elisabet},
	booktitle = {Demoting the {Agent}},
	doi = {10.1075/la.96.04eng},
	editor = {Lyngfelt, Benjamin and Solstad, Torgrim},
	isbn = {978-90-272-3360-8 978-90-272-9307-7},
	pages = {21--45},
	publisher = {John Benjamins},
	series = {Linguistik {Aktuell}/{Linguistics} {Today}},
	title = {Semantic and syntactic patterns in {{Swedish}} passives},
	number = {96},
	year = {2006}}

@incollection{Lyngfelt2003,
	address = {Gothenburg},
	author = {Lyngfelt, Benjamin},
	booktitle = {Texten framför allt: {{F}}estskrift till {Aina} {Lundquist} på 65-årsdagen den 11 september 2003},
	editor = {Landqvist, Hans and Malmgren, Sven-Göran and Norén, Kerstin and Rogström, Lena and Wallgren Hemlin, Barbro},
	pages = {139--149},
	publisher = {Department of Swedish, University of Gothenburg},
	title = {Samordnande \emph{att}: {En} talspråklig sambandsmarkör sedd från ett syntaktiskt perspektiv [{Coordinating} \emph{att}: {A} colloquial coherence marker seen from a syntactic perspective]},
	year = {2003}}

@incollection{Kalm2014,
	address = {Helsinki},
	annote = {Vorlageform der Veröffentlichungsangabe: Helsingfors : Unigrafia},
	author = {Kalm, Mikael},
	booktitle = {Svenskans beskrivning 33: {{F}}örhandlingar vid trettiotredje sammankomsten för svenskans beskrivning: {Helsingfors} den 15-17 maj 2013},
	editor = {Lindström, Jan and Henricson, Sofie and Huhtala, Anne and Kukkonen, Pirjo and Lehti-Eklund, Hanna and Lindholm, Camilla},
	number = {37},
	pages = {182--192},
	publisher = {University of Helsinki},
	series = {Nordica {Helsingiensia}},
	shorttitle = {Svenskans beskrivning 33},
	title = {\emph{{Till} att}: {Ett} sammansatt infinitivmärke? {Om} bruket av \emph{till att} i förbindelse med infinitiv i äldre svenska [\emph{{Till} att}: {A} composite infinitival marker? {On} the use of \emph{till att} in connection with the infinitive in older {{Swedish}}]},
	year = {2014}}

@incollection{LarssonLundquist2014,
	address = {Oslo},
	author = {Larsson, Ida and Lundquist, Björn},
	booktitle = {Språk i {Norge} og nabolanda},
	date-modified = {2021-08-27 17:01:55 +0200},
	editor = {Bondi Johannesen, Janne and Hagen, Kristin},
	pages = {99--131},
	publisher = {Novus},
	sortname = {Larsson, Ida and Lundquist, Bjorn},
	title = {Objektsplacering vid partikelverb i norska dialekter och äldre svenska. [{Object} placement with particle verbs in {{Norwegian}} dialects and older {{Swedish}}.]},
	year = {2014}}

@incollection{Platzack2005gamla,
	address = {Stockholm},
	author = {Platzack, Christer},
	booktitle = {Den gamla översättningen: {Karl} {{XII}}: {{S}} bibel och dess receptionshistoria: {{F}}öredrag vid en konferens i {{{Lund}}} den 21-25 februari 2003 anordnad av {Kungl}. {Humanistiska} {Vetenskapssamfundet} i {{{Lund}}}},
	editor = {Larsson, Tord and Olsson, Birger and Kungl. Humanistiska vetenskapssamfundet i Lund},
	number = {84},
	pages = {285--307},
	publisher = {Almqvist \& Wiksell Intl},
	series = {Acta {Regiae} {Societatis} {Humaniorum} {Litterarum} {Lundensis}; {Skrifter} utgivna av {Kungl}. {Humanistiska} {Vetenskapssamfundet} i {Lund}},
	title = {Karl {{XII}}: {{S}} bibel 1703 och svenska språket [{Karl} the {{XII}}'s {Bible} of 1703 and the {{Swedish}} language]},
	year = {2005}}

@incollection{Thelander2011,
	address = {Oslo},
	author = {Thelander, Mats},
	booktitle = {{Standard} languages and language standards in a changing {{Europe}}},
	editor = {Kristiansen, Tore and Coupland, Nikolas},
	isbn = {978-82-7099-659-9},
	number = {1},
	pages = {127--133},
	publisher = {Novus Press},
	series = {Standard language ideology in contemporary {Europe}},
	title = {Standardisation and standard language in {{Sweden}}},
	year = {2011}}

@incollection{Kouri1994,
	address = {Cambridge},
	author = {Kouri, E. I.},
	booktitle = {The {{Cambridge}} {History} of {{Scandinavia}}},
	doi = {10.1017/CHO9781139031639.008},
	edition = {1},
	editor = {Kouri, E. I. and Olesen, Jens E.},
	isbn = {978-1-139-03163-9 978-0-521-47300-2},
	pages = {60--88},
	publisher = {Cambridge University Press},
	title = {The reformation in {{Sweden}} and {{Finland}}},
	year = {1994}}

@incollection{Wurmbrand2004,
	address = {Amsterdam},
	author = {Wurmbrand, Susi},
	series = {{Linguistik} {Aktuell}/{Linguistics} {Today}},
	doi = {10.1075/la.69.05wur},
	editor = {Kiss, Katalin É. and van Riemsdijk, Henk},
	pages = {43--85},
	publisher = {John Benjamins},
	title = {{West} {{Germanic}} verb clusters: {The} empirical domain},
	booktitle = {Verb Clusters: {A} study of {Hungarian}, {German} and {Dutch}},
	number = {69},
	year = {2004}}

@incollection{Kalm2019,
	address = {Copenhagen},
	author = {Kalm, Mikael},
	booktitle = {A {Copenhagen} Miscellany: {Studies} in {{East}} {Norse} {Philology}},
	editor = {Skovgaard Boeck, Simon and Vrieland, Seán D.},
	isbn = {978-87-408-3246-4},
	number = {3},
	pages = {127--143},
	publisher = {Syddansk Universitetsforlag},
	series = {Selskab for østnordisk filologi},
	title = {Infinitivmärket i östnordiska fornspråk [{The} infinitival marker in {{East}} {Norse} languages]},
	year = {2019}}

@incollection{Larsson2015,
	address = {Berlin, Boston},
	author = {Larsson, Ida},
	booktitle = {Auxiliary Selection Revisited},
	doi = {10.1515/9783110348866-006},
	editor = {Kailuweit, Rolf and Rosemeyer, Malte},
	isbn = {978-3-11-034886-6},
	month = {1},
	publisher = {De Gruyter},
	title = {The \textsc{have}/\textsc{be} alternation in {{Scandinavian}}: {Perfects}, resultatives and unaccusative structure},
	year = {2015}}

@incollection{Johansson1981,
	address = {Jyväskylä},
	author = {Johansson, Egil},
	booktitle = {Ur nordisk kulturhistoria: {{M}}ötesrapport. 3: {Läskunnighet} och folkbildning före folkskoleväsendet},
	editor = {Jokipii, Mauno and Nummela, Ilkka},
	isbn = {978-951-678-513-7},
	number = {18.3},
	pages = {193--224},
	publisher = {Jyväskylän yliopisto},
	series = {Nordiska historikermötet},
	title = {Den kyrkliga lästraditionen i {Sverige}: {En} konturteckning [{The} ecclesiastical reading tradition in {{Sweden}}: {A} sketch]},
	year = {1981}}

@incollection{Johannessen2015,
	address = {Amsterdam},
	author = {Larsson, Ida and Tingsell, Sofia and Andréasson, Maia},
	booktitle = {Studies in Language Variation},
	doi = {10.1075/silv.18.16lar},
	editor = {Johannessen, Janne Bondi and Salmons, Joseph C.},
	isbn = {978-90-272-3498-8 978-90-272-6819-8},
	pages = {359--388},
	publisher = {John Benjamins},
	sortname = {Larsson, Ida and Tingsell, Sofia and Andreasson, Maia},
	title = {Variation and change in {{American}} {{Swedish}}},
	volume = {18},
	year = {2015}}

@incollection{Platzack1989,
	address = {Berlin, Boston},
	author = {Platzack, Christer},
	booktitle = {Sentential Complementation and the Lexicon},
	doi = {10.1515/9783110878479-021},
	editor = {Jaspers, Dany and Putseys, Yvan and Klooster, Wim and Seuren, Pieter},
	isbn = {978-3-11-087847-9},
	month = {12},
	pages = {305--320},
	publisher = {De Gruyter},
	shorttitle = {The {Swedish} {Supine}},
	title = {The {{Swedish}} supine: {An} active verb form or the non-agreeing form of the past participle?},
	year = {1989}}

@incollection{Haider_left-left_nodate,
	address = {Berlin},
	author = {Haider, Hubert},
	booktitle = {Headedness and/or Grammatical Anarchy},
	editor = {Freywald, Ulrike and Simon, Horst},
	publisher = {Language Science Press},
	title = {The left-left constraint: {A} structural constraint on adjuncts},
	pubstate = {forthcoming}
}

@incollection{Grill1954,
	address = {Halmstad},
	author = {Grill, Erik},
	booktitle = {Hallands historia 1, {Från} äldsta tid till freden i {Brömsebro} 1645},
	editor = {Weibull, Curt and Arbman, Holger and Sandklef, Albert and Restad, Einar},
	pages = {643--767},
	publisher = {Hallands läns landsting},
	title = {Hallands städer [{The} towns of {Halland}]},
	year = {1954}}

@incollection{Erteschik-ShirJosefsson2017,
	address = {Berlin},
	author = {Erteschik-Shir, Nomi and Josefsson, Gunlög},
	booktitle = {Order and structure in syntax {I}: {Word} order and syntacticstructure},
	doi = {10.5281/zenodo.1117700},
	editor = {Bailey, Laura R. and Sheehan, Michelle},
	pages = {99--115},
	publisher = {Language Science Press},
	sortname = {Erteschik-Shir, Nomi and Josefsson, Gunlog},
	title = {{Scandinavian} object shift is phonology},
	year = {2017}}

@incollection{Berg1994,
	address = {Gothenburg},
	author = {Berg, L.-O.},
	booktitle = {Spår av odling : {{F}}estskrift till {Hugo} {Karlsson}.},
	collaborator = {Karlsson, Hugo},
	editor = {Ernby, Birgitta},
	isbn = {91-630-2868-9},
	pages = {35--43},
	publisher = {Meijerbergs Inst. för Svensk Etymologisk Forskning},
	title = {När vi läsa i vår bok. {Något} om läskunnigheten vid början av 1700-talet [{When} we read in our book. {On} literacy in the beginning of the 18th century]},
	year = {1994}}

@incollection{Johannisson1971,
	address = {Stockholm},
	author = {Johannisson, Ture},
	booktitle = {Svensk språk- och stilutveckling: {{{E}}}lementära översikter},
	editor = {Ekenvall, Verner and Holmberg, Bengt and Johannisson, Ture},
	pages = {41--57},
	publisher = {Läromedelsförl.},
	title = {Tendenser i nusvensk språkutveckling [{Tendencies} in present-day {{Swedish}} language development]},
	year = {1971}}

@incollection{Eide2021,
	address = {Amsterdam},
	author = {Larsson, Ida},
	booktitle = {The Perfect Volume: {Papers} on the perfect},
	editor = {Eide, Kristine Melum and Fryd, Marc},
	pages = {292-318},
	publisher = {John Benjamins},
	series = {Studies in {Language} {Companion} {Series}},
	title = {On the emergence of auxiliary selection in {{Germanic}}},
	volume = {217},
	year = {2021}}

@incollection{Ralph2000,
	address = {Umeå},
	author = {Ralph, Bo},
	booktitle = {Studier i svensk språkhistoria 5: {{F}}örhandlingar vid {Femte} {Sammankomsten} för {Svenska} {Språkets} {Historia}; {Umeå} 20-22 november 1997},
	editor = {Edlund, Lars-Erik},
	isbn = {978-91-88466-24-2},
	number = {11},
	pages = {360--379},
	publisher = {Department of Language Studies, Umeå University},
	series = {Nordsvenska},
	title = {Vanans makt i svensk språkhistoriebeskrivning [{The} power of habit in descriptions of {{Swedish}} language history]},
	year = {2000}}

@incollection{Teleman2003Swedish,
	address = {Amsterdam},
	author = {Teleman, Ulf},
	booktitle = {{{IMPACT}}: {Studies} in {Language} and {Society}},
	doi = {10.1075/impact.18.16tel},
	editor = {Deumert, Ana and Vandenbussche, Wim},
	isbn = {978-90-272-1856-8 978-1-58811-437-2 978-90-272-9630-6},
	pages = {405--429},
	publisher = {John Benjamins},
	title = {{Swedish}},
	volume = {18},
	year = {2003}}

@incollection{Zeijlstra2013,
	address = {Cambridge},
	author = {Zeijlstra, Hedde},
	booktitle = {The {Cambridge} Handbook of Generative Syntax},
	doi = {10.1017/CBO9780511804571.027},
	editor = {den Dikken, Marcel},
	pages = {793--826},
	publisher = {Cambridge University Press},
	title = {Negation and negative polarity},
	year = {2013}}

@incollection{Demske2011,
	address = {Vienna},
	author = {Demske, Ulrike},
	booktitle = {{Struktur}, {Gebrauch} und {Wahrnehmung} von {{Dialekt}}},
	editor = {Christen, H. and Patocka, F. and Ziegler, E.},
	pages = {29--46},
	publisher = {Praesens Verlag},
	title = {Finale {Marker} in {Infinitivkonstruktionen}: {{Wandel}} und {Variation} [{Purposive} markers in infinitive constructions: {Change} and variation]},
	year = {2011}}

@incollection{Delsing2014Verbsystemet,
	address = {Oslo},
	author = {Delsing, Lars-Olof},
	booktitle = {Språk i {Norge} og nabolanda},
	date-modified = {2021-08-27 17:00:08 +0200},
	editor = {Bondi Johannesen, Janne and Hagen, Kristin},
	pages = {153--175},
	publisher = {Novus Forlag},
	title = {Verbsystemet i en västerbottnisk dialekt [{The} verb system in a {Westrobothnian} dialect]},
	year = {2014}}

@incollection{Svenonius2003,
	address = {Lund},
	annote = {Literaturangaben},
	author = {Svenonius, Peter},
	booktitle = {Grammar in focus: {Festschrift} for {Christer Platzack}},
	editor = {Delsing, Lars-Olof and Josefsson, Gunlög and Sigurðsson, Halldor Armann and Falk, Cecilia},
	pages = {343--353},
	publisher = {Department of Scandinavian Languages, University of Lund},
	title = {{Swedish} particles and directional prepositions},
	year = {2003}}

@incollection{Haider2000,
	address = {Amsterdam},
	annote = {Reprint of Working Papers of the SFB 340, 23 (1992). Univ Stuttgart and Tübingen and IBM Heidelberg},
	author = {Haider, Hubert},
	booktitle = {Current {Issues} in {Linguistic} {Theory}},
	doi = {10.1075/cilt.197.08hai},
	editor = {Coopmans, Peter and Everaert, Martin B. H. and Grimshaw, Jane},
	isbn = {978-90-272-3704-0 978-1-55619-975-2 978-90-272-9958-1},
	pages = {135--164},
	publisher = {John Benjamins},
	title = {Branching and discharge},
	volume = {197},
	year = {2000}}

@incollection{Christoffersen1997,
	address = {Bergen},
	author = {Christoffersen, Marit},
	booktitle = {Språket er målet. {Festskrift} til {Egil} {Pettersen} på 75-årsdagen 4. {{M}}ars 1997},
	editor = {Bondevik, Jarle and Pettersen, Egil and Rindal, Magnus},
	isbn = {82-419-0218-2},
	pages = {44--52},
	publisher = {Alma mater},
	title = {Saken er {{BIFF}}! {Negasjonens} plass i leddsetninga i eldre og nyere norsk [{The} thing is {{BIFF}}! {The} place of negation in subordinate clauses in older and more recent {{Norwegian}}]},
	year = {1997}}

@incollection{Chomsky2001,
	address = {Cambridge, MA.},
	author = {Chomsky, Noam},
	booktitle = {Ken {Hale}: {A} Life in Language},
	doi = {10.7551/mitpress/4056.001.0001},
	editor = {Kenstowicz, Michael},
	isbn = {978-0-262-31612-5},
	pages = {1--51},
	publisher = {The MIT Press},
	title = {Derivation by phase},
	year = {2001}}

@incollection{Delsing2014Studier,
	address = {Stockholm},
	author = {Delsing, Lars-Olof},
	booktitle = {Studier i svensk språkhistoria 12: {Variation} och förändring},
	editor = {Bylin, Maria and Falk, Cecilia and Riad, Tomas},
	isbn = {978-91-87235-86-3},
	pages = {27--46},
	publisher = {Acta Universitatis Stockholmiensis},
	title = {Stora katastrofen: {Med} för- och efterskalv [{The} big disaster: {With} fore- and afterschocks]},
	year = {2014}}

@incollection{Andreasson2008,
	address = {Stanford},
	author = {Andréasson, Maia},
	booktitle = {Proceedings of the {{LFG}}08 {Conference}},
	editor = {Butt, Miriam and Holloway King, Tracy},
	pages = {26--45},
	publisher = {CSLI},
	sortname = {Andreasson, Maia},
	title = {Not all objects are born alike: {{A}}ccessibility as a key to pronominal object shift in {{Swedish}} and {{Danish}}},
	year = {2008}}

@incollection{Sells1998,
	address = {Stanford},
	author = {Sells, Peter},
	booktitle = {Proceedings of the {{LFG}}98 {Conference}. {The} {University} of {Queensland}, {Brisbane}},
	editor = {Butt, Miriam and Holloway King, Tracy},
	pages = {26--45},
	publisher = {CSLI},
	title = {{Scandinavian} clause structure and object shift},
	year = {1998}}

@incollection{Hoder2009,
	address = {Amsterdam},
	author = {Höder, Steffen},
	booktitle = {Hamburg {Studies} on Multilingualism},
	doi = {10.1075/hsm.8.04hud},
	editor = {Braunmüller, Kurt and House, Juliane},
	isbn = {978-90-272-1928-2 978-90-272-8882-0},
	pages = {73--100},
	publisher = {John Benjamins},
	shorttitle = {Converging languages, diverging varieties},
	sortname = {Hoder, Steffen},
	title = {Converging languages, diverging varieties: {Innovative} relativisation patterns in {Old} {{Swedish}}},
	number = {8},
	year = {2009}}

@incollection{BresnanEtAl2007,
	address = {Amsterdam},
	annote = {Literaturangaben},
	author = {Bresnan, Joan and Cueni, Anna and Nikitina, Tatiana and Baayen, Harald R.},
	booktitle = {Cognitive foundations of interpretation: {{P}}roceedings of the colloquium, {{Amsterdam}}, 27--28 {October} 2004},
	editor = {Bouma, Gerlof and Aloni, Maria},
	isbn = {978-90-6984-493-0},
	number = {N.R., 190},
	pages = {69--94},
	publisher = {Koninklijke Nederlandse Akad. van Wetenschappen},
	series = {Verhandelingen\slash\relax{Koninklijke} {Nederlandse} {Akademie} van {Wetenschappen}, {Afd}. {Letterkunde}},
	title = {Predicting the dative alternation},
	year = {2007}}

@incollection{KemmerBarlow2000,
	address = {Stanford},
	author = {Kemmer, Suzanne and Barlow, Michael},
	booktitle = {Usage-based models of language},
	editor = {Barlow, Michael and Kemmer, Suzanne},
	isbn = {978-1-57586-219-4 978-1-57586-220-0},
	pages = {vii--xxviii},
	publisher = {CSLI Publications, Center for the Study of Language and Information},
	title = {Introduction: {A} usage-based conception of language},
	year = {2000}}

@incollection{BardalGildea2015,
	address = {Amsterdam},
	author = {Barðdal, Jóhanna and Gildea, Spike},
	booktitle = {Constructional Approaches to Language},
	doi = {10.1075/cal.18.01bar},
	editor = {Barðdal, Jóhanna and Smirnova, Elena and Sommerer, Lotte and Gildea, Spike},
	isbn = {978-90-272-0440-0 978-90-272-6861-7},
	pages = {1--50},
	publisher = {John Benjamins},
	shorttitle = {Diachronic {Construction} {Grammar}},
	sortname = {Barddal, Johanna and Gildea, Spike},
	title = {Diachronic {Construction} {Grammar}: {Epistemological} context, basic assumptions and historical implications},
	volume = {18},
	year = {2015}}

@incollection{Colleman2015,
	address = {Amsterdam},
	author = {Colleman, Timothy},
	booktitle = {Constructional Approaches to Language},
	date-modified = {2021-08-27 16:57:12 +0200},
	doi = {10.1075/cal.18.07col},
	editor = {Barðdal, Jóhanna and Smirnova, Elena and Sommerer, Lotte and Gildea, Spike},
	isbn = {978-90-272-0440-0 978-90-272-6861-7},
	pages = {213--256},
	publisher = {John Benjamins},
	shorttitle = {Constructionalization and post-constructionalization},
	title = {Constructionalization and post-constructionalization: {The} constructional semantics of the {{Dutch}} \emph{krijgen} passive from a diachronic perspective},
	volume = {18},
	year = {2015}}

@incollection{Gellerstam2005,
	address = {Berlin, Boston},
	author = {Gellerstam, Martin},
	booktitle = {The {{Nordic}} Languages, {Part} 2},
	date-modified = {2021-08-27 16:56:09 +0200},
	doi = {10.1515/9783110197068-105},
	editor = {Bandle, Oskar and Braunmüller, Kurt and Jahr, Ernst Hakon and Karker, Allan and Naumann, Hans-Peter and Teleman, Ulf and Elmevik, Lennart and Widmark, Gun},
	isbn = {978-3-11-019706-8},
	pages = {2074--2085},
	publisher = {De Gruyter},
	shorttitle = {223. {Language} contact outside {Scandinavia} {IV}},
	title = {Language contact outside {{Scandinavia}} {{IV}}: {{W}}ith {{France}}},
	year = {2005}}

@incollection{Larsson2005,
	address = {Berlin, Boston},
	author = {Larsson, Kent},
	booktitle = {The {{Nordic}} Languages, {Part} 2},
	date-modified = {2021-08-27 16:54:58 +0200},
	doi = {10.1515/9783110197068-023},
	editor = {Bandle, Oskar and Braunmüller, Kurt and Jahr, Ernst Hakon and Karker, Allan and Naumann, Hans-Peter and Teleman, Ulf and Elmevik, Lennart and Widmark, Gun},
	isbn = {978-3-11-019706-8},
	publisher = {De Gruyter},
	title = {The development of {{Swedish}} from the {mid-16th} century to 1800},
	year = {2005}}

@incollection{Mørck2005Nordic,
	address = {Berlin, Boston},
	author = {Mørck, Endre},
	booktitle = {The {{Nordic}} Languages, {Part} 2},
	date-modified = {2021-08-27 16:50:12 +0200},
	doi = {10.1515/9783110197068-008},
	editor = {Bandle, Oskar and Braunmüller, Kurt and Jahr, Ernst Hakon and Karker, Allan and Naumann, Hans-Peter and Teleman, Ulf and Elmevik, Lennart and Widmark, Gun},
	isbn = {978-3-11-019706-8},
	pages = {1128--1148},
	publisher = {De Gruyter},
	shorttitle = {126. {Morphological} developments from {Old} {Nordic} to {Early} {Modern} {Nordic}},
	sortname = {Morck, Endre},
	title = {Morphological developments from {Old} {{{Nordic}}} to {Early} {Modern} {{{Nordic}}}: {Inflexion} and word formation},
	year = {2005}}

@incollection{Braunmuller2005,
	address = {Berlin, Boston},
	author = {Braunmüller, Kurt},
	booktitle = {The {{Nordic}} Languages, {Part} 2},
	date-modified = {2021-08-27 16:57:35 +0200},
	doi = {10.1515/9783110197068-017},
	editor = {Bandle, Oskar and Braunmüller, Kurt and Jahr, Ernst Hakon and Karker, Allan and Naumann, Hans-Peter and Teleman, Ulf and Elmevik, Lennart and Widmark, Gun},
	isbn = {978-3-11-019706-8},
	pages = {1222--1233},
	publisher = {De Gruyter},
	sortname = {Braunmuller, Kurt},
	title = {Language contacts in the {Late} {Middle} {Ages} and in {Early} {Modern} {Times}},
	year = {2005}}

@incollection{Thrainsson2001,
	address = {Malden, MA},
	author = {Thráinsson, Höskuldur},
	booktitle = {The handbook of contemporary syntactic theory},
	editor = {Baltin, Mark R. and Collins, Chris},
	isbn = {978-0-631-20507-4},
	pages = {148--202},
	publisher = {Blackwell Publishers},
	series = {Blackwell handbooks in linguistics},
	sortname = {Thrainsson, Hoskuldur},
	title = {Object shift and scrambling},
	year = {2001}}


@book{Thrainsson2007,
	address = {Cambridge},
	title = {The syntax of {Icelandic}},
	isbn = {0-521-59190-2},
	publisher = {Cambridge University Press},
	author = {Thráinsson, Höskuldur},
	year = {2007},
	keywords = {Isländska språket Syntax, Isländska språket Syntax}
}

@incollection{Hakansson2013,
	address = {Amsterdam},
	author = {Håkansson, David},
	booktitle = {Studies in Language Variation},
	doi = {10.1075/silv.14.08hak},
	editor = {Auer, Peter and Caro Reina, Javier and Kaufmann, Göz},
	isbn = {978-90-272-3494-0 978-90-272-7211-9},
	pages = {129--144},
	publisher = {John Benjamins},
	shorttitle = {A variationist approach to syntactic change},
	sortname = {Hakansson, David},
	title = {A variationist approach to syntactic change: {The} case of subordinate clause word order in the history of {{Swedish}}},
	volume = {14},
	year = {2013}}

@incollection{Valdeson2016,
	address = {Umeå},
	annote = {Based on the conference "Historia och språkhistoria" held in 2016 in Umeå, Sweden Includes 1 errata leaf},
	author = {Valdeson, Fredrik},
	booktitle = {Historia och språkhistoria},
	date-modified = {2021-08-27 16:48:43 +0200},
	editor = {Andersson, Daniel and Edlund, Lars-Erik and Haugen, Susanne and Westum, Asbjørg},
	isbn = {978-91-88466-90-7 978-91-86438-57-9},
	number = {76},
	pages = {279--292},
	publisher = {Department of Language Studies, Umeå University; Kungl. Skytteanska samfundet},
	series = {Kungl. {Skytteanska} samfundets handlingar},
	title = {Variation mellan olika konstruktionsval vid verbet \emph{ge} från fornsvenska till nusvenska [{Variation} between different choices of construction with the verb \emph{ge} from {Old} to present-day {{Swedish}}]},
	year = {2016}}

@incollection{AdesamEtAl2016,
	address = {Umeå},
	annote = {Based on the conference "Historia och språkhistoria" held in 2016 in Umeå, Sweden Includes 1 errata leaf},
	author = {Adesam, Yvonne and Ahlberg, Malin and Andersson, Peter and Borin, Lars and Bouma, Gerlof and Forsberg, Markus},
	booktitle = {Historia och språkhistoria},
	date-modified = {2021-08-27 17:14:10 +0200},
	editor = {Andersson, Daniel and Edlund, Lars-Erik and Haugen, Susanne and Westum, Asbjørg},
	isbn = {978-91-88466-90-7 978-91-86438-57-9},
	number = {76},
	pages = {65--87},
	publisher = {Department of Language Studies, Umeå University; Kungl. Skytteanska samfundet},
	series = {Kungl. {Skytteanska} samfundets handlingar},
	title = {Språkteknologi för svenska språket genom tiderna. [{Language} technology for the {{Swedish}} language through the ages]},
	year = {2016}}

@incollection{Kalm2016Prepositioner,
	address = {Umeå},
	author = {Kalm, Mikael},
	booktitle = {Studier i svensk språkhistoria 13: {Historia} och språkhistoria},
	date-modified = {2021-08-27 17:16:15 +0200},
	editor = {Andersson, Daniel and Edlund, Lars-Erik and Haugen, Susanne and Westum, Asbjørg},
	isbn = {978-91-88466-90-7 978-91-86438-57-9},
	number = {76},
	pages = {135--150},
	publisher = {Department of Language Studies, Umeå University; Kungl. Skytteanska samfundet},
	series = {Kungl. {Skytteanska} samfundets handlingar},
	title = {Prepositioner och infinitivmärken. {Om} \emph{till som} infinitivmärke i äldre svenska [{Prepositions} as infinitival markers. {On} \emph{till som} as an infinitival marker in older {{Swedish}}]},
	year = {2016}}

@incollection{Platzack1985,
	address = {Gothenburg},
	author = {Platzack, Christer},
	booktitle = {Svenskans beskrivning 15},
	date-modified = {2021-08-27 17:14:32 +0200},
	editor = {Allén, Sture},
	isbn = {978-91-7810-503-8},
	pages = {401--417},
	publisher = {University of Gothenburg},
	title = {Syntaktiska förändringar i svenskan under 1600-talet [{Syntactic} changes in {{Swedish}} during the 17th century]},
	year = {1985}}

@incollection{denBesten1983,
	address = {Amsterdam},
	author = {den Besten, Hans},
	booktitle = {{Linguistik} {Aktuell}/{Linguistics} {Today}},
	date-modified = {2021-08-27 16:54:35 +0200},
	doi = {10.1075/la.3.03bes},
	editor = {Abraham, Werner},
	isbn = {978-90-272-2723-2 978-90-272-8250-7},
	pages = {47},
	publisher = {John Benjamins},
	title = {On the interaction of root transformations and lexical deletive rules},
	volume = {3},
	year = {1983}}

@book{Wright1954,
	address = {Oxford},
	author = {Wright, Joseph},
	edition = {2. ed.},
	publisher = {Clarendon},
	title = {Grammar of the {{Gothic}} {Language} and the {Gospel} of {St}. {Mark}; selections from the other gospels and the second epistle to {Timothy} with notes and glossary},
	year = {1954}}

@book{Wollin1983,
	address = {Uppsala},
	author = {Wollin, Lars},
	publisher = {Sv. fornskriftsällsk.},
	title = {Svensk latinöversättning 2: {Förlagan} och produkten [{Swedish Latin} translation 2: {The} original and the product]},
	year = {1983}}

@book{Wollin1981,
	address = {Uppsala},
	author = {Wollin, Lars},
	publisher = {Sv. fornskriftsällsk},
	title = {Svensk latinöversättning 1: {Processen} [{Swedish} {Latin} translation 1: {The} process]},
	year = {1981}}

@book{Wierzbicka1988,
	address = {Amsterdam},
	author = {Wierzbicka, Anna},
	doi = {10.1075/slcs.18},
	isbn = {978-90-272-3019-5 978-90-272-3022-5 978-90-272-8612-3},
	month = {1},
	number = {18},
	publisher = {John Benjamins},
	series = {Studies in {Language} {Companion} {Series}},
	title = {The semantics of grammar},
	year = {1988}}

@book{Wessen1965,
	address = {Lund},
	author = {Wessén, Elias},
	publisher = {Gleerups},
	sortname = {Wessen, Elias},
	title = {Svenskt lagspråk [{The} language of {{Swedish}} laws]},
	year = {1965}}

@book{Wessen1958,
	address = {Stockholm},
	author = {Wessén, Elias},
	edition = {5. uppl.},
	publisher = {Almqvist \& Wiksell},
	sortname = {Wessen, Elias},
	title = {Svensk språkhistoria. {Vol}. 1. {Ljudlära} och formlära [{{Swedish}} language history. {Phonology} and morphology]},
	year = {1958}}

@book{Wellander1973,
	address = {Solna},
	author = {Wellander, Erik},
	edition = {4},
	publisher = {Esselte Studium},
	title = {Riktig svenska [{Proper} {{Swedish}}]},
	year = {1973}}

@book{Wellander1939,
	address = {Stockholm},
	author = {Wellander, Erik},
	publisher = {Norstedt},
	title = {Riktig svenska [{Proper} {{Swedish}}]},
	year = {1939}}

@book{Vikner2001,
	address = {Tübingen},
	annote = {Habilitationsschrift: University of Tübingen},
	author = {Vikner, Sten},
	publisher = {University of Tübingen},
	title = {Verb movement variation in {{German}} and optimality theory},
	year = {2001}}

@book{Vikner1994,
	address = {Oxford; New York},
	author = {Vikner, Sten},
	isbn = {0-19-508394-6},
	publisher = {Oxford University Press},
	title = {Verb movement and expletive subjects in the {{Germanic}} languages},
	year = {1994}}

@book{van_Gelderen2004,
	address = {Amsterdam},
	author = {van Gelderen, Elly},
	isbn = {978-90-272-2795-9 978-1-58811-552-2},
	number = {71},
	publisher = {John Benjamins},
	series = {Linguistik aktuell/{Linguistics} today},
	title = {Grammaticalization as economy},
	year = {2004}}

@book{Tvica2017,
	address = {Amsterdam},
	author = {Tvica, Seid},
	isbn = {978-94-6093-228-1},
	number = {446},
	publisher = {LOT},
	series = {{LOT}},
	title = {Agreement and verb movement. {The} {Rich} {Agreement} {Hypothesis} from a typological perspective},
	year = {2017}}

@phdthesis{Tungseth2006,
	address = {Tromsø},
	author = {Tungseth, Mai},
	school = {University of Tromsø},
	title = {Verbal prepositions in {{Norwegian}}: {Paths}, places and possession},
	year = {2006}}

@book{TraugottTrousdale2013,
	address = {Oxford, New York},
	author = {Traugott, Elizabeth Closs and Trousdale, Graeme},
	doi = {10.1093/acprof:oso/9780199679898.001.0001},
	publisher = {Oxford University Press},
	title = {Constructionalization and constructional changes},
	year = {2013}}

@book{Toivonen2003,
	address = {Dordrecht},
	author = {Toivonen, Ida},
	title = {Non-projecting words: {A} Case Study of {Swedish} Particles},
	doi = {10.1007/978-94-010-0053-6},
	number = {58},
	publisher = {Springer},
	series = {Studies in {Natural} {Language} and {Linguistic} {Theory}},
	year = {2003}}

@book{TelemanEtAl1999,
	address = {Stockholm},
	author = {Teleman, Ulf and Hellberg, Staffan and Andersson, Erik and Holm, Lisa},
	edition = {1},
	isbn = {91-7227-126-4},
	publisher = {Svenska Akademien},
	title = {Svenska akademiens grammatik [{The} grammar of the {{Swedish}} {Academy}]},
	year = {1999}}

@book{Teleman2003Tradis,
	address = {Stockholm},
	author = {Teleman, Ulf},
	isbn = {978-91-7227-374-0},
	number = {87},
	publisher = {Norstedts Ordbok},
	series = {Skrifter utg. av {Svenska} språknämnden},
	shorttitle = {Tradis och funkis},
	title = {Tradis och funkis. {Svensk} språkvård och språkpolitik efter 1800. [{Traditional} and functional. {{Swedish}} language planning and language politics after 1800.]},
	year = {2003}}

@book{Teleman2002,
	address = {Stockholm},
	author = {Teleman, Ulf},
	isbn = {978-91-7227-348-1},
	publisher = {Norstedts Ordbok},
	shorttitle = {Ära, rikedom och reda},
	title = {Ära rikedom och reda: {Svensk} språkvård och språkpolitik under äldre nyare tid [{Glory}, richness, and order: {{Swedish}} language planning and language politics during the {Early} {Modern} period]},
	year = {2002}}

@book{Stroh-Wollin2008,
	address = {Uppsala},
	author = {Stroh-Wollin, Ulla},
	number = {224},
	publisher = {Department of Scandinavian Languages, Uppsala University},
	series = {{FUMS}},
	title = {Dramernas svordomar: {{{E}}}n lexikal och grammatisk studie i 300 års svensk dramatik [{The} swear words of the plays: {{A}} lexical and grammatical study of 300 years of dramatic {{Swedish}}]},
	year = {2008}}

@book{Stahle1970,
	address = {Stockholm},
	author = {Ståhle, Carl Ivar},
	publisher = {Läromedelsförlaget},
	sortname = {Stahle, Carl Ivar},
	title = {Svenskt bibelspråk från 1500-tal till 1900-tal [{{Swedish}} biblical language from the 16th to the 20th century]},
	year = {1970}}

@phdthesis{Skrzypek2005,
	address = {Lund},
	author = {Skrzypek, Dominika},
	isbn = {978-91-631-8077-4},
	number = {26},
	school = {Lund University},
	series = {Nordlund},
	shorttitle = {The decline of nominal inflection in {Old} {Swedish}},
	title = {The decline of nominal inflection in {Old} {{Swedish}}: {{T}}he loss of dative case},
	year = {2005}}

@book{SheehanEtAl2017,
	address = {Cambridge, MA},
	booktitle = {The Final-Over-Final condition: {{A}} syntactic universal},
	editor = {Sheehan, Michelle and Biberauer, Theresa and Roberts, Ian G. and Holmberg, Anders},
	number = {76},
	publisher = {The MIT Press},
	series = {Linguistic inquiry monographs},
	title = {The {Final}-{Over}-{Final} condition: {{A}} syntactic universal},
	year = {2017}}

@book{Sellberg1993,
	address = {Uppsala},
	author = {Sellberg, Lars},
	isbn = {978-91-506-0964-6},
	number = {nr 11},
	publisher = {Department of History of Science and Ideas, Uppsala University},
	series = {Skrifter\slash\relax {Institutionen} för idé- och lärdomshistoria, {Uppsala} universitet},
	shorttitle = {Av kärlek till fosterland och folk},
	title = {Av kärlek till fosterland och folk: {Gabriel} {Djurklou} och dialektforskningen [{Out} of love for native land and people. {Gabriel} {Djurklou} and dialectology]},
	year = {1993}}

@book{Schulte2007Prepositional,
	address = {Oxford; New York},
	author = {Schulte, Kim},
	date-modified = {2021-08-27 17:11:24 +0200},
	isbn = {978-3-03911-327-9},
	number = {3},
	publisher = {Peter Lang},
	series = {Studies in historical linguistics},
	shorttitle = {Prepositional infinitives in {Romance}},
	title = {Prepositional infinitives in {{Romance}}: {{A}} usage-based approach to syntactic change},
	year = {2007}}

@book{Sapp2011,
	address = {Amsterdam},
	author = {Sapp, Christopher D.},
	doi = {10.1075/la.173},
	isbn = {978-90-272-5556-3 978-90-272-8725-0},
	month = {1},
	number = {173},
	publisher = {John Benjamins},
	series = {Linguistik {Aktuell}/{Linguistics} {Today}},
	title = {The verbal complex in subordinate clauses from {Medieval} to {Modern} {{German}}},
	year = {2011}
}

@phdthesis{Santesson1986,
	address = {Lund},
	author = {Santesson, Lillemor},
	isbn = {978-91-7966-000-0},
	number = {37},
	school = {Lund university},
	series = {Lundastudier i nordisk språkvetenskap {Serie} {A}},
	shorttitle = {Tryckt hos {Salvius}},
	title = {Tryckt hos {Salvius} [{Printed} by {Salvius}]},
	year = {1986}}

@phdthesis{Sangfelt2019,
	address = {Uppsala},
	author = {Sangfelt, Adrian},
	school = {Uppsala University},
	shorttitle = {Syntaktiska strukturer i tiden},
	title = {Syntaktiska strukturer i tiden: {{OV}}- och bisatsledföljd i svenskans historia [{Syntactic} structures in time: {OV} and subordinate clause word order in the history of {Swedish}]},
	year = {2019}}

@book{Sahlstedt1773,
	address = {Stockholm},
	author = {Sahlstedt, Abraham},
	title = {Swensk {Ordbok} [{{Swedish}} dictionary]},
	year = {1773}}

@phdthesis{Rosenkvist2004,
	address = {Lund},
	author = {Rosenkvist, Henrik},
	isbn = {978-91-628-6309-8},
	number = {62},
	school = {Lund University},
	series = {Lundastudier i nordisk språkvetenskap {A}},
	title = {The emergence of conditional subordinators in {Swedish}: {A} study in grammaticalization},
	year = {2004}}

@book{Rohrbacher1999,
	address = {Amsterdam},
	author = {Rohrbacher, Bernhard Wolfgang},
	publisher = {John Benjamins},
	title = {Morphology-driven syntax: {{A}} theory of {V} to {I} raising and pro-drop},
	year = {1999}}

@phdthesis{Rohrbacher1994,
	address = {Amherst},
	author = {Rohrbacher, Bernhard Wolfgang},
	school = {University of Massachusetts at Amherst},
	title = {The {{Germanic}} {{VO}} languages and the full paradigm: {A} theory of {V} to {I} raising},
	year = {1994},
}

@book{RoehrsSapp2016,
	address = {Amsterdam},
	author = {Roehrs, Dorian and Sapp, Christopher D.},
	doi = {10.1075/la.230},
	isbn = {978-90-272-5713-0 978-90-272-6711-5},
	month = may,
	number = {230},
	publisher = {John Benjamins},
	series = {Linguistik {Aktuell}\slash {Linguistics} {Today}},
	shorttitle = {Quantifying Expressions in the History of {German}},
	title = {Quantifying expressions in the history of {{German}}: {Syntactic} reanalysis and morphological change},
	year = {2016}
}

@book{RobertsRoussou2003,
	address = {Cambridge},
	author = {Roberts, Ian and Roussou, Anna},
	publisher = {Cambridge University Press},
	title = {Syntactic change: {{A}} {Minimalist} approach to grammaticalization},
	year = {2003}}

@book{Ramchand2008,
	address = {Cambridge; New York},
	author = {Ramchand, Gillian},
	number = {116},
	publisher = {Cambridge University Press},
	series = {Cambridge studies in linguistics},
	shorttitle = {Verb meaning and the lexicon},
	title = {Verb meaning and the lexicon: {{A}} first-phase syntax},
	year = {2008}}

@book{Pylkkanen2008,
	address = {Cambridge, MA},
	author = {Pylkkänen, Liina},
	isbn = {978-0-262-16254-8 978-0-262-66209-3},
	publisher = {The MIT Press},
	series = {Linguistic inquiry monograph},
	sortname = {Pylkkanen, Liina},
	title = {Introducing arguments},
	year = {2008}}

@book{Prokosch1939,
	address = {Philadelphia},
	author = {Prokosch, Eduard},
	publisher = {Linguistic society of America, University of Pennsylvania},
	title = {A comparative {{Germanic}} grammar.},
	year = {1939}}

@book{Platzack2010,
	address = {Stockholm},
	author = {Platzack, Christer},
	edition = {1. uppl},
	isbn = {978-91-1-302842-2},
	publisher = {Norstedts},
	shorttitle = {Den fantastiska grammatiken},
	title = {Den fantastiska grammatiken: {En} minimalistisk beskrivning av svenskan [{The} fantastic grammar: {A} minimalistic description of {{Swedish}}]},
	year = {2010}}

@book{Pinker1989,
	address = {Cambridge, MA},
	annote = {"A bradford book." Includes index},
	author = {Pinker, Steven},
	isbn = {978-0-262-16111-4},
	publisher = {The MIT Press},
	series = {Learning, development, and conceptual change},
	shorttitle = {Learnability and cognition},
	title = {Learnability and cognition: {{The}} acquisition of argument structure},
	year = {1989}}

@phdthesis{Petersson2014,
	address = {Lund},
	author = {Petersson, David},
	school = {Lund University},
	shorttitle = {The highest force hypothesis},
	title = {The highest force hypothesis: {{Subordination}} in {{Swedish}}},
	year = {2014}}

@book{Peterson2006,
	address = {Uppsala},
	author = {Peterson, Lena},
	edition = {3},
	number = {2},
	publisher = {Department of Scandinavian Languages, Uppsala University},
	series = {Runrön},
	title = {Svenskt runordsegister. {Utarbetat} av {Lena} {Peterson} [{{Swedish}} Runic word list. {Construed} by {Lena} {Peterson}]},
	year = {2006}}

@book{Noreen1903,
	address = {Lund},
	author = {Noreen, Adolf},
	publisher = {Gleerups},
	title = {Vårt språk {I} [{Our} language {I}]},
	year = {1903}}

@book{Noreen1898,
	address = {Strassburg},
	author = {Noreen, Adolf},
	edition = {2},
	publisher = {Trübner},
	title = {{Geschichte} der nordischen {{Sprachen}} [{The} history of the {Nordic} languages]},
	year = {1898}}

@book{MarttalaStromquist2001,
	address = {Uppsala},
	series = {{FUMS}},
	title = {Korpusen {Svensk} dramadialog: {Användarhandbok} [{The} corpus {Drama} dialogue in {Sweden}: {A} manual]},
	number = {202},
	publisher = {Department of Scandinavian Languages, Uppsala University},
	author = {Melander Marttala, Ulla and Strömquist, Siv},
	year = {2001}
}

@phdthesis{Norde1997,
	address = {Amsterdam},
	author = {Norde, Muriel},
	school = {University of Amsterdam},
	title = {The history of the genitive in {{Swedish}}: {{A}} case study in degrammaticalization},
	year = {1997}}

@book{Noauthor1966,
	address = {Oslo},
	publisher = {Det norske samlaget},
	title = {Norsk ordbok : {{O}}rdbok over det norske folkemålet og det nynorske skriftmålet [{{{{Norwegian}}}} dictionary: {{D}}ictionary of the {{{{Norwegian}}}} folk dialect and the New {{{{Norwegian}}}} written language]},
	url = {http://no2014.uib.no/perl/ordbok/no2014.cgi},
	year = {1966}}

@book{SOU1924/27,
    author = {{SOU}},
	address = {Stockholm},
	number = {27},
	series = {Statens offentliga utredningar},
	title = {Betänkande med förslag till ett systematiskt utforskande av den svenska allmogekulturen [{Report} with suggestion for a systematic study of {{Swedish}} folk culture]},
	year = {1924/1927},
	options = {indexing=false}
}

@book{Noauthor1736,
	address = {Stockholm},
	title = {Sweriges rikes lag, gillad och antagen på riksdagen åhr 1734 [{The} law of the kingdom of {{Sweden}}, approved and passed in parliament in the year of 1734]},
	year = {1736}}

@book{Noauthor1703,
	address = {Stockholm},
	title = {Biblia, thet är all then heliga skrift på swensko [{Biblia}, that is the entire holy scripture in {{Swedish}}]},
	year = {1703}}

@book{Noauthor1618,
	address = {Stockholm},
	title = {Biblia thet är: {{A}}ll then helgha scrifft, på swensko [{Biblia} that is: {{T}}he entire holy scripture, in {{Swedish}}]},
	year = {1618}}

@book{Noauthor1541,
	address = {Uppsala},
	title = {Biblia, thet är, all then {Helgha} {Scrifft}, på swensko [{Biblia}, that is, the entire holy scripture, in {{Swedish}}]},
	year = {1541}}

@book{Noauthor1526,
	address = {Stockholm},
	title = {Thet nyia testamentit på swensko [{The} new testament in {{Swedish}}]},
	year = {1526}}

@book{Nesse2002,
	address = {Oslo},
	author = {Nesse, Agnete},
	isbn = {978-82-7099-353-6},
	number = {nr. 2},
	publisher = {Novus},
	series = {Skrifter og avhandlinger\slash\relax {Det} {Norske} videnskaps-akademi. {II}., {Hist}.-filos. klasse},
	title = {Språkkontakt mellom norsk og tysk i hansatidens {Bergen} [{Language} contact between {{Norwegian}} and {{German}} in {Hanseatic} {Bergen}]},
	year = {2002}}

@book{McEneryHardie2012,
	address = {Cambridge, New York},
	author = {McEnery, Tony and Hardie, Andrew},
	isbn = {978-0-521-83851-1 978-0-521-54736-9},
	publisher = {Cambridge University Press},
	series = {Cambridge textbooks in linguistics},
	shorttitle = {Corpus linguistics},
	title = {Corpus linguistics: {{M}}ethod, theory and practice},
	year = {2012}}

@book{Magnusson2007,
	address = {Gothenburg},
	annote = {Originally presented as the author's thesis (doctoral)--Göteborgs University, 2007 Added t.p. with thesis statement and English abstract laid in},
	author = {Magnusson, Erik},
	isbn = {978-91-7346-574-8},
	number = {28},
	publisher = {Acta Universtatis Gothoburgensis},
	series = {Nordistica {Gothoburgensia}},
	shorttitle = {Gränsöverskridande koordination},
	title = {Gränsöverskridande koordination: {{S}}yntaktisk förändring i äldre svenska [{Coordination} unlimited. {Syntactic} change in older {{Swedish}}]},
	year = {2007}}

@book{Lyttkens1889,
	address = {Lund},
	author = {Lyttkens, Ivar Adolf and Wulff, Fredrik},
	title = {Svensk uttals-ordbok [{{Swedish}} pronounciation dictionary]},
	year = {1889}}

@book{Los2005,
	address = {Oxford; New York},
	annote = {Revision of the author's thesis (doctoral)--1999},
	author = {Los, Bettelou},
	isbn = {978-0-19-927476-5},
	publisher = {Oxford University Press},
	title = {The rise of the \emph{to}-infinitive},
	year = {2005}}

@book{Ljunggren1937,
	address = {Lund},
	author = {Ljunggren, Karl Gustav},
	publisher = {Gleerups},
	title = {Studier över verbalsammansättningen i 1500-talets svenska. [{Studies} in the verbal compound in 16th century {{Swedish}}.]},
	year = {1937}}

@phdthesis{Ljunggren1932,
	address = {Lund},
	author = {Ljunggren, Karl Gustav},
	school = {Lund University},
	title = {Studier över förhållandet mellan verbalpartikel och verb i fornsvenskan. [{Studies} in the the relation between verbal particle and verb in {Old} {{Swedish}}.]},
	year = {1932}}

@book{Lipkind1945,
	address = {New York},
	author = {Lipkind, William},
	publisher = {King's Crown Press},
	title = {{Winnebago} grammar.},
	year = {1945}}

@phdthesis{Linge1969,
	address = {Lund},
	author = {Linge, Lars},
	school = {Lund University},
	title = {Gränshandeln i svensk politik under äldre {Vasatid} [{The} border trade in {{Swedish}} politics during the late 16th century]},
	year = {1969}}

@phdthesis{Lindqvist1912,
	address = {Lund},
	author = {Lindqvist, Axel},
	school = {Lund University},
	title = {Förskjutningar i förhållandet mellan grammatiskt och psykologiskt subjekt [{Changes} in the relation beween grammatical and psychological subjects]},
	year = {1912}}

@book{Levander1928,
	address = {Uppsala},
	author = {Levander, Lars},
	title = {Dalmålet: {{B}}eskrivning och historia [{The} dialect of {Dalecarlia}] {{II}}},
	year = {1928}}

@phdthesis{Levander1909,
	address = {Uppsala},
	author = {Levander, Lars},
	school = {Uppsala University},
	title = {Älvdalsmålet i {Dalarna}: {{O}}rdböjning ock syntax [{The} dialect of {Älvdalen} in {Dalecarlia}]},
	year = {1909}}

@book{Leopold1801,
	address = {Stockholm},
	author = {Leopold, Carl Gustaf af},
	number = {Första delen},
	series = {Svenska {Akademiens} handlingar från år 1796},
	title = {Afhandling om svenska stafsättet [{Treatment} of the {{Swedish}} orthography].},
	year = {1801}}

@phdthesis{Larsson2009,
	address = {Gothenburg},
	author = {Larsson, Ida},
	isbn = {978-91-7346-663-9},
	number = {29},
	publisher = {Acta Universitatis Gothoburgensis},
	school = {University of Gothenburg},
	series = {Nordistica {Gothoburgensia}},
	title = {Participles in time: {{T}}he development of the perfect tense in {{Swedish}}},
	year = {2009}}

@book{Larsson1988,
	address = {Uppsala},
	annote = {Summary in English},
	author = {Larsson, Kent},
	isbn = {978-91-506-0705-5},
	number = {22},
	publisher = {Department of Scandinavian Languages, Uppsala University},
	series = {Skrifter utgivna av {Institutionen} för nordiska språk vid {Uppsala} universitet},
	shorttitle = {Den plurala verbböjningen i äldre svenska},
	title = {Den plurala verbböjningen i äldre svenska: {{S}}tudier i en språklig förändringsprocess [{The} inflection in the plural persons of verbs in older {{Swedish}}: {{S}}tudies in a linguistic process of change]},
	year = {1988}}

@phdthesis{Lagman1958,
	address = {Stockholm},
	author = {Lagman, Edvin},
	school = {Stockholm University},
	title = {Studier över {Nuckömålets} nominala ordbildning [{Studies} of nominal word formation in the dialect of {Nuckö}]},
	year = {1958}}

@book{Lagervall2014,
	address = {Gothenburg},
	author = {Lagervall, Marika},
	number = {23},
	publisher = {Department of Swedish, University of Gothenburg},
	series = {Göteborgsstudier i nordisk språkvetenskap},
	title = {Modala hjälpverb i språkhistorisk belysning [{Modal} auxiliaries from a diachronic perspective]},
	year = {2014}}

@phdthesis{Laanemets2012,
	address = {Tartu},
	author = {Laanemets, Anu},
	school = {University of Tartu},
	shorttitle = {Passiv i moderne dansk, norsk og svensk},
	title = {Passiv i moderne dansk, norsk og svensk: {{{E}}}t korpusbaseret studie af tale- og skriftsprog [{The} passive in modern {{Danish}}, {{Norwegian}} and {{Swedish}}: {{A}} corpus based study of spoken and written language]},
	year = {2012}}

@phdthesis{Kirri1975,
	address = {Helsinki},
	author = {Kirri, Arto},
	school = {University of Helsinki},
	title = {Studier över passiv-konstruktioner i nysvenskt skriftspråk [{Studies} on passive constructions in {Early} {Modern} and {Late} {Modern} written {{Swedish}}]},
	year = {1975}}

@book{Kayne1994,
	address = {Cambridge, MA},
	author = {Kayne, Richard S.},
	isbn = {978-0-262-11194-2 978-0-262-61107-7},
	number = {25},
	publisher = {The MIT Press},
	series = {Linguistic inquiry monographs},
	title = {The antisymmetry of syntax},
	year = {1994}}

@phdthesis{Kalm2016Satsekvivalenta,
	address = {Uppsala},
	author = {Kalm, Mikael},
	school = {Uppsala University},
	title = {Satsekvivalenta infinitivfraser i svenskan: {{{E}}}n synkron och diakron undersökning [{Control} infinitives and {{{E}CM}}-{Infinitives} in {{Swedish}}: {{A}} synchronic and diachronic investigation]},
	year = {2016}}

@book{Julien2005,
	address = {Amsterdam},
	author = {Julien, Marit},
	doi = {10.1075/la.87},
	isbn = {978-90-272-3351-6 978-90-272-9412-8},
	month = sep,
	number = {87},
	publisher = {John Benjamins},
	series = {Linguistik {Aktuell}/{Linguistics} {Today}},
	title = {Nominal phrases from a {{Scandinavian}} perspective},
	year = {2005}}

@book{Jorgensen1970,
	address = {Lund},
	author = {Jörgensen, Nils},
	publisher = {Studentlitteratur},
	sortname = {Jorgensen, Nils},
	title = {Syntaktiska drag i svenska dialekter: {{{E}}}n bibliografisk översikt [{Syntactic} traits in {{Swedish}} dialects: {{A}} bibliographic overview]},
	year = {1970}}

@book{Johannisson1945,
	address = {Lund},
	author = {Johannisson, Ture},
	publisher = {Gleerups},
	title = {\emph{{Hava}} och \emph{vara} som tempusbildande hjälpverb i de nordiska språken [\emph{{Hava}} and \emph{vara} as temporal auxiliaries in the {{Nordic}} languages]},
	year = {1945}}

@book{Indrebo2001,
	address = {Bergen},
	author = {Indrebø, Gustav},
	edition = {2. utg., auka og umvølt},
	publisher = {Norsk bokreidingslag},
	sortname = {Indrebo, Gustav},
	title = {Norsk målsoga [{{Norwegian}} language history]},
	year = {2001}}

@book{HolmbergPlatzack1995,
	address = {Oxford; New York},
	author = {Holmberg, Anders and Platzack, Christer},
	publisher = {Oxford University Press},
	title = {The role of inflection in {{Scandinavian}} syntax},
	year = {1995}}

@phdthesis{Holmberg1986,
	address = {Stockholm},
	author = {Holmberg, Anders},
	isbn = {91-7146-359-3},
	school = {Stockholm University},
	title = {Word order and syntactic features in the {{Scandinavian}} languages and {{English}}},
	year = {1986}}

@book{Holm1967,
	address = {Lund},
	author = {Holm, Gösta},
	publisher = {Studentlitteratur},
	sortname = {Holm, Gosta},
	title = {Epoker och prosastilar: {{N}}ågra linjer och punkter i den svenska prosans stilhistoria [{Epochs} and prose styles: {{S}}ome lines and points in the stylistic history of {{Swedish}} prose]},
	year = {1967}}

@phdthesis{Holm1952,
	address = {Lund},
	author = {Holm, Gösta},
	school = {Lund University},
	sortname = {Holm, Gosta},
	title = {Om \emph{s}-passivum i svenskan: {Företrädesvis} folkmålen och den äldre fornsvenskan [{On} the \emph{s}-passive in {{{Swedish}}}: {In} particular the dialects and {Early} {Old} {{{Swedish}}}]},
	year = {1952}}

@incollection{Hilpert2013,
	address = {Oxford; New York},
	author = {Hilpert, Martin},
	booktitle = {Corpus-based approaches to constructional change},
	doi = {10.1093/oxfordhb/9780195396683.013.0025},
	editor = {Hoffmann, Thomas and Trousdale, Graeme},
	month = {12},
	publisher = {Oxford University Press},
	title = {Corpus-based approaches to constructional change},
	volume = {1},
	year = {2013}}

@book{Hof1753,
	address = {Stockholm},
	author = {Hof, Sven},
	publisher = {Merckell},
	title = {Swänska språkets rätta skrifsätt [{The} correct way of writing {{Swedish}}]},
	year = {1753}}

@book{Hoder2010,
	address = {Heidelberg},
	author = {Höder, Steffen},
	number = {35},
	publisher = {Winter},
	series = {Germanistische {Bibliothek}},
	shorttitle = {Sprachausbau im {Sprachkontakt}},
	sortname = {Hoder, Steffen},
	title = {Sprachausbau im {{Sprachkontakt}}. {Syntaktischer} {{Wandel}} im {Altschwedischen} [{Sprachausbau} in language contact. {Syntactic} change in {Old} {{Swedish}}]},
	year = {2010}}

@book{Hellqvist2015,
	address = {Uppsala},
	author = {Hellqvist, Birgitta},
	isbn = {978-91-554-9361-5},
	publisher = {Acta Universitatis Upsaliensis},
	shorttitle = {Le gérondif en fran{\c c}ais et les structures correspondantes en suédois},
	title = {{Le} gérondif en fran{\c c}ais et les structures correspondantes en suédois: étude constrastive [{The} gerund in {{French}} and the corresponding structures in {{Swedish}}: {{A}} contrastive study]},
	year = {2015}}

@book{Hellquist1948,
	address = {Lund},
	author = {Hellquist, Elof},
	edition = {3},
	publisher = {Gleerups},
	title = {Svensk etymologisk ordbok [{{Swedish}} etymological dictionary]},
	year = {1948}}

@book{Hellquist1902,
	address = {Uppsala},
	author = {Hellquist, Elof},
	publisher = {Akademiska bokhandeln},
	title = {Studier i 1600-talets svenska [{Studies} of 17th century {{Swedish}}]},
	year = {1902}}

@book{HeineKuteva2005,
	address = {Cambridge},
	author = {Heine, Bernd and Kuteva, Tania},
	doi = {10.1017/CBO9780511614132},
	edition = {1},
	month = {1},
	publisher = {Cambridge University Press},
	title = {Language {Contact} and Grammatical Change},
	year = {2005}}

@book{Hakansson2008,
	address = {Lund},
	author = {Håkansson, David},
	isbn = {978-91-628-7406-3},
	number = {64},
	school = {Lund University},
	series = {Lundastudier i nordisk språkvetenskap {Serie} {A}},
	shorttitle = {Syntaktisk variation och förändring},
	sortname = {Hakansson, David},
	title = {Syntaktisk variation och förändring: {En} studie av subjektslösa satser i fornsvenska [{Syntactic} variation and change: {A} study of subjectless clauses in {Old} {{Swedish}}]},
	year = {2008}}

@book{Moller1858,
	address = {Lund},
	title = {Ordbok öfver halländska landskaps-målet [{Dictionary} of the dialect of the province of {Halland}]},
	publisher = {Berlingska tryckeriet},
	author = {von Möller, Peter},
	year = {1858}
}

@book{Kalen1923,
	address = {Gothenburg},
	title = {Ordbok över {Fageredsmålet} [{Dictionary} of the dialect of {Fagered}]},
	publisher = {Elanders boktryckeri aktiebolag},
	author = {Kalén, Johan},
	year = {1923}
}

@book{GotlindLandtmanson1950,
	address = {Uppsala},
	title = {Västergötlands folkmål {D}. 4 {Formläran}. {Text} och kartor [{The} dialects of {Westrogothia} 4. {Morphology}. {Text} and maps]},
	publisher = {Kungl. Gustav Adolfs Akademien för svensk folklivsforskning},
	author = {Götlind, Johan and Landtmanson, Samuel},
	year = {1950}
}


@book{Haider2013,
	address = {Cambridge; New York},
	author = {Haider, Hubert},
	publisher = {Cambridge University Press},
	title = {Symmetry breaking in syntax},
	year = {2013}}

@book{Haider2010,
	address = {Cambridge; New York},
	author = {Haider, Hubert},
	publisher = {Cambridge University Press},
	series = {Cambridge syntax guides},
	title = {The syntax of {{German}}},
	year = {2010}}

@book{Haegeman1992,
	address = {Cambridge; New York},
	annote = {"Cambridge studies in linguistics. Supplementary volume"--Ser. t.p},
	author = {Haegeman, Liliane M. V.},
	isbn = {978-0-521-37005-9},
	publisher = {Cambridge University Press},
	shorttitle = {Theory and description in generative syntax},
	title = {Theory and description in generative syntax: {{A}} case study in {{West}} {{Flemish}}},
	year = {1992}}

@book{Grevisse1993,
	address = {Paris},
	author = {Grevisse, Maurice},
	edition = {13},
	isbn = {978-2-8011-1045-4},
	publisher = {Duculot},
	shorttitle = {Le bon usage},
	title = {{Le} bon usage: {{G}}rammaire fran{\c c}aise [{The} correct usage: {{French}} grammar]},
	year = {1993}}

@book{Green1974,
	address = {Bloomington},
	author = {Green, Georgia M.},
	isbn = {978-0-253-35160-9},
	publisher = {Indiana University Press},
	title = {Semantics and syntactic regularity},
	year = {1974}}

@book{Goldberg1995,
	address = {Chicago},
	annote = {Originally presented as the author's thesis (Ph.D.)--University of California, Berkeley, 1992},
	author = {Goldberg, Adele E.},
	publisher = {University of Chicago Press},
	series = {Cognitive theory of language and culture},
	shorttitle = {Constructions},
	title = {Constructions: {{A}} construction grammar approach to argument structure},
	year = {1995}}

@phdthesis{Garbacz2010,
	address = {Lund},
	author = {Garbacz, Piotr},
	school = {Centre for Languages and Literature, Lund University},
	title = {Word order in {Övdalian}: {{A}} study in variation and change},
	year = {2010}}

@book{Garbacz2009,
	address = {Lund},
	author = {Garbacz, Piotr},
	isbn = {978-91-628-7859-7},
	number = {69},
	publisher = {Centre for Languages and Literature, Lund University},
	series = {Lundastudier i nordisk språkvetenskap {A}},
	shorttitle = {Issues in {Övdalian} syntax},
	title = {Issues in {Övdalian} syntax: {{S}}tructural properties and the role of inflection in a {Scandinavian} vernacular},
	year = {2009}}

@book{Fischer2007,
	address = {Oxford; New York},
	author = {Fischer, Olga},
	isbn = {978-0-19-926705-7 978-0-19-926704-0},
	publisher = {Oxford University Press},
	series = {Oxford surveys in syntax and morphology},
	shorttitle = {Morphosyntactic change},
	title = {Morphosyntactic change: {{F}}unctional and formal perspectives},
	year = {2007}}

@book{Falk1997,
	address = {Lund},
	author = {Falk, Cecilia},
	isbn = {978-91-7966-408-4},
	number = {49},
	publisher = {Lund University Press},
	series = {Lundastudier i nordisk språkvetenskap {Serie} {A}},
	title = {Fornsvenska upplevarverb [{Experiencer} verbs in {Old} {{Swedish}}]},
	year = {1997}}

@phdthesis{Falk1993,
	address = {Lund},
	author = {Falk, Cecilia},
	school = {Department of Scandinavian Languages, University of Lund},
	title = {Non-referential subjects in the history of {{Swedish}}},
	year = {1993}}

@book{FalkTorp1900,
	address = {Kristiania},
	author = {Falk, Hjalmar and Torp, Alf},
	publisher = {Aschehoug},
	title = {Dansk-norskens syntax i historisk fremstilling [{The} history of {Dano}-{{Norwegian}} syntax]},
	year = {1900}}

@book{Faarlund2019,
	address = {Oxford, New York},
	author = {Faarlund, Jan Terje},
	edition = {First edition},
	isbn = {978-0-19-881791-8},
	publisher = {Oxford University Press},
	series = {Oxford linguistics},
	title = {The syntax of mainland {{Scandinavian}}},
	year = {2019}}

@book{Emonds1976,
	address = {New York},
	annote = {Includes index},
	author = {Emonds, Joseph E.},
	isbn = {978-0-12-238550-6},
	publisher = {Academic Press},
	shorttitle = {A transformational approach to {English} syntax},
	title = {A transformational approach to {{English}} syntax: {{R}}oot, structure-preserving, and local transformations},
	year = {1976}}

@phdthesis{Diderichsen1941,
	address = {Copenhagen},
	author = {Diderichsen, Paul},
	school = {University of Copenhagen},
	title = {S{\ae}tningsbygningen i {Skaanske} lov, fremstillet som grundlag for en rationel dansk syntaks. [{The} sentence structure in the {Scanian} law, presented as a foundation for a rational {{Danish}} syntax.]},
	year = {1941}}

@book{Den_dikken1995,
	address = {Oxford; New York},
	annote = {Rev. and updated version of the author's thesis--Leiden, 1992},
	author = {den Dikken, Marcel},
	isbn = {978-0-19-509134-2 978-0-19-509135-9},
	publisher = {Oxford University Press},
	series = {Oxford studies in comparative syntax},
	shorttitle = {Particles},
	title = {Particles: {{O}}n the syntax of verb-particle, triadic, and causative constructions},
	year = {1995}}

@book{Dehe2002,
	address = {Amsterdam},
	author = {Dehé, Nicole},
	doi = {10.1075/la.59},
	isbn = {978-90-272-2780-5 978-1-58811-308-5 978-90-272-9628-3},
	month = nov,
	number = {59},
	publisher = {John Benjamins},
	series = {Linguistik {Aktuell}/{Linguistics} {Today}},
	shorttitle = {Particle {Verbs} in {English}},
	sortname = {Dehe, Nicole},
	title = {Particle verbs in {{English}}: {Syntax}, information structure and intonation},
	year = {2002}}

@phdthesis{Davidson1990,
	address = {Lund},
	author = {Davidson, Herbert},
	isbn = {91-7966-113-0},
	school = {Lund University},
	title = {\emph{{{{Han}}} hon den}: {{G}}enusutvecklingen i svenskan under nysvensk tid [\emph{{{{Han}}} hon den}. {The} development of gender during {Modern} {{Swedish}}]},
	year = {1990}}

@book{Dahl2015,
	address = {Berlin},
	author = {Dahl, Östen},
	publisher = {Language Science Press},
	shorttitle = {Grammaticalization in the {North}},
	sortname = {Dahl, Osten},
	title = {Grammaticalization in the {north}: {Noun} phrase morphosyntax in {{Scandinavian}} vernaculars.},
	year = {2015},
	doi = {10.17169/langsci.b73.17}}

@book{CroftCruse2004,
	address = {Cambridge},
	author = {Croft, William and Cruse, D. Alan},
	doi = {10.1017/CBO9780511803864},
	edition = {1},
	isbn = {978-0-521-66114-0 978-0-521-66770-8 978-0-511-80386-4},
	month = {1},
	publisher = {Cambridge University Press},
	title = {Cognitive linguistics},
	year = {2004}}

@book{Croft2001,
	address = {Oxford; New York},
	author = {Croft, William},
	doi = {10.1093/acprof:oso/9780198299554.001.0001},
	isbn = {978-0-19-829955-4},
	month = {10},
	publisher = {Oxford University Press},
	title = {Radical construction grammar},
	year = {2001}}

@book{Cristofaro2005,
	address = {Oxford; New York},
	annote = {Originally published: 2003. With corrections Revised edition of thesis (Ph.D.)--University of Pavia, 1998},
	author = {Cristofaro, Sonia},
	isbn = {978-0-19-928200-5 978-0-19-925279-4},
	publisher = {Oxford University Press},
	series = {Oxford studies in typology and linguistic theory},
	title = {Subordination},
	year = {2005}}

@book{Chomsky1995,
	address = {Cambridge, MA.},
	author = {Chomsky, Noam},
	publisher = {The MIT Press},
	title = {The {Minimalist} program},
	year = {1995}}

@book{Cederschiold1897,
	address = {Gothenburg},
	author = {Cederschiöld, Gustaf},
	publisher = {Wettergren \& Kerber},
	sortname = {Cederschiold, Gustaf},
	title = {Om svenskan som skriftspråk [{On} {{Swedish}} as a written language]},
	year = {1897}}

@phdthesis{Bylin2013,
	address = {Stockholm},
	author = {Bylin, Maria},
	isbn = {978-91-87235-28-3},
	number = {58},
	school = {Acta Universitatis Stockholmiensis},
	series = {Stockholm {Studies} in {Scandinavian} {Philology} {New} {Series}},
	title = {Aspektuella hjälpverb i svenskan [{Aspectual} auxiliaries in {{Swedish}}]},
	year = {2013}}

@book{Bybee2010,
	address = {Cambridge},
	author = {Bybee, Joan},
	doi = {10.1017/CBO9780511750526},
	isbn = {978-0-511-75052-6},
	publisher = {Cambridge University Press},
	title = {Language, usage and cognition},
	year = {2010}}

@book{BreitbarthEtAl2020,
	address = {Oxford; New York},
	author = {Breitbarth, Anne and Lucas, Christopher and Willis, David},
	edition = {1},
	isbn = {978-0-19-960254-4},
	publisher = {Oxford University Press},
	shorttitle = {The history of negation in the languages of {Europe} and the {Mediterranean}},
	title = {The history of negation in the languages of {{Europe}} and the {{Mediterranean}}: {{V}}olume {{II}}: {{P}}atterns and processes},
	year = {2020}}

@phdthesis{Breitbarth2005,
	author = {Breitbarth, Anne},
	school = {Tilburg University},
	shorttitle = {Live fast, die young},
	title = {{Live} fast, die young: {{T}}he short life of {Early} {Modern} {{German}} auxiliary ellipsis},
	year = {2005}}

@phdthesis{Brandtler2010,
	address = {Lund},
	author = {Brandtler, Johan},
	school = {Lund University},
	title = {The evaluability hypothesis: {{T}}he syntax and semantics of polarity item licensing in {{Swedish}}},
	year = {2010}}

@book{Bondeson1880,
	address = {Lund},
	author = {Bondeson, August},
	title = {Halländska sagor, samlade bland folket och berättade på bygdemål [{Stories} from {Halland}, collected among the people and told in the local vernacular]},
	year = {1880}}

@book{Bergman1968,
	address = {Stockholm},
	author = {Bergman, Gösta},
	publisher = {Prisma},
	sortname = {Bergman, Gosta},
	title = {Kortfattad svensk språkhistoria [{A} concise history of {{Swedish}}]},
	year = {1968}}

@book{BentzenEtAl2015,
	address = {Amsterdam},
	booktitle = {Studies in {Övdalian} morphology and syntax: {New} research on a lesser-known {{Scandinavian}} language},
	doi = {10.1075/la.221},
	editor = {Bentzen, Kristine and Rosenkvist, Henrik and Johannessen, Janne Bondi},
	isbn = {978-90-272-5704-8 978-90-272-6913-3},
	month = {1},
	number = {221},
	publisher = {John Benjamins},
	series = {Linguistik {Aktuell}/{Linguistics} {Today}},
	shorttitle = {Studies in {Övdalian} {Morphology} and {Syntax}},
	title = {Studies in {Övdalian} morphology and syntax: {New} research on a lesser-known {{Scandinavian}} language},
	year = {2015}}

@phdthesis{Belfrage1871,
	address = {Lund},
	author = {Belfrage, Åke Gustaf Leonard},
	school = {Lund University},
	sortname = {Belfrage, Ake Gustaf Leonard},
	title = {Om verbet i {Vestgötamålet} [{On} the verb in the dialect of {Westrogothia}]},
	year = {1871}}

@book{Beckman1934,
	address = {Gothenburg},
	publisher = {Gothenburg University College},
	author = {Beckman, Natanael},
	title = {Västeuropeisk syntax: {Några} nybildningar i nordiska och andra västeuropeiska språk [{{Western}} {{{European}}} syntax: {{S}}ome neologisms in {{Nordic}} and other western {{{European}}} languages]},
	year = {1934}}

@book{Bardal2008,
	address = {Amsterdam},
	author = {Barðdal, Jóhanna},
	isbn = {978-90-272-1830-8},
	number = {8},
	publisher = {John Benjamins},
	series = {Constructional approaches to language},
	shorttitle = {Productivity},
	sortname = {Barddal, Johanna},
	title = {Productivity: {{{E}}}vidence from case and argument structure in {{Icelandic}}},
	year = {2008}}

@phdthesis{Backstrom2019,
	address = {Gothenburg},
	author = {Bäckström, Linnéa},
	isbn = {978-91-87850-76-9},
	school = {University of Gothenburg},
	sortname = {Backstrom, Linnea},
	title = {Etableringen av \emph{ha}-bortfall i svenskan. {Från} kontaktfenomen till inhemsk konstruktion [{The} rise of \emph{ha}-omission in {{Swedish}}. {From} a contact phenomenon to a language specific construction]},
	year = {2019}}

@book{Baayen2008,
	address = {Cambridge, New York},
	author = {Baayen, R. Harald},
	isbn = {978-0-521-88259-0 978-0-521-70918-7},
	publisher = {Cambridge University Press},
	shorttitle = {Analyzing linguistic data},
	title = {Analyzing linguistic data: {{A}} practical introduction to statistics using {R}},
	year = {2008}}

@phdthesis{Andreasson2007,
	address = {Gothenburg},
	author = {Andréasson, Maia},
	isbn = {978-91-87850-31-8},
	school = {University of Gothenburg},
	sortname = {Andreasson, Maia},
	title = {{Satsadverbial}, ledföljd och informationsdynamik i svenskan [{Sentence} adverbials, word order, and information dynamics in {{Swedish}}]},
	year = {2007}}

@phdthesis{Andersson2007,
	address = {Gothenburg},
	author = {Andersson, Peter},
	isbn = {978-91-87850-34-9},
	school = {University of Gothenburg},
	title = {Modalitet och förändring. {{En}} studie av \emph{må} och \emph{kunna} i fornsvenska [{Modality} and change. {A} study of \emph{må} and \emph{kunna} in {Old} {{Swedish}}]},
	year = {2007}}

@phdthesis{Andersson1975,
	address = {Gothenburg},
	author = {Andersson, Lars-Gunnar},
	school = {University of Gothenburg},
	title = {Form and function of subordinate clauses},
	year = {1975}}

@book{Anagnostopoulou2003,
	address = {Berlin, New York},
	author = {Anagnostopoulou, Elena},
	isbn = {978-3-11-017028-3},
	number = {54},
	publisher = {M. de Gruyter},
	series = {Studies in generative grammar},
	shorttitle = {The syntax of ditransitives},
	title = {The syntax of ditransitives: {{{E}}}vidence from clitics},
	year = {2003}}

@phdthesis{Alving1916,
	address = {Uppsala},
	author = {Alving, Hjalmar},
	school = {Uppsala University},
	title = {{Det} grammatiska subjektets plats i den narrativa satsen i svenskan [{The} place of the grammatical subject in the narrative clause in {{Swedish}}]},
	year = {1916}}

@book{AkerbergNystrom2012,
	address = {Älvdalen},
	author = {Åkerberg, Bengt and Nyström, Gunnar},
	isbn = {978-91-633-9251-1},
	publisher = {Ulum Dalska},
	sortname = {Akerberg, Bengt and Nystrom, Gunnar},
	title = {Älvdalsk grammatik [{Övdalian} grammar]},
	year = {2012}}

@phdthesis{Ahlberg1942,
	address = {Stockholm},
	author = {Ahlberg, Märta},
	number = {3},
	school = {Stockholm University College},
	series = {Stockholm {Studies} in {Scandinavian} {Philology}},
	sortname = {Ahlberg, Marta},
	title = {Presensparticipet i fornsvenskan: {{{E}}}n syntaktisk studie [{The} present participle in {Old} {{Swedish}}: {{A}} syntactic study]},
	year = {1942}}

@book{AdgerEtAl2009,
	address = {Cambridge, New York},
	author = {Adger, David and Harbour, Daniel and Watkins, Laurel J.},
	isbn = {978-0-521-51756-0},
	number = {122},
	publisher = {Cambridge University Press},
	series = {Cambridge studies in linguistics},
	shorttitle = {Mirrors and microparameters},
	title = {Mirrors and microparameters: {{P}}hrase structure beyond free word order},
	year = {2009}}

@phdthesis{Aa2015,
	address = {Trondheim},
	author = {Aa, Leiv Inge},
	school = {Norwegian University of Science and Technology},
	title = {The grammar of verb-particle constructions in spoken {{Norwegian}}},
	year = {2015}}

@article{Zeijlstra2012,
	author = {Zeijlstra, Hedde},
	doi = {10.1515/tlr-2012-0017},
	journal = {The Linguistic Review},
	month = {1},
	number = {3},
	title = {There is only one way to agree},
	volume = {29},
	year = {2012}}

@article{Zehentner2018,
	author = {Zehentner, Eva},
	doi = {10.1017/S1360674316000447},
	journal = {English Language and Linguistics},
	month = mar,
	number = {1},
	pages = {149--175},
	shorttitle = {Ditransitives in {Middle} {English}},
	title = {Ditransitives in {Middle} {{English}}: {{O}}n semantic specialisation and the rise of the dative alternation},
	volume = {22},
	year = {2018}}

@article{WiklundEtAl2007,
	author = {Wiklund, Anna-Lena and Hrafnbjargarson, Gunnar Hrafn and Bentzen, Kristine and Hróarsdóttir, Þorbjörg},
	doi = {10.1007/s10828-007-9014-9},
	journal = {The Journal of Comparative Germanic Linguistics},
	month = nov,
	number = {3},
	pages = {203--233},
	sortname = {Wiklund, Anna-Lena and Hrafnbjargarson, Gunnar Hrafn and Bentzen, Kristine and Hroarsdottir, Thorbjorg},
	title = {Rethinking {{Scandinavian}} verb movement},
	volume = {10},
	year = {2007}}

@article{Widmark1970,
	author = {Widmark, Gun},
	journal = {Nysvenska studier},
	number = {49},
	pages = {5--77},
	title = {Stildifferentiering i {Gyllenborgs} komedi \textit{Svenska} \textit{sprätthöken} [{Stylistic} differentiation in {Gyllenborg}'s comedy \textit{Svenska} \textit{sprätthöken}]},
	volume = {1969},
	year = {1970}}


@incollection{CardinalettiStarke1999,
	address = {Berlin, New York},
	title = {The typology of structural deficiency: {A} case study of the three classes of pronouns},
	isbn = {978-3-11-080401-0},
	shorttitle = {The typology of structural deficiency},
	booktitle = {Eurotyp},
	publisher = {De Gruyter},
	author = {Cardinaletti, Anna and Starke, Michal},
	editor = {Riemsdijk, Henk van},
	month = {1},
	year = {1999},
	doi = {10.1515/9783110804010.145},
	pages = {145--234}
}


@article{WestergaardEtAl2017,
	author = {Westergaard, Marit and Vangsnes, Øystein A. and Lohndal, Terje},
	doi = {10.1075/lv.17.1.02wes},
	journal = {Linguistic Variation},
	number = {1},
	pages = {8--43},
	sortname = {Westergaard, Marit and Vangsnes, Oystein A. and Lohndal, Terje},
	title = {Variation and change in {{Norwegian}} \emph{wh}-questions: {The} role of the complementizer \emph{som}},
	volume = {17},
	year = {2017}}

@article{Weis2004,
	author = {Weiß, Helmut},
	doi = {10.1075/sl.28.3.15wei},
	journal = {Studies in Language},
	month = sep,
	number = {3},
	pages = {648--674},
	shorttitle = {A question of relevance},
	sortname = {Weiss, Helmut},
	title = {A question of relevance: {Some} remarks on standard languages},
	volume = {28},
	year = {2004}}

@article{Granstrom1915,
	title = {Jo, på den tiden. {Uppteckningar} från {S}. {Sandjö} i {Konga} hd. ({Småland}) [{Well}, in those days. {Records} from {Södra} {Sandsjö} in the hundred of {Konga} ({Småland})]},
	volume = {1915},
	number = {1},
	journal = {Svenska landsmål och svenskt folkliv},
	author = {Granström, Magni},
	year = {1915},
	pages = {5--16}
}

@article{Waldmann2014,
	author = {Waldmann, Christian},
	doi = {10.1080/10489223.2013.855217},
	journal = {Language Acquisition},
	month = {1},
	number = {1},
	pages = {45--71},
	shorttitle = {The {Acquisition} of {Neg}-{V} and {V}-{Neg} {Order} in {Embedded} {Clauses} in {Swedish}},
	title = {The acquisition of neg-{V} and {V}-neg order in embedded clauses in {{Swedish}}: {A} microparametric approach},
	volume = {21},
	year = {2014}}

@article{Vangsnes2014,
	author = {Vangsnes, Øystein},
	journal = {Nordic Atlas of Language Structures (NALS) Journal},
	number = {1},
	pages = {475--485},
	sortname = {Vangsnes, Oystein},
	title = {Measureless quantificational exclamatives},
	volume = {1},
	year = {2014}}

@article{Van_gelderen2008,
	author = {van Gelderen, Elly},
	doi = {10.1515/LITY.2008.037},
	journal = {Linguistic Typology},
	month = {1},
	number = {2},
	title = {Negative cycles},
	volume = {12},
	year = {2008}}

@article{Thelander1988,
	author = {Thelander, Mats},
	journal = {Nysvenska studier},
	pages = {5--14},
	title = {Nu eller alltid? {Perspektiv} på 110 års nusvenska [{Now} or forever? {Perspectives} on 110 years of present-day {{Swedish}}]},
	volume = {67},
	year = {1988}}

@article{Svenonius1996,
	author = {Svenonius, Peter},
	journal = {Working Papers in Scandinavian Syntax},
	pages = {47--75},
	title = {The optionality of particle shift},
	volume = {57},
	year = {1996}}

@article{Sundquist2020,
	author = {Sundquist, John D.},
	doi = {10.1075/jhl.19009.sun},
	journal = {Journal of Historical Linguistics},
	month = {12},
	number = {3},
	pages = {349--388},
	title = {Productivity, richness, and diversity of light verb constructions in the history of {{American}} {{English}}},
	volume = {10},
	year = {2020}}

@article{Sundquist2003,
	author = {Sundquist, John D.},
	doi = {10.1017/S0332586503001094},
	journal = {Nordic Journal of Linguistics},
	month = {12},
	number = {2},
	pages = {233--258},
	title = {The {Rich} {Agreement} {Hypothesis} and {Early} {Modern} {{Danish}} embedded-clause word order},
	volume = {26},
	year = {2003}}

@article{Stroh-Wollin2016,
	author = {Stroh-Wollin, Ulla},
	journal = {Arkiv för nordisk filologi},
	pages = {129--169},
	title = {The emergence of definiteness marking in {{Scandinavian}}: {New} answers to old questions},
	volume = {131},
	year = {2016}}

@article{Skrzypek2009,
	author = {Skrzypek, Dominika},
	doi = {10.2478/v10122-009-0005-y},
	journal = {Lingua Posnaniensis},
	month = {1},
	number = {1},
	title = {The formation of the definite article in the {{Nordic}} languages},
	volume = {51},
	year = {2009}}

@article{Schulte2007What,
	author = {Schulte, Kim},
	date-modified = {2021-08-27 17:11:47 +0200},
	doi = {10.1016/j.langsci.2007.05.004},
	journal = {Language Sciences},
	month = jul,
	number = {4},
	pages = {512--537},
	shorttitle = {What causes adverbial infinitives to spread?},
	title = {What causes adverbial infinitives to spread? {Evidence} from {{Romance}}},
	volume = {29},
	year = {2007}}

@article{Sangfelt2017,
	author = {Sangfelt, Adrian},
	journal = {Norsk Lingvistisk Tidsskrift},
	month = aug,
	number = {1},
	title = {{{OV}}-ledföljd och huvudsats-bisats-asymmetri i svenskans historia},
	url = {http://ojs.novus.no/index.php/NLT/article/view/1401},
	volume = {35},
	year = {2017}}

@article{RobertsRoussou1999,
	author = {Roberts, Ian and Roussou, Anna},
	doi = {10.1515/ling.37.6.1011},
	journal = {Linguistics},
	month = {1},
	number = {6},
	title = {A formal approach to ``grammaticalization''},
	volume = {37},
	year = {1999}}

@article{Richards1987,
	author = {Richards, Brian},
	doi = {10.1017/S0305000900012885},
	journal = {Journal of Child Language},
	month = jun,
	number = {2},
	pages = {201--209},
	shorttitle = {Type/{Token} {Ratios}},
	title = {Type/token ratios: {{W}}hat do they really tell us?},
	volume = {14},
	year = {1987}}

@article{Ramchand2014,
	author = {Ramchand, Gillian},
	doi = {10.1007/s11049-013-9225-5},
	journal = {Natural Language \& Linguistic Theory},
	month = feb,
	number = {1},
	pages = {263--282},
	shorttitle = {Deriving variable linearization},
	title = {Deriving variable linearization: {A} commentary on {Simpson} and {Syed} (2013)},
	volume = {32},
	year = {2014}}

@article{BobaljikThrainsson1998,
	title = {Two heads aren’t always better than one},
	volume = {1},
	doi = {10.1111/1467-9612.00003},
	number = {1},
	journal = {Syntax},
	author = {Bobaljik, Jonathan David and Thráinsson, Höskuldur},
	year = {1998},
	pages = {37--71}
}

@article{RagnarsdottirEtAl1999,
	title = {The acquisition of past tense morphology in {Icelandic} and {Norwegian} children: an experimental study},
	volume = {26},
	issn = {0305-0009, 1469-7602},
	shorttitle = {The acquisition of past tense morphology in {Icelandic} and {Norwegian} children},
	doi = {10.1017/S0305000999003918},
	number = {3},
	journal = {Journal of Child Language},
	author = {Ragnarsdóttir, Hrafnhildur and Simonsen, Hanne Gram and Plunkett, Kim},
	month = {10},
	year = {1999},
	pages = {577--618},
}

@article{Thrainsson2010,
	title = {Predictable and unpredictable sources of variable verb and adverb placement in {Scandinavian}},
	volume = {120},
	issn = {00243841},
	doi = {10.1016/j.lingua.2009.04.003},
	number = {5},
	journal = {Lingua},
	author = {Thráinsson, Höskuldur},
	month = {5},
	year = {2010},
	pages = {1062--1088}
}

@article{PlatzackHolmberg1989,
	author = {Platzack, Christer and Holmberg, Anders},
	journal = {Working Papers in Scandinavian Syntax},
	pages = {101--117},
	title = {The role of {{AGR}} and finiteness},
	volume = {44},
	year = {1989}}

@article{Platzack1988emergence,
	author = {Platzack, Christer},
	date-modified = {2021-08-27 17:06:36 +0200},
	journal = {McGill Working Papers in Linguistics},
	pages = {215--238},
	title = {The emergence of a word order difference in {{Scandinavian}} subordinate clauses},
	volume = {6},
	year = {1988}}

@article{Platzack1981,
	author = {Platzack, Christer},
	journal = {Arkiv för nordisk filologi},
	pages = {107--136},
	title = {Ändelsevokalismen i supinum och perfekt particip av starka verb: {E}n studie av växlingen \emph{it: et} och \emph{in: en} i äldre och yngre nysvenska [{The} ending vowels in the supine and the past participle of strong verbs: {{A}} study of the variation \emph{it: et} and \emph{in: en} in {Early} and {Late} {Modern} {{Swedish}}]},
	volume = {96},
	year = {1981}}

@article{Petzell2019,
	author = {Petzell, Erik M.},
	journal = {Svenska landsmål och svenskt folkliv},
	number = {2018},
	pages = {184--199},
	title = {Automatisk transkribering av landsmålstext [{Automatic} transcription of dialect text]},
	url = {http://gustavadolfsakademien.se/files/download/documents/SvLm2018.pdf},
	volume = {141},
	year = {2019},}

@article{Petzell2018,
	author = {Petzell, Erik M.},
	journal = {Svenska landsmål och svenskt folkliv},
	pages = {89--125},
	title = {Verbböjning och ordföljd i {Viskadalen} [{Verbal} inflection and word order in {Viskadalen}]},
	volume = {2017},
	year = {2018}}

@article{Petzell2017,
	annote = {https://doi.org/10.5617/nals.5360},
	author = {Petzell, Erik M.},
	copyright = {Copyright (c)},
	doi = {10.5617/nals.5360},
	journal = {Nordic Atlas of Language Structures (NALS) Journal},
	number = {1},
	pages = {1--39},
	title = {Enclitic subjects and agreement inflection in {Viskadalian} {{Swedish}}},
	volume = {2},
	year = {2017}}

@article{Petzell2013,
	author = {Petzell, Erik M.},
	doi = {10.1017/S0332586513000115},
	journal = {Nordic Journal of Linguistics},
	number = {1},
	pages = {27--55},
	title = {Relative inversion and non-verb-initial imperatives in {Early} {Modern} {{Swedish}}},
	volume = {36},
	year = {2013}}

@article{Petzell2011,
	author = {Petzell, Erik M.},
	journal = {Arkiv för nordisk filologi},
	pages = {141--191},
	title = {{{OV}}-ordföljd i svenskans historia [{{OV}} word order in the history of {{Swedish}}]},
	volume = {126},
	year = {2011}}

@article{Pettersson1988,
	author = {Pettersson, Gertrud},
	journal = {Arkiv för nordisk filologi},
	pages = {157--180},
	title = {Bisatsordföljden i svenskan eller {Varifrån} kommer {{BIFF}}-regeln? [{Subordinate} clause word order in {{Swedish}} or {Where} does the {{BIFF}} rule come from?]},
	volume = {103},
	year = {1988}}

@article{Oxford2017,
	author = {Oxford, Will},
	booktitle = {Variation and change in the {Degree} {Phrase}},
	doi = {10.1075/lv.17.1.05oxf},
	editor = {Håkansson, David and Larsson, Ida and Petzell, Erik M.},
	journal = {Linguistic Variation. Special issue: Syntactic variation and change},
	month = {6},
	number = {1},
	pages = {98--110},
	title = {Variation and change in the {Degree} {Phrase}},
	volume = {17},
	year = {2017}}

@article{Olofsson2019,
	annote = {https://doi.org/10.33063/diva-399809},
	author = {Olofsson, Joel},
	doi = {10.33063/diva-399809},
	journal = {Språk och stil},
	pages = {168--202},
	title = {Frekvens som mått på produktivitet: {{En}} konstruktionsgrammatisk undersökning av förflyttningskonstruktioner i svenskan [{Frequency} as a measure of productivity: {A} construction grammar study of motion constructions in {{Swedish}}]},
	volume = {NF 29},
	year = {2019}}

@article{Nielsen2019,
	author = {Nielsen, Peter Juul},
	doi = {10.7146/nfg.v0i26.115999},
	journal = {Ny forskning i grammatik},
	month = sep,
	pages = {141--159},
	shorttitle = {Indirekte objekt i moderne dansk talesprog},
	title = {Indirekte objekt i moderne dansk talesprog: {{En}} korpusundersøgelse af frit indirekte objekt [{Indirect} objects in modern spoken {{Danish}}: {A} corpus study of the free indirect object]},
	volume = {26},
	year = {2019}}

@article{Neuman1925,
	author = {Neuman, Erik},
	journal = {Nysvenska studier},
	pages = {65--213},
	title = {Kritiska strövtåg i svensk historisk formlära [{Critically} browsing {{Swedish}} historical morphology]},
	volume = {5},
	year = {1925}}

@article{MyrbergRiad2015,
	author = {Myrberg, Sara and Riad, Tomas},
	doi = {10.1017/S0332586515000177},
	journal = {Nordic Journal of Linguistics},
	month = {10},
	number = {2},
	pages = {115--147},
	title = {The prosodic hierarchy of {{Swedish}}},
	volume = {38},
	year = {2015}}

@article{McFaddenAlexiadou2005,
	author = {McFadden, Thomas and Alexiadou, Artemis},
	journal = {University of Pennsylvania Working Papers in Linguistics},
	number = {1},
	pages = {251--264},
	title = {Counterfactuals and the loss of {{BE}} in the history of {{English}}},
	volume = {12},
	year = {2005}}

@article{LundquistEtAl2019,
	author = {Lundquist, Björn and Larsson, Ida and Westendorp, Maud and Tengesdal, Eirik and Nøklestad, Anders},
	journal = {Nordic Atlas of Language Structures (NALS) Journal},
	number = {1},
	pages = {1--33},
	sortname = {Lundquist, Bjorn and Larsson, Ida and Westendorp, Maud and Tengesdal, Eirik and Noklestad, Anders},
	title = {{Nordic} {Word} {Order} {Database}: {{M}}otivations, methods, material and infrastructure},
	volume = {4},
	year = {2019}}

@article{Lundquist2014Reflexive,
	author = {Lundquist, Björn},
	journal = {Nordic Atlas of Language Structures (NALS) Journal},
	number = {1},
	pages = {127--135},
	sortname = {Lundquist, Bjorn},
	title = {Verb-particles: {{P}}lacement with respect to reflexive pronouns},
	volume = {1},
	year = {2014}}

@article{Lundquist2014Passives,
	author = {Lundquist, Björn},
	journal = {Nordic Atlas of Language Structures (NALS) Journal},
	number = {1},
	pages = {119--126},
	sortname = {Lundquist, Bjorn},
	title = {Verb-particles: {{P}}article placement in passives},
	volume = {1},
	year = {2014}}

@article{Lundquist2014Active,
	author = {Lundquist, Björn},
	date-modified = {2021-08-27 17:02:35 +0200},
	journal = {Nordic Atlas of Language Structures (NALS) Journal},
	number = {1},
	pages = {110--118},
	sortname = {Lundquist, Bjorn},
	title = {Verb-particles: {{A}}ctive verbs},
	volume = {1},
	year = {2014}}

@article{Lundquist2014Double,
	author = {Lundquist, Björn},
	date-modified = {2021-08-27 17:02:24 +0200},
	journal = {Nordic Atlas of Language Structures (NALS) Journal},
	number = {1},
	pages = {136--145},
	sortname = {Lundquist, Bjorn},
	title = {Double object constructions: {{A}}ctive verbs},
	volume = {1},
	year = {2014}}

@article{LedinLyngfelt2013,
	author = {Ledin, Per and Lyngfelt, Benjamin},
	journal = {Språk och stil},
	pages = {141--174},
	title = {Olika \emph{hen}-syn. {Om} bruket av \emph{hen} i bloggar, tidningstexter och studentuppsatser [{Different} \emph{hen} perspectives. {On} the usage of \emph{hen} in blogs, newspaper articles and student essays]},
	volume = {23},
	year = {2013}}

@article{Larsson2014HAVE,
	author = {Larsson, Ida},
	date-modified = {2021-08-27 17:01:34 +0200},
	journal = {Nordic Atlas of Language Structures (NALS) Journal},
	number = {1},
	pages = {381--395},
	title = {{{HAVE}} and {{BE}} + participle of an unaccusative verb},
	volume = {1},
	year = {2014}}

@article{Kosmeijer1986,
	author = {Kosmeijer, Wim},
	journal = {Working Papers in Scandinavian Syntax},
	pages = {1--41},
	title = {The status of the finite inflection in {{Icelandic}} and {{Swedish}}},
	volume = {26},
	year = {1986}}

@article{KoenemanZeijlstra2014,
	author = {Koeneman, Olaf and Zeijlstra, Hedde},
	doi = {10.1162/LING_a_00167},
	journal = {Linguistic Inquiry},
	month = {10},
	number = {4},
	pages = {571--615},
	title = {The {Rich} {Agreement} {Hypothesis} rehabilitated},
	volume = {45},
	year = {2014}}

@article{Kloss1967,
	author = {Kloss, Heinz},
	journal = {Anthropological Linguistics},
	number = {7},
	pages = {29--41},
	title = {“{Abstand} {Languages}” and “{Ausbau} {Languages}”},
	url = {http://www.jstor.org/stable/30029461},
	volume = {9},
	year = {1967}}

@article{Julien2015,
	author = {Julien, Marit},
	doi = {10.1007/s10828-015-9073-2},
	journal = {The Journal of Comparative Germanic Linguistics},
	month = jul,
	number = {2},
	pages = {139--181},
	title = {The force of {V}2 revisited},
	volume = {18},
	year = {2015}}

@article{Julien2009,
	author = {Julien, Marit},
	journal = {Språk och stil},
	pages = {124--141},
	title = {\emph{{{{Plus}}}(s) at(t)} i skandinaviska: {En} minimal matris [\emph{{{{Plus}}}(s) at(t)} in {{Scandinavian}}: {A} minimal matrix]},
	volume = {19},
	year = {2009}}

@article{Julien2002,
	author = {Julien, Marit},
	doi = {10.1023/A:1021217932010},
	journal = {The Journal of Comparative Germanic Linguistics},
	number = {1/3},
	pages = {67--95},
	title = {Optional \emph{ha} in {{Swedish}} and {{Norwegian}}},
	volume = {5},
	year = {2002}}

@article{Josefsson2014,
	annote = {The information about affiliations in this record was updated in December 2015. The record was previously connected to the following departments: Swedish (015011001)},
	author = {Josefsson, Gunlög},
	doi = {10.1016/j.langsci.2013.10.009},
	journal = {Language Sciences},
	pages = {62--76},
	sortname = {Josefsson, Gunlog},
	title = {Pancake sentences and the semanticization of formal gender in {Mainland} {{Scandinavian}}},
	volume = {43},
	year = {2014}}

@article{Josefsson2009,
	author = {Josefsson, Gunlög},
	doi = {10.1017/S0332586509002030},
	journal = {Nordic Journal of Linguistics},
	month = jun,
	number = {1},
	pages = {35--72},
	shorttitle = {Peas and pancakes},
	sortname = {Josefsson, Gunlog},
	title = {Peas and pancakes: {On} apparent disagreement and (null) light verbs in {{Swedish}}},
	volume = {32},
	year = {2009}}

@article{Jeffers1975,
	author = {Jeffers, Robert J.},
	doi = {10.2307/413155},
	journal = {Language},
	month = mar,
	number = {1},
	pages = {133},
	title = {Remarks on {{Indo}}-{{European}} Infinitives},
	volume = {51},
	year = {1975}}

@article{Israel1996,
	author = {Israel, Michael},
	doi = {10.1007/BF00632710},
	journal = {Linguistics and Philosophy},
	month = {12},
	number = {6},
	pages = {619--666},
	title = {Polarity sensitivity as lexical semantics},
	volume = {19},
	year = {1996}}

@article{Hroarsdottir2008,
	author = {Hróarsdóttir, Thorbjörg},
	journal = {Working Papers in Scandinavian Syntax},
	pages = {43--81},
	sortname = {Hroarsdottir, Thorbjorg},
	title = {Verb particles in {{OV}}/{{VO}} word order in {Older} {{Icelandic}}},
	volume = {82},
	year = {2008}}

@article{Horn2017,
	author = {Horn, Adam af Åminne},
	journal = {Svenska landsmål och svenskt folkliv},
	pages = {73--89},
	sortname = {Horn, Adam af Aminne},
	title = {Verbal kongruensböjning i sydvästsvenska kongruensdialekter [{Verbal} agreement inflection in {{Swedish}} agreement dialects in the south-west]},
	volume = {2016},
	year = {2017}}

@article{HolmbergEtAl2019,
	author = {Holmberg, Anders and Sheehan, Michelle and van der Wal, Jenneke},
	doi = {10.1162/ling_a_00322},
	journal = {Linguistic Inquiry},
	month = {10},
	number = {4},
	pages = {677--722},
	title = {Movement from the Double Object Construction Is Not Fully Symmetrical},
	volume = {50},
	year = {2019}}

@article{Holmberg1997,
	author = {Holmberg, Anders},
	booktitle = {The true nature of {Holmberg}'s generalization},
	editor = {Kusumoto, Kiyomi},
	journal = {North East Linguistics Society},
	number = {1},
	pages = {203--217},
	title = {The true nature of {Holmberg}'s generalization},
	volume = {27},
	year = {1997}}

@article{Holmberg1993,
	author = {Holmberg, Anders},
	journal = {Working Papers in Scandinavian Syntax},
	pages = {29--41},
	title = {Two subject positions in {Mainland} {{Scandinavian}}},
	volume = {52},
	year = {1993}}

@article{HeycockSundquist2017,
	author = {Heycock, Caroline and Sundquist, John D.},
	doi = {10.1162/LING_a_00239},
	journal = {Linguistic Inquiry},
	month = {1},
	number = {1},
	pages = {173--179},
	shorttitle = {Don't Rush to Rehabilitate},
	title = {Don't rush to rehabilitate: {A} remark on {Koeneman} and {Zeijlstra} 2014},
	volume = {48},
	year = {2017}}

@article{HeycockEtAl2010,
	author = {Heycock, Caroline and Sorace, Antonella and Hansen, Zakaris Svabo},
	doi = {10.1007/s10828-010-9035-7},
	journal = {The Journal of Comparative Germanic Linguistics},
	month = {4},
	number = {1},
	pages = {61--97},
	shorttitle = {V-to-{I} and {V}2 in subordinate clauses},
	title = {V-to-{I} and {V}2 in subordinate clauses: {{A}}n investigation of {Faroese} in relation to {{Icelandic}} and {{Danish}}},
	volume = {13},
	year = {2010}}

@article{HeineKuteva2003,
	author = {Heine, Bernd and Kuteva, Tania},
	doi = {10.1075/sl.27.3.04hei},
	journal = {Studies in Language},
	month = nov,
	number = {3},
	pages = {529--572},
	title = {On contact-induced grammaticalization},
	volume = {27},
	year = {2003}}

@article{Heinat2010,
	author = {Heinat, Fredrik},
	doi = {10.1017/S0332586510000053},
	journal = {Nordic Journal of Linguistics},
	month = {5},
	number = {1},
	pages = {67--80},
	title = {Long object shift and reflexives},
	volume = {33},
	year = {2010}}

@article{HaugenEtAl2019,
	author = {Haugen, Tor Arne and Enger, Hans-Olav},
	doi = {10.1515/ling-2019-0008},
	journal = {Linguistics},
	month = may,
	number = {3},
	pages = {531--575},
	title = {The semantics of {{Scandinavian}} pancake constructions},
	volume = {57},
	year = {2019}}

@article{Haspelmath1989,
	author = {Haspelmath, Martin},
	doi = {10.1515/flih.1989.10.1-2.287},
	journal = {Folia Linguistica Historica},
	number = {X/1-2},
	pages = {287--310},
	title = {From purposive to infinitive: {A} universal path of grammaticalization},
	volume = {23},
	year = {1989}}

@article{HarleyJung2015,
	author = {Harley, Heidi and Jung, Hyun Kyoung},
	doi = {10.1162/LING_a_00198},
	journal = {Linguistic Inquiry},
	month = {10},
	number = {4},
	pages = {703--730},
	title = {In Support of the {P}\textsubscript{HAVE} Analysis of the Double Object Construction},
	volume = {46},
	year = {2015}}

@article{Harbour2016,
	author = {Harbour, Daniel},
	doi = {10.1162/LING_a_00228},
	journal = {Linguistic Inquiry},
	month = {10},
	number = {4},
	pages = {706--722},
	title = {Parameters of poor pronoun systems},
	volume = {47},
	year = {2016}}

@article{Hakansson2011,
	author = {Håkansson, David},
	journal = {Arkiv för nordisk filologi},
	pages = {93--140},
	sortname = {Hakansson, David},
	title = {Bisatsledföljden i äldre svenska: {Variation} eller förändring? [{Subordinate} clause word order in older {{Swedish}}: {Variation} or change?]},
	volume = {126},
	year = {2011}}

@article{Haider1992,
	author = {Haider, Hubert},
	journal = {Working Papers of the SFB 340},
	title = {Branching and discharge},
	volume = {23},
	year = {1992}}

@article{HaddicanHolmberg2019,
	author = {Haddican, Bill and Holmberg, Anders},
	doi = {10.1007/s11049-018-9404-5},
	journal = {Natural Language \& Linguistic Theory},
	month = feb,
	number = {1},
	pages = {91--122},
	shorttitle = {Object symmetry effects in {Germanic}},
	title = {Object symmetry effects in {{Germanic}}: {Evidence} for the role of case},
	volume = {37},
	year = {2019}}

@article{Gartner2019,
	author = {Gärtner, Hans-Martin},
	doi = {10.1017/S0332586519000167},
	journal = {Nordic Journal of Linguistics},
	month = {10},
	number = {02},
	pages = {209--225},
	sortname = {Gartner, Hans-Martin},
	title = {On the {Rich} {Agreement} {Hypothesis} and varieties of embedded {V}2},
	volume = {42},
	year = {2019}}

@article{Gartner2016,
	author = {Gärtner, Hans-Martin},
	journal = {Working Papers in Scandinavian Syntax},
	pages = {1--13},
	sortname = {Gartner, Hans-Martin},
	title = {A note on the {Rich} {Agreement} {Hypothesis} and varieties of “embedded {V}2”},
	volume = {96},
	year = {2016}}

@article{Falk1995,
	author = {Falk, Cecilia},
	journal = {Arkiv för nordisk filologi},
	pages = {199--226},
	title = {Lexikalt kasus i svenska [{Lexical} case in {{Swedish}}]},
	volume = {110},
	year = {1995}}

@article{Faarlund1977,
	author = {Faarlund, Jan Terje},
	journal = {Journal of Linguistics},
	number = {2},
	pages = {239--257},
	title = {Embedded clause reduction and {{Scandinavian}} gender agreement},
	url = {http://www.jstor.org/stable/4175398},
	volume = {13},
	year = {1977}}

@article{Eriksson1995,
	author = {Eriksson, Mats},
	doi = {10.1016/0388-0001(94)00015-A},
	journal = {Language Sciences},
	month = {1},
	number = {1},
	pages = {19--48},
	shorttitle = {A case of grammaticalization in modern {Swedish}},
	title = {A case of grammaticalization in modern {{Swedish}}: {The} use of \emph{ba} in adolescent speech},
	volume = {17},
	year = {1995}}

@article{Delsing1999,
	author = {Delsing, Lars-Olof},
	journal = {Arkiv för nordisk filologi},
	pages = {151--232},
	title = {Från {{OV}}-ordföljd till {{VO}}-ordföljd: {{En}} språkförändring med förhinder [{From} {{OV}} to {{VO}} word order: {A} linguistic change with obstacles]},
	volume = {114},
	year = {1999}}

@article{CovingtonMcFall2010,
	author = {Covington, Michael A. and McFall, Joe D.},
	doi = {10.1080/09296171003643098},
	journal = {Journal of Quantitative Linguistics},
	month = may,
	number = {2},
	pages = {94--100},
	shorttitle = {Cutting the {Gordian} {Knot}},
	title = {Cutting the gordian knot: {The} Moving-Average Type--Token Ratio ({{MATTR}})},
	volume = {17},
	year = {2010}}

@article{Colleman2011,
	author = {Colleman, Timothy},
	date-modified = {2021-08-27 16:58:23 +0200},
	doi = {10.1515/zaa-2011-0408},
	journal = {Zeitschrift für Anglistik und Amerikanistik},
	month = {1},
	number = {4},
	shorttitle = {Ditransitive Verbs and the Ditransitive Construction},
	title = {Ditransitive verbs and the ditransitive construction: {A} diachronic perspective},
	volume = {59},
	year = {2011}}

@article{CollemanDe_Clerck2011,
	author = {Colleman, Timothy and De Clerck, Bernard},
	date-modified = {2021-08-27 16:58:05 +0200},
	doi = {10.1515/cogl.2011.008},
	journal = {Cognitive Linguistics},
	month = {1},
	number = {1},
	shorttitle = {Constructional semantics on the move},
	title = {Constructional semantics on the move: {On} semantic specialization in the {{English}} double object construction},
	volume = {22},
	year = {2011}}

@article{CollemanDe_Clerck2008,
	author = {Colleman, Timothy and De Clerck, Bernard},
	doi = {10.1075/fol.15.2.02col},
	journal = {Functions of Language},
	month = {10},
	number = {2},
	pages = {187--215},
	title = {Accounting for ditransitive constructions with \emph{envy} and \emph{forgive}},
	volume = {15},
	year = {2008}}

@article{Bylin2016,
	author = {Bylin, Maria},
	journal = {Språk och stil},
	pages = {69--100},
	title = {Adjektivböjningens -\emph{a} och -\emph{e}: {Ett} seglivat variationstillstånd [{The} adjectival morphemes -\emph{a} and -\emph{e}: {A} state of enduring variation]},
	volume = {26},
	year = {2016}}

@article{Brody2000,
	author = {Brody, Michael},
	doi = {10.1162/002438900554280},
	journal = {Linguistic Inquiry},
	month = {1},
	number = {1},
	pages = {29--56},
	shorttitle = {Mirror {Theory}},
	title = {Mirror theory: {{S}}yntactic representation in perfect syntax},
	volume = {31},
	year = {2000}}

@article{Braunmuller1997,
	author = {Braunmüller, Kurt},
	doi = {10.1515/mult.1997.16.4.365},
	journal = {Multilingua: Journal of Cross-Cultural and Interlanguage Communication},
	number = {4},
	pages = {365--374},
	shorttitle = {Communication strategies in the area of the {Hanseatic} {League}},
	sortname = {Braunmuller, Kurt},
	title = {Communication strategies in the area of the {Hanseatic} {League}: {The} approach by semi-communication},
	volume = {16},
	year = {1997}}

@article{BrandtlerHakansson2017,
	author = {Brandtler, Johan and Håkansson, David},
	journal = {Norsk Lingvistisk Tidsskrift},
	month = aug,
	number = {1},
	sortname = {Brandtler, Johan and Hakansson, David},
	title = {V2 eller {V}3? {Om} preverbal placering av adverbial i modern svenska [{V}2 or {V}3? {On} Preverbal Placement of Adverbials in {Present}-{Day} {{Swedish}}]},
	url = {http://ojs.novus.no/index.php/NLT/article/view/1396},
	volume = {35},
	year = {2017}}

@article{BiberauerEtAl2014,
	author = {Biberauer, Theresa and Holmberg, Anders and Roberts, Ian},
	doi = {10.1162/LING_a_00153},
	journal = {Linguistic Inquiry},
	month = apr,
	number = {2},
	pages = {169--225},
	title = {A syntactic universal and its consequences},
	volume = {45},
	year = {2014}}

@article{BergEtAl2019,
	annote = {Projektet Tillgängligt kulturarv för forskning i tal (Tilltal) undersöker hur talteknologiska metoder kan göra historiska talinspelningar mer tillgängliga för forskare.},
	author = {Berg, Johanna and Domeij, Rickard and Edlund, Jens and Eriksson, Gunnar and Fallgren, Per and House, David and Lindström, Eva and Petzell, Erik M. and Malisz, Zofia and Nylund Skog, Susanne and Öqvist, Jenny},
	journal = {Svenska landsmål och svenskt folkliv},
	pages = {171--178},
	sortname = {Berg, Johanna and Domeij, Rickard and Edlund, Jens and Eriksson, Gunnar and Fallgren, Per and House, David and Lindstrom, Eva and Petzell, Erik M. and Malisz, Zofia and Nylund Skog, Susanne and Oqvist, Jenny},
	title = {Making archival speech recordings accessible for research: {A} report from the {Tilltal} project},
	url = {https://kgaa.bokorder.se/sv-se/serie/138/svenska-landsmal-och-svenskt-folkliv},
	volume = {141},
	year = {2019}}

@article{Bentzen2014,
	author = {Bentzen, Kristine},
	journal = {Nordic Atlas of Language Structures (NALS) Journal},
	number = {1},
	pages = {332--343},
	title = {Object shift},
	volume = {1},
	year = {2014}}

@article{Bardal2011,
	author = {Barðdal, Jóhanna and Kristoffersen, Kristian Emil and Sveen, Andreas},
	doi = {10.1515/ling.2011.002},
	journal = {Linguistics},
	month = {1},
	number = {1},
	shorttitle = {West {Scandinavian} ditransitives as a family of constructions},
	sortname = {Barddal, Johanna and Kristoffersen, Kristian Emil and Sveen, Andreas},
	title = {{West} {{Scandinavian}} ditransitives as a family of constructions: {With} a special attention to the {{Norwegian}} ``{V}-{{REFL}}-{{NP}}'{Construction}''},
	volume = {49},
	year = {2011}}

@article{Bardal2007,
	author = {Barðdal, Jóhanna},
	doi = {10.1075/fol.14.1.03bar},
	journal = {Functions of Language},
	month = mar,
	number = {1},
	pages = {9--30},
	sortname = {Barddal, Johanna},
	title = {The semantic and lexical range of the ditransitive construction in the history of ({{North}}) {{Germanic}}},
	volume = {14},
	year = {2007}}

@article{Anward1989,
	author = {Anward, Jan},
	journal = {Working Papers in Scandinavian Syntax},
	pages = {15--30},
	title = {Constraints on passives in {{Swedish}} and in {{English}}},
	volume = {44},
	year = {1989}}

@article{Afarli1985,
	author = {Åfarli, Tor A.},
	doi = {10.1017/S0332586500001268},
	journal = {Nordic Journal of Linguistics},
	month = jun,
	number = {1},
	pages = {75--98},
	sortname = {Afarli, Tor A.},
	title = {{Norwegian} verb particle constructions as causative constructions},
	volume = {8},
	year = {1985}}

	
@incollection{Larsson2021Emergence,
    author = {Larsson, Ida},
    title = {On the emergence of auxiliary selection in {Germanic}},
    year = {2021},
    doi = {10.1075/slcs.217.12lar},
    booktitle = {The perfect volume: {Papers} on the perfect},
    publisher = {John Benjamins},
    location = {Amsterdam},
    pages = {292--318},
    series = {Studies in Language Companion Series},
    number = {217}
}

@misc{LarssonLundquist2021,
    author = {Larsson, Ida and Lundquist, Björn},
    year = {2021},
    title = {Argumentskiften: {Variation} förr och nu [Argument shifts: {Variation} before and now]},
    note = {Paper presented at {Svenska} språkets historia 16, {Lund}, 11–12 {November} 2021}
}

@phdthesis{Valdeson2021,
    author = {Valdeson, Fredrik},
    title = {Ditransitives in {Swedish}: {A} usage-based study of the double object construction and semantically equivalent prepositional object constructions 1800–2016},
    school = {Department of Swedish Language and Multilingualism, Stockholm University},
    year = {2021},
    address = {Stockholm},
    url = {http://urn.kb.se/resolve?urn=urn:nbn:se:su:diva-198020}
}
