@book{langsci-current-book, editor = {Angela Bartens and Peter Slomanson and Kristoffer Friis BÃ¸egh}, title = {{New research on circum-Caribbean creoles and language contact}}, year = {2024}, series = {Studies in Caribbean Languages}, number = {6}, location = {Berlin}, publisher = {Language Science Press}, options = {dataonly=true} } 
