@book{langsci-current-book, editor = {Gabriela Bîlbîie and Gerhard Schaden}, title = {{Empirical issues in syntax and semantics}}, subtitle = {{Selected papers from CSSP 2023}},year = {2025}, series = {Empirically Oriented Theoretical Morphology and Syntax}, number = {16}, location = {Berlin}, publisher = {Language Science Press}, options = {dataonly=true} } 
