@inproceedings{jakubivcek2013tenten,
  title={The TenTen corpus family},
  author={Jakub{\'\i}{\v{c}}ek, Milo{\v{s}} and Kilgarriff, Adam and Kov{\'a}{\v{r}}, Vojt{\v{e}}ch and Rychl{\`y}, Pavel and Suchomel, V{\'\i}t},
  booktitle={7th international corpus linguistics conference {CL}},
  pages={125--127},
  year={2013},
  organization={Valladolid}
}

@article{zhan2019北京大学,
  title={{\cn 北京大学} {CCL} {\cn 语料库的研制} [The building of the {CCL} corpus: {Its} design and implementation]},
  author={Zhan, Weidong and Guo, Rui and Chang, Baobao and Chen, Yirong and Chen, Long},
  journal={{\cn 语料库语言学} [Yuliaoku Yuyanxue]},
  volume={6},
  number={1},
  pages={71--86},
  year={2019}
}

@incollection{AbeilleRambow::00,
  author = {Abeillé, Anne and Rambow, Owen},
  editor = {Abeillé, Anne and Rambow, Owen},
  publisher = {CSLI},
  booktitle = {Tree {Adjoining} {Grammars}: {Formalisms}, Linguistic Analyses and Processing},
  date = {2000},
  pages = {1--68},
  title = {Tree {Adjoining} {Grammar}: {An} {Overview}},
}

@book{ar:00,
  editor = {Abeillé, Anne and Rambow, Owen},
  location = {Stanford},
  publisher = {CSLI},
  date = {2000},
  title = {Tree {Adjoining} {Grammars}: formalism, linguistic analysis and processing},
}

@phdthesis{Abney87a,
  author = {Abney, Steven P.},
  school = {MIT},
  date = {1987},
  title = {The {English} Noun Phrase in its Sentential Aspect},
}

@book{Aijmer:2002,
  author = {Aijmer, Karin},
  location = {Amsterdam and Philadelphia},
  publisher = {John Benjamins},
  date = {2002},
  title = {English Discourse Particles: {Evidence} from a Corpus},
}

@book{Aijmer:2013,
  author = {Aijmer, Karin},
  location = {Edinburgh},
  publisher = {Edinburgh University Press},
  date = {2013},
  title = {Understanding Pragmatic Markers: {A} variational pragmatic approach},
}

@incollection{Allegranza98a,
  author = {Allegranza, Valerio},
  editor = {Balari, Sergio and Dini, Luca},
  location = {Stanford, {CA}},
  publisher = {CSLI Publications},
  booktitle = {Romance in {HPSG}},
  date = {1998},
  pages = {55--107},
  title = {Determiners as Functors: {NP} Structure in {Italian}},
}

@book{Allegranza07a,
  author = {Allegranza, Valerio},
  location = {Frankfurt am Main},
  publisher = {Peter Lang},
  date = {2007},
  title = {The Signs of Determination: {Constraint}-Based Modelling Across Languages},
}

@article{anand_hacquard_2013epistemics,
  author = {Anand, Pranav and Hacquard, Valentine},
  date = {2013},
  journaltitle = {Semantics \& Pragmatics},
  number = {8},
  pages = {1--59},
  title = {Epistemics and attitudes},
  doi = {10.3765/sp.6.8},
  volume = {6},
}

@article{anand2022theorize,
  author = {Anand, Pranav and Korotkova, Natasha},
  publisher = {Springer},
  date = {2022},
  journaltitle = {Linguistics and Philosophy},
  number = {3},
  pages = {619--681},
  title = {How to theorize about subjective language: {A} lesson from ‘de re’},
  doi = {10.1007/s10988-021-09331-0},
  volume = {45},
}

@article{Andersen:2007,
  author = {Andersen, Hanne Leth},
  date = {2007},
  journaltitle = {Langue Française},
  langid = {french},
  number = {2},
  pages = {13--28},
  title = {Marqueurs discursifs propositionnels},
  volume = {154},
doi = {10.3917/lf.154.0013},
}

@article{ariel1994interpreting,
  author = {Ariel, Mira},
  publisher = {Cambridge University Press},
  date = {1994},
  doi = {https://doi.org/10.1017/S0022226700016170},
  journaltitle = {Journal of linguistics},
  number = {1},
  pages = {3--42},
  title = {Interpreting anaphoric expressions: {A} cognitive versus a pragmatic approach},
  volume = {30},
}

@article{Arnold&Sadler92a,
  author = {Arnold, Doug J. and Sadler, Louisa},
  date = {1992},
  journaltitle = {Working Papers in Language Processing},
  title = {Noun-Modifying Adjectives in {HPSG}},
  volume = {35},
}

@book{arnold1998reference,
  author = {Arnold, Jennifer E.},
  publisher = {Stanford University},
  date = {1998},
  title = {Reference form and discourse patterns},
}

@article{arnold2010speakers,
  author = {Arnold, Jennifer E.},
  publisher = {Wiley Online Library},
  date = {2010},
  doi = {https://doi.org/10.1111/j.1749-818X.2010.00193.x},
  journaltitle = {Language and Linguistics Compass},
  number = {4},
  pages = {187--203},
  title = {How speakers refer: {The} role of accessibility},
  volume = {4},
}

@article{arnold2001effect,
  author = {Arnold, Jennifer E.},
  publisher = {Taylor \& Francis},
  date = {2001},
  doi = {10.1207/S15326950DP3102_02},
  journaltitle = {Discourse processes},
  number = {2},
  pages = {137--162},
  title = {The effect of thematic roles on pronoun use and frequency of reference continuation},
  volume = {31},
}

@book{asher2011lexical,
  author = {Asher, Nicholas},
  publisher = {Cambridge University Press},
  date = {2011},
  doi = {10.1017/cbo9780511793936},
  title = {Lexical meaning in context: {A} web of words},
}

@article{assmann:etal:23,
  author = {Assmann, Muriel and Büring, Daniel and Jordanoska, Izabela and Prüller, Max},
  date = {2023},
  journaltitle = {Natural Language and Linguistic Theory},
  pages = {1349--1396},
  title = {Towards a theory of morphosyntactic focus marking},
  volume = {41},
doi = {10.1007/s11049-023-09567-4},
}

@book{avram2001gramatica,
  author = {Avram, Mioara},
  location = {Bucureşti},
  publisher = {Humanitas},
  date = {2001},
  edition = {2},
  title = {Gramatica pentru toţi},
}

@inproceedings{babonnaud2016polysemy,
  author = {Babonnaud, William and Kallmeyer, Laura and Osswald, Rainer},
  publisher = {Springer},
  booktitle = {Logical Aspects of Computational Linguistics. {Celebrating} 20 Years of {LACL} (1996--2016) 9th International Conference, {LACL} 2016, {Nancy}, {France}, {December} 5-7, 2016},
  date = {2016},
  doi = {10.1007/978-3-662-53826-5_2},
  pages = {18--33},
  title = {Polysemy and coercion -- {A} frame-based approach using {LTAG} and Hybrid Logic},
}

@article{Bale2019a,
  author = {Bale, Alan and Coon, Jessica and Arcos, Nicholás and López, Nicolás Arcos},
  publisher = {Open Library of Humanities},
  date = {2019},
  journaltitle = {Glossa: {A} Journal of General Linguistics},
  number = {1},
  title = {Classifiers, partitions, and measurements: {Exploring} the syntax and semantics of sortal classifiers},
  volume = {4},
}

@article{balogh:21,
  author = {Balogh, Kata},
  date = {2021},
  journaltitle = {Studies in Language},
  number = {2},
  pages = {428--469},
  title = {Additive particle uses in {Hungarian}: {A} {Role} and {Reference} {Grammar} account},
  volume = {45},
doi = {10.1075/sl.19034.bal},
}



@incollection{balogh:osswald:20,
  author = {Balogh, Kata and Osswald, Rainer},
  editor = {Löbner, Sebastian and Gamerschlag, Thomas and Kalenscher, Tobias and Schrenk, Markus and Zeevat, Henk},
  publisher = {Springer},
  booktitle = {Concepts, {Frames} and {Cascades} in {Semantics}, {Cognition} and {Ontology}},
  date = {2021},
  pages = {219--237},
  title = {A Frame-Based Analysis of Verbal Particles in {Hungarian}},
}

@article{barker_2013,
  author = {Barker, Chris},
  publisher = {Taylor \& Francis},
  date = {2013},
  ids = {chris_barker_246cff97},
  issn = {0020-174X},
  journaltitle = {Inquiry},
  number = {2-3},
  pages = {240--257},
  title = {Negotiating taste},
  doi = {10.1080/0020174X.2013.784482},
  volume = {56},
}

@incollection{barker2019,
  title = {Possessives and Relational Nouns},
  booktitle = {Semantics: {Noun} Phrases and Verb Phrases},
  author = {Barker, Chris},
  editor = {Portner, Paul and von Heusinger, Klaus and Maienborn, Claudia},
  date = {2019},
  series = {Handbooks to Semantics},
  number = {4},
  pages = {177--203},
  publisher = {de Gruyter},
  location = {Berlin, Boston}
}

@incollection{barsalou:92,
  author = {Barsalou, Lawrence W.},
  editor = {Lehrer, Adrienne and Kittay, Eva Feder},
  location = {Hillsdale},
  publisher = {Lawrence Erlbaum},
  booktitle = {Frames, fields, and contrasts: {New} essays in semantic and lexical organization},
  date = {1992},
  pages = {21--74},
  title = {Frames, concepts, and conceptual fields},
}

@article{bates2015package,
  author = {Bates, Douglas and Mächler, Martin and Bolker, Ben and Walker, Steve},
  date = {2015},
  doi = {10.18637/jss.v067.i01},
  journaltitle = {Journal of Statistical Software},
  number = {1},
  pages = {1--48},
  title = {Fitting Linear Mixed-Effects Models Using `lme4'},
  volume = {67},
}

@book{Beeching:2016,
  author = {Beeching, Kate},
  location = {Cambridge},
  publisher = {Cambridge University Press},
  date = {2016},
  title = {Pragmatic Markers in {British} {English}: {Meaning} in Social Interaction},
}

@article{belletti_psych-verbs_1988,
  author = {Belletti, Adriana and Rizzi, Luigi},
  date = {1988},
  doi = {10.1007/BF00133902},
  journaltitle = {Natural Language \& Linguistic Theory},
  number = {3},
  pages = {291--352},
  title = {Psych-verbs and θ-theory},
  volume = {6},
}

@inproceedings{Ben&Sie04,
  author = {Bender, Emily M. and Siegel, Melanie},
  location = {Berlin},
  publisher = {Springer},
  booktitle = {International {Conference} on {Natural Language Processing}},
  date = {2004},
  title = {Implementing the syntax of {Japanese} numeral classifiers},
}

@incollection{bentley:08,
  author = {Bentley, Delia},
  editor = {Van Valin, Jr., Robert D.},
  location = {Amsterdam},
  publisher = {John Benjamins},
  booktitle = {Investigations of the Syntax-Semantics-Pragmatics Interface},
  date = {2008},
  pages = {263--284},
  title = {The interplay of focus structure and syntax: Evidence from two sister languages},
}

@incollection{bentley:23,
  author = {Bentley, Delia},
  editor = {Bentley, Delia and Mairal Usón, Ricardo and Nakamura, Wataru and Van Valin, Jr., Robert D.},
  location = {Cambridge},
  publisher = {Cambridge University Press},
  booktitle = {The {Cambridge} Handbook of {Role} and {Reference} {Grammar}},
  date = {2023},
  pages = {456--487},
  title = {The {RRG} Approach to Information Structure},
}

@book{Bentley/Mairal/Nakamura/VanValin:2023,
  editor = {Bentley, Delia and Mairal, Ricardo and Nakamura, Wataru and {Van Valin}, Jr., Robert D.},
  location = {Cambridge},
  publisher = {Cambridge University Press},
  date = {2023},
  doi = {10.1017/9781316418086},
  series = {Cambridge Handbooks in Language and Linguistics},
  title = {The {Cambridge} {Handbook} of {Role} and {Reference} {Grammar}},
}

@article{Berrendonner:1993,
  author = {Berrendonner, Alain},
  date = {1993},
  journaltitle = {Cahiers de Linguistique Française},
  langid = {french},
  number = {5},
  pages = {215--246},
  title = {``{Connecteurs} pragmatiques'' et anaphore},
}

@inproceedings{beyssade2006speech,
  author = {Beyssade, Claire and Marandin, Jean-Marie},
  editor = {Bonami, Oliver and Cabredo Hofherr, Patricia},
  booktitle = {Empirical {Issues} in {Syntax} and {Semantics}},
  date = {2006},
  langid = {english},
  pages = {37--68},
  title = {The Speech Act Assignment Problem Revisited: {Disentangling} Speaker’s Commitment from speaker’s Call on Addressee},
  volume = {6},
}

@article{bhadra2020semantics,
  author = {Bhadra, Diti},
  date = {2020-08-13},
  doi = {10.1093/jos/ffaa003},
  issn = {0167-5133},
  journaltitle = {Journal of Semantics},
  number = {3},
  pages = {367--423},
  shortjournal = {Journal of Semantics},
  title = {The Semantics of Evidentials in Questions},
  volume = {37},
}


@incollection{bolinger1978yes,
  author = {Bolinger, Dwight},
  editor = {Hiż, Henry},
  publisher = {Springer},
  booktitle = {Questions},
  date = {1978},
  pages = {87--105},
  title = {Yes-no questions are not alternative questions},
}

@inproceedings{Bond&Paik00a,
  author = {Bond, Francis and Paik, Kyonghee},
  booktitle = {{COLING} 2000 Volume 1: {The} 18th {Conference} on {Computational Linguistics}},
  date = {2000},
  doi = {10.3115/990820.990834},
  ids = {bond-paik-2000},
  pages = {90--96},
  title = {Reusing an Ontology to Generate Numeral Classifiers},
}

@inproceedings{Boskovic08a,
  author = {Bošković, Željko},
  editor = {Elfner, Emily and Walkow, Martin},
  publisher = {{University} of {Massachussetts} {Press}},
  booktitle = {{NELS} 37: {Proceedings} of the {Thirty-Seventh Annual Meeting} of the {North East Linguistic Society}},
  date = {2007},
  ids = {boskovic2008will},
  pages = {101--114},
  title = {What Will You Have, {DP} or {NP}?},
  volume = {1},
}

@inproceedings{Boskovic&Gajewski11a,
  author = {Bošković, Željko and Gajewski, Jon},
  editor = {Lima, Suzi and Mullin, Kevin and Smith, Brian W.},
  publisher = {{University} of {Massachussetts} {Press}},
  booktitle = {{NELS} 39: {Proceedings} of the {Thirty-Ninth Annual Meeting} of the {N}orth {E}ast {L}inguistic {S}ociety},
  date = {2011},
  ids = {bovskovic2011semantic,Bovskovic&Gajewski11a,BovskovicCo2011a},
  pages = {121--134},
  title = {Semantic Correlates of the {NP/DP} Parameter},
}

@article{Bovskovic&Co13a,
  author = {Bošković, Željko and Hsieh, I and Chris, Ta},
  date = {2013},
  ids = {bovskovic2013word},
  journaltitle = {Studies in Polish Linguistics},
  pages = {173--204},
  title = {On Word Order, Binding Relations, and Plurality in {Chinese} Noun Phrases},
  volume = {8},
}

@article{bott2023production,
  author = {Bott, Oliver and Solstad, Torgrim},
  publisher = {SAGE Publications Sage UK: London, England},
  date = {2023},
  doi = {10.1177/17470218231157268},
  journaltitle = {Quarterly Journal of Experimental Psychology},
  number = {10},
  pages = {2256--2284},
  title = {The production of referring expressions is influenced by the likelihood of next mention},
  volume = {76},
}

@phdthesis{bouchard_thesis_2012,
  author = {Bouchard, David-Étienne},
  school = {McGill University},
  date = {2012},
  title = {Long-distance degree quantification and the grammar of subjectivity},
}

@book{bouchard_semantics_1995,
  author = {Bouchard, Denis},
  location = {Chicago, IL},
  publisher = {The University of Chicago Press},
  date = {1995},
  title = {The Semantics of Syntax: {A} Minimalist Approach to Grammar},
}

@article{Bouma88a,
  author = {Bouma, Gosse},
  date = {1988},
  doi = {10.1515/ling.1988.26.1.21},
  journaltitle = {Linguistics},
  pages = {21--46},
  title = {Modifiers and specifiers in {Categorial} {Unification} {Grammar}},
  volume = {26},
}

@book{Brinton:1996,
  author = {Brinton, Laurel J.},
  location = {Berlin and New York},
  publisher = {Mouton de Gruyter},
  doi = {10.1515/9783110907582},
  date = {1996},
  title = {Pragmatic Markers in {English}: {Grammaticalization} and Discourse Functions},
}

@book{Brinton:2008,
  author = {Brinton, Laurel J.},
  location = {Cambridge},
  publisher = {Cambridge University Press},
  date = {2008},
  title = {The Comment Clause in {English}: {Syntactic} Origins and Pragmatic Development},
}

@inproceedings{Bruening09a,
  author = {Bruening, Benjamin},
  editor = {MacKenzie, Laurel},
  location = {Pennsylvania},
  publisher = {University of Pennsylvania},
  booktitle = {Proceedings of the 32nd Annual {P}enn {L}inguistics {C}olloquium},
  date = {2009},
  number = {15.1},
  pages = {26--35},
  series = {Penn Working Papers in Linguistics},
  title = {Selectional Asymmetries between {CP} and {DP} Suggest that the {DP} Hypothesis is Wrong},
}

@article{Bruening20a,
  author = {Bruening, Benjamin},
  date = {2020},
  doi = {10.5334/gjgl.1031},
  journaltitle = {Glossa: {A} Journal of General Linguistics},
  number = {1},
  pages = {1--19},
  title = {The Head of the Nominal is {N}, not {D}: {N}-to-{D} Movement, Hybrid Agreement, and Conventionalized Expressions},
  volume = {5},
}

@incollection{buring:06,
  author = {Büring, Daniel},
  editor = {Molnár, Valéria and Winkler, Susanne},
  publisher = {De Gruyter Mouton},
  booktitle = {The Architecture of Focus},
  date = {2006},
  pages = {321--346},
  title = {Focus projection and default prominence},
}

@incollection{buring:15,
  author = {Büring, Daniel},
  editor = {D'Antonio, Sarah and Moroney, Mary and Little, Carol Rose},
  publisher = {},
  booktitle = {Proceedings of the 25th {Semantics} and {Linguistic} {Theory} Conference},
  date = {2015},
  pages = {550--575},
  title = {Unalternative semantics},
}

@article{buring:16,
  author = {Büring, Daniel},
  date = {2016},
  journaltitle = {Linguistica},
  number = {1},
  pages = {67--82},
  title = {Discontinuous foci and unalternative semantics},
  volume = {56},
doi ={10.4312/linguistica.56.1.67-82},
}

@incollection{buring:19,
  author = {Büring, Daniel},
  editor = {Zimmermann, Malte and von Heusinger, Klaus and Onea, Edgar},
  location = {Leiden/Boston},
  publisher = {Brill},
  booktitle = {Questions in Discourse},
  date = {2019},
  pages = {6--44},
  title = {Focus, Questions and Givenness},
  volume = {2},
}

@article{burkner_brms_2017,
  author = {Bürkner, Paul-Christian},
  date = {2017},
  doi = {10.18637/jss.v080.i01},
  journaltitle = {Journal of Statistical Software},
  number = {1},
  title = {Brms: {An} {R} package for {Bayesian} multilevel models using {Stan}},
  volume = {80},
}

@article{buerkner_ordinal_2019,
  author = {Bürkner, Paul-Christian and Vuorre, Matti},
  date = {2019},
  doi = {10.1177/2515245918823199},
  journaltitle = {Advances in Methods and Practices in Psychological Science},
  number = {1},
  pages = {77--101},
  title = {{Ordinal} Regression Models in Psychology: {A} Tutorial},
  volume = {2},
}

@article{burmester2018sensitivity,
  author = {Burmester, Juliane and Sauermann, Antje and Spalek, Katharina and Wartenburger, Isabell},
  publisher = {Taylor \& Francis},
  date = {2018},
  doi = {10.1080/23273798.2018.1428758},
  journaltitle = {Language, Cognition and Neuroscience},
  number = {6},
  pages = {784--801},
  title = {Sensitivity to salience: {Linguistic} vs. visual cues affect sentence processing and pronoun resolution},
  volume = {33},
}

@incollection{butt:king:96,
  author = {Butt, Miriam and King, Tracy Holloway},
  editor = {Butt, Miriam and King, Tracy Holloway},
  location = {Stanford},
  publisher = {CSLI Publications},
  booktitle = {Proceedings of the {First} {Annual} {L}{F}{G} {Conference}},
  date = {1996},
  title = {Structural {Topic} and {Focus} without {Movement}},
}

@phdthesis{bylinina_thesis_2014,
  author = {Bylinina, Lisa},
  school = {Netherlands Graduate School of Linguistics},
  date = {2014},
  isbn = {94-6093-130-8},
  title = {The grammar of standards: {Judge}-dependence, purpose-relativity, and comparison classes in degree constructions},
}

@article{cacciari2011pronoun,
  author = {Cacciari, Cristina and Corradini, Paola and Padovani, Roberto and Carreiras, Manuel},
  publisher = {Taylor \& Francis},
  date = {2011},
  doi = {10.1080/20445911.2011.526599},
  journaltitle = {Journal of Cognitive Psychology},
  number = {4},
  pages = {416--434},
  title = {Pronoun resolution in {Italian}: {The} role of grammatical gender and context},
  volume = {23},
}

@article{cancado_exceptional_1999,
  author = {Cançado, Márcia and Franchi, Carlos},
  date = {1999},
  journaltitle = {Linguistic Inquiry},
  pages = {133--143},
  title = {Exceptional binding with psych-verbs?},
  doi = {10.1162/002438999553995},
  volume = {30},
}

@article{caramazza1977comprehension,
  author = {Caramazza, Alfonso and Grober, Ellen and Garvey, Catherine and Yates, Jack},
  publisher = {Elsevier},
  date = {1977},
  doi = {https://doi.org/10.1016/S0022-5371(77)80022-4},
  journaltitle = {Journal of Verbal Learning and Verbal Behavior},
  number = {5},
  pages = {601--609},
  title = {Comprehension of anaphoric pronouns},
  volume = {16},
}

@incollection{CarianiandRips:2023,
  author = {Cariani, Fabrizio and Rips, Lance J.},
  editor = {Kaufmann, Stefan and Over, David E. and Sharma, Ghanshyam},
  location = {Cham},
  publisher = {Palgrave Macmillan},
  booktitle = {Conditionals: {Logic}, Linguistics and Psychology},
  date = {2023},
  pages = {235--274},
  title = {Experimenting with (Conditional) Perfection: {Tests} of the Exhaustivity Theory},
}

@book{carminati2002processing,
  author = {Carminati, Maria Nella},
  publisher = {University of Massachusetts Amherst},
  date = {2002},
  title = {The processing of {Italian} subject pronouns},
}

@incollection{carpenter1994skeptical,
  author = {Carpenter, Bob},
  editor = {Briscoe, Ted and Copestake, Ann and de Paiva, Valeria},
  publisher = {Cambridge University Press},
  booktitle = {Inheritance, defaults and the lexicon},
  date = {1994},
  doi = {10.1017/cbo9780511663642.002},
  pages = {13--37},
  title = {Skeptical and credulous default unification with applications to templates and inheritance},
}

@incollection{chafe1996inferring,
  author = {Chafe, Wallace},
  editor = {Fretheim, Thorstein and Gundel, Jeanette K.},
  location = {Amsterdam},
  publisher = {John Benjamins Publishing Company},
  booktitle = {Reference and referent accessibility},
  date = {1996},
  pages = {37--46},
  title = {Inferring identifiability and accessibility},
}

@article{chamorro2018offline,
  author = {Chamorro, Gloria},
  publisher = {Ubiquity Press},
  date = {2018},
  doi = {https://doi.org/10.5334/gjgl.256},
  journaltitle = {Glossa: a journal of general linguistics},
  number = {1},
  title = {Offline interpretation of subject pronouns by native speakers of {Spanish}},
  volume = {3},
}

@book{Chao68a,
  author = {Chao, Yuen Ren},
  location = {Berkeley},
  publisher = {University of California Press},
  date = {1968},
  ids = {ChaoY68a,b28cb018b02e49a5beff6b274892c5d9},
  title = {A Grammar of Spoken {Chinese}},
}

@book{Chao11a,
  author = {Chao, Yuen Ren},
  location = {Beijing},
  publisher = {Shangwu yinshuguan [{The Commercial Press}]},
  date = {2011},
  ids = {chao11a},
  related = {b28cb018b02e49a5beff6b274892c5d9},
  relatedtype = {translation},
  title = {A Grammar of Spoken {Chinese}},
}

@unpublished{charlow2021experiential,
  author = {Charlow, Nate},
  date = {2023},
  note = {Ms., University of Toronto},
  title = {Experiential content},
}

@inproceedings{chatzikyriakidis2015individuation,
  author = {Chatzikyriakidis, Stergios and Luo, Zhaohui},
  booktitle = {Proceedings of the 14th Meeting on the {Mathematics} of {Language} ({MoL} 2015)},
  date = {2015},
  doi = {10.3115/v1/w15-2304},
  pages = {39--50},
  title = {Individuation Criteria, Dot-types and Copredication: {A} View from Modern Type Theories},
}

@inproceedings{chen2022frame,
  author = {Chen, Long and Kallmeyer, Laura and Osswald, Rainer},
  editor = {Zock, Michael and Chersoni, Emmanuele and Hsu, Yu-Yin and Santus, Enrico},
  booktitle = {Proceedings of the {W}orkshop on {C}ognitive {A}spects of the {L}exicon},
  date = {2022},
  pages = {58--67},
  title = {A Frame-Based Model of Inherent Polysemy, Copredication and Argument Coercion},
}



@article{Cheng&Sybesma99a,
  author = {Cheng, Lisa Lai-Shen and Sybesma, Rint},
  publisher = {The {MIT} Press},
  date = {1999},
  ids = {cheng1999bare},
  journaltitle = {Linguistic Inquiry},
  number = {4},
  pages = {509--542},
  title = {Bare and Not-so-bare Nouns and the Structure of {NP}},
  volume = {30},
}

@article{cheung_psych_2015,
  author = {Cheung, Candice Chi-Hang and Larson, Richard K.},
  date = {2015},
  doi = {10.1007/s11049-014-9259-3},
  issn = {1573-0859},
  journaltitle = {Natural Language \& Linguistic Theory},
  number = {1},
  pages = {127--189},
  title = {Psych verbs in {English} and {Mandarin}},
  volume = {33},
}

@article{Chierchia98a,
  author = {Chierchia, Gennaro},
  publisher = {Springer},
  date = {1998},
  doi = {10.1023/A:1008324218506},
  ids = {chierchia1998reference},
  journaltitle = {Natural Language Semantics},
  pages = {339--405},
  title = {Reference to Kinds across Languages},
  volume = {6},
}

@incollection{Chomsky1970a,
  author = {Chomsky, Noam},
  editor = {Jacobs, Roderick A. and Rosenbaum, Peter S.},
  location = {Waltham, Massachusetts},
  publisher = {Ginn},
  booktitle = {Readings in {English} {Transformational} {Grammar}},
  date = {1970},
  pages = {184--221},
  title = {Remarks on Nominalization},
}

@incollection{chomsky:71,
  author = {Chomsky, Noam},
  editor = {Steinberg, Danny and Jakobovits, Leon A.},
  location = {Cambridge},
  publisher = {Cambridge University Press},
  booktitle = {Semantics: {A}n Interdisciplinary Reader in Philosophy, Linguistics, and Psychology},
  date = {1971},
  title = {Deep Structure, Surface Structure, and Semantic Interpretation},
pages = {183--216},
}

@incollection{Chomsky07a,
  author = {Chomsky, Noam},
  editor = {Sauerland, Uli and Gärtner, Hans-Martin},
  location = {Berlin},
  publisher = {De Gruyter},
  booktitle = {Interfaces + Recursion = Language?: {Chomsky}'s {Minimalism} and the View from Syntax-Semantics},
  date = {2007},
  doi = {10.1515/9783110207552},
  number = {89},
  pages = {1--30},
  series = {Studies in Generative Grammar},
  title = {Approaching {UG} from Below},
}

@article{Chomsky&Co19b,
  author = {Chomsky, Noam and Gallego, Ángel J. and Ott, Dennis},
  date = {2019},
  doi = {10.5565/rev/catjl.288},
  journaltitle = {Catalan Journal of Linguistics},
  pages = {229--261},
  title = {Generative Grammar and the Faculty of Language: {Insights}, Questions, and Challenges},
  volume = {Special Issue: {Generative} Syntax. {Questions}, Crossroads, and Challenges},
}

@manual{christiansen_ordinal_2023,
  author = {Christensen, Rune H. B.},
  date = {2023},
  note = {R package version 2023.12-4},
  title = {Ordinal---Regression Models for Ordinal Data},
}

@article{ciardelli2013inquisitive,
  author = {Ciardelli, Ivano and Groenendijk, Jeroen and Roelofsen, Floris},
  date = {2013},
  doi = {10.1111/lnc3.12037},
  issn = {1749-818X},
  journaltitle = {Language and Linguistics Compass},
  langid = {english},
  number = {9},
  pages = {459--476},
  shorttitle = {Inquisitive {{Semantics}}},
  title = {Inquisitive Semantics: {A} New Notion of Meaning},
  volume = {7},
}

@book{ciardelli2018inquisitive,
  author = {Ciardelli, Ivano and Groenendijk, Jeroen and Roelofsen, Floris},
  publisher = {Oxford University Press},
  date = {2018},
  doi = {10.1093/oso/9780198814788.001.0001},
  isbn = {978-0-19-881478-8},
  langid = {english},
  title = {Inquisitive Semantics},
}

@article{Cinque05b,
  author = {Cinque, Guglielmo},
  date = {2005},
  doi = {10.1162/0024389054396917},
  ids = {cinque2005deriving},
  journaltitle = {Linguistic Inquiry},
  number = {3},
  pages = {315--332},
  title = {Deriving {Greenberg}'s {Universal} 20 and Its Exceptions},
  volume = {36},
}

@book{Cinque10a,
  author = {Cinque, Guglielmo},
  location = {Cambridge, MA},
  publisher = {The {MIT} Press},
  date = {2010},
  doi = {10.7551/mitpress/9780262014168.001.0001},
  ids = {cinque2010the-syntax},
  title = {The Syntax of Adjectives: {A} Comparative Study},
}

@book{Cinque23a,
  author = {Cinque, Guglielmo},
  location = {Cambridge, MA},
  publisher = {MIT Press},
  date = {2023},
  title = {On linearization: {Toward} a restrictive theory},
}

@article{colonna2018effects,
  author = {Colonna, Saveria and Schimke, Sarah and de la Fuente, Israel and Kuck, Sascha and Hemforth, Barbara},
  publisher = {De Gruyter},
  date = {2018},
  doi = {10.1515/lingvan-2016-0093},
  journaltitle = {Linguistics Vanguard},
  number = {S1},
  pages = {20160093},
  title = {Effects of exposure and information structure in native and non-native pronoun resolution in {French}},
  volume = {4},
}

@article{colonna2012information,
  author = {Colonna, Saveria and Schimke, Sarah and Hemforth, Barbara},
  publisher = {De Gruyter Mouton},
  date = {2012},
  doi = {https://doi.org/10.1515/ling-2012-0031},
  journaltitle = {Linguistics},
  number = {5},
  pages = {991--1013},
  title = {Information structure effects on anaphora resolution in {German} and {French}: {A} crosslinguistic study of pronoun resolution},
  volume = {50},
}

@incollection{CombettesandDargnat:2024,
  author = {Combettes, Bernard and Dargnat, Mathilde},
  editor = {Ortner, Sebastian and Schmerbeck, Maximilian and Dekens, Carine Skupiens},
  location = {Paris},
  publisher = {Classiques Garnier},
  booktitle = {Le français préclassique: {Spécificités} et tendances},
  date = {2024},
  langid = {french},
  title = {Le temps du changement: {De} la temporalité à l'opposition ou à la causalité en français préclassique},
}

@inproceedings{condoravdi2012imperatives,
  author = {Condoravdi, Cleo and Lauer, Sven},
  editor = {Piñón, Christopher},
  booktitle = {Empirical Issues in Syntax and Semantics},
  date = {2012},
  langid = {english},
  pages = {37--58},
  title = {Imperatives: {Meaning} and Illocutionary Force},
  volume = {9},
}

@article{contemori2021microvariation,
  author = {Contemori, Carla and Di Domenico, Elisa},
  publisher = {Cambridge University Press},
  date = {2021},
  doi = {https://doi.org/10.1017/S0142716421000199},
  journaltitle = {Applied Psycholinguistics},
  number = {4},
  pages = {997--1028},
  title = {Microvariation in the division of labor between null-and overt-subject pronouns: {The} case of {Italian} and {Spanish}},
  volume = {42},
}

@book{Cooper:2023,
  author = {Cooper, Robin},
  location = {Oxford},
  publisher = {Oxford University Press},
  date = {2023},
  title = {From Perception to Communication. {A} Theory of Types for Action and Meaning},
}

@article{coppock_2018,
  author = {Coppock, Elizabeth},
  publisher = {Springer},
  date = {2018},
  issn = {1573-0549},
  journaltitle = {Linguistics and Philosophy},
  number = {2},
  pages = {125--164},
  title = {Outlook-based semantics},
  doi = {10.1007/s10988-017-9222-y},
  volume = {41},
}

@inproceedings{costa2004semantic,
  author = {Costa, Armanda and Faria, Isabel Hub and Kail, Michèle},
editor = {Branco, Ant\'onio and McEnery, Tony and Mitkov, Ruslan},  
booktitle = {{DAARC} 2004, {Proceedings} of 5th {Discourse} {Anaphora} {Resolution} {Colloquium}},
  date = {2004},
  pages = {45--50},
  title = {Semantic and syntactic cues’ interaction on pronoun resolution in {European} {Portuguese}},
location = {Lisboa},
  publisher = {Ed. Colibri},
}

@article{Crabbe/etal:2013,
  author = {Crabbé, Benoit and Duchier, Denys and Gardent, Claire and {Le Roux}, Joseph and Parmentier, Yannick},
  date = {2013},
  doi = {10.1162/coli_a_00144},
  journaltitle = {Computational Linguistics},
  number = {3},
  pages = {591--629},
  title = {{XMG}: {eXtensible} {MetaGrammar}},
  volume = {39},
}

@article{crawley1990use,
  author = {Crawley, Rosalind A. and Stevenson, Rosemary J. and Kleinman, David},
  publisher = {Springer},
  date = {1990},
  doi = {10.1007/BF01077259},
  journaltitle = {Journal of Psycholinguistic Research},
  pages = {245--264},
  title = {The use of heuristic strategies in the interpretation of pronouns},
  volume = {19},
}

@article{crespo2019tasting,
  author = {Crespo, Inés and Veltman, Frank},
  publisher = {Springer},
  date = {2019},
  journaltitle = {Linguistics and Philosophy},
  number = {6},
  pages = {617--653},
  title = {Tasting and testing},
  doi = {10.1007/s10988-019-09260-z},
  volume = {42},
}

@incollection{Crible:2017,
  author = {Crible, Ludivine},
  editor = {Fedriani, Chiara and Sansò, Andrea},
  location = {Amsterdam and Philadelphia},
  publisher = {John Benjamins},
  booktitle = {Pragmatic Markers, Discourse Markers and Modal Particles: {N}ew perspectives},
  date = {2017},
  title = {Towards an operational category of discourse markers: {A} definition and its model},
pages = {99--124},
}

@book{Crible:2018,
  author = {Crible, Ludivine},
  location = {Amsterdam},
  publisher = {John Benjamins},
  date = {2018},
  title = {Discourse Markers and (Dis)fluency: {Forms} and functions across languages and registers},
}

@article{CribleDeGand:2019,
  author = {Crible, Ludivine and Degand, Liesbeth},
  date = {2019},
  journaltitle = {Discours},
  title = {Domains and functions: {A} two-dimensional account of discourse markers},
  volume = {24},
pages = {1--37},
	doi = {10.4000/discours.9997},

}

@inbook{CrupiandTentori:2016,
  author = {Crupi, Vincenzo and Tentori, Katya},
  editor = {Hájek, Alan and Hitchcock, Cristopher},
  location = {Oxford},
  publisher = {Oxford University Press},
  booktitle = {The Oxford handbook of probability and philosophy},
  chapter = {30},
  date = {2016},
  pages = {650--665},
  title = {Confirmation Theory},
}

@book{d1973some,
  author = {d'Arcais, Giovanni B. Flores},
  publisher = {University of Leiden},
  date = {1973},
  title = {Some perceptual determinants of sentence construction},
}

@book{dalrymple:etal:19,
  author = {Dalrymple, Mary and Lowe, John J. and Mycock, Louise},
  location = {Oxford},
  publisher = {Oxford University Press},
  date = {2019},
  title = {The {Oxford} Reference Guide to {Lexical} {Functional} {Grammar}},
}

@book{dalrymple:nikolaeva:11,
  author = {Dalrymple, Mary and Nikolaeva, Irina},
  location = {Cambridge},
  publisher = {Cambridge University Press},
  date = {2011},
  series = {Cambridge studies in linguistics 131},
  title = {Objects and {Information} {Structure}},
}

@book{Dancygier:1998,
  author = {Dancygier, Barbara},
  location = {Cambridge},
publisher = {Cambridge University Press},
  date = {1998},
  title = {Conditionals and Prediction: {Time}, Knowledge and Causation in Conditional Constructions},
}

@incollection{Dargnat:2024,
  author = {Dargnat, Mathilde},
  doi = {10.34847/nkl.485f76mm},
  date = {2024},
  langid = {french},
  booktitle = {Encyclopédie Grammaticale du Français},
  title = {Les particules énonciatives},
}

@incollection{DargnatandJayez:2020,
  author = {Dargnat, Mathilde and Jayez, Jacques},
  editor = {Abeillé, Anne and Bonami, Olivier},
  location = {Stanford},
  publisher = {CSLI Publications},
  booktitle = {Constraint-Based Syntax and Semantics: {Papers} in Honor of {Danièle} {Godard}},
  date = {2020},
  pages = {99--121},
  title = {Presupposition projection and main content},
}

@incollection{HPSG:2021,
  author = {Davis, Anthony and Koenig, Jean-Pierre},
  editor = {Müller, Stefan and Abeillé, Anne and Borsley, Robert D. and Koenig, Jean-Pierre},
  location = {Berlin},
  publisher = {Language Science Press},
  crossref = {HPSGHandbook-1}, 
  date = {2021},
  pages = {125--176},
  doi = {10.5281/zenodo.5599824}, 
  title = {The nature and role of the lexicon in {HPSG}},
}

@book{HPSGHandbook-1,
    address = {Berlin},
    booktitle = {{Head-Driven Phrase Structure Grammar: The} Handbook},
    checked = {stmue 2021},
    date-added = {2024-10-22 09:47:05 +0200},
    date-modified = {2024-10-22 09:47:16 +0200},
    doi = {10.5281/zenodo.5543318},
    editor = {Stefan Müller and Anne Abeillé and Borsley, Robert D. and Jean-Pierre Koenig},
    number = {9},
    publisher = {Language Science Press},
    series = {Empirically Oriented Theoretical Morphology and Syntax},
    title = {{Head-Driven Phrase Structure Grammar: The} Handbook},
    year = {2021}} 

@inproceedings{de2013effects,
  author = {de la Fuente, Israel and Hemforth, Barbara},  
booktitle = {Selected {P}roceedings of the 16th {Hispanic} {Linguistics} {Symposium}},
editor = {Cabrelli Amaro, Jennifer and Lord, Gillian and Pérez, Ana de Prada and Aaron, Jessi Elana},  
date = {2013},
  pages = {27--45},
  title = {Effects of clefting and left-dislocation on subject and object pronoun resolution in {S}panish},
location = {Somerville, MA},
  publisher = {Cascadilla Proceedings Project},
}

@article{Debaisieux:2004,
  author = {Debaisieux, Jeanne-Marie},
  date = {2004},
  journaltitle = {Revue de Sémantique et Pragmatique},
  langid = {french},
  pages = {51--67},
  title = {Les conjonctions de subordination: {Mots} de grammaire ou mots du discours? {Le} cas de \textit{parce que}},
  volume = {15--16},
}

@incollection{Degand:2014,
  author = {Degand, Liesbeth},
  editor = {Beeching, Kate and Detges, Ulrich},
  location = {Leiden},
  publisher = {Brill},
  booktitle = {Discourse Functions at the Left and Right Periphery: {C}rosslinguistic Investigations of Language Use and Language Change},
  date = {2014},
  pages = {151--178},
  title = {`{S}o very fast then' {Discourse} Markers at Left and Right Periphery in Spoken {French}},
}

@article{deleeuw2015,
  author = {de Leeuw, Joshua R.},
  date = {2015},
  doi = {10.3758/s13428-014-0458-y},
  journaltitle = {Behavior Research Methods},
  number = {1},
  pages = {1--12},
  title = {{jsPsych}: {A} JavaScript library for creating behavioral experiments in a Web browser},
  volume = {47},
}

@article{demberg2023systematic,
  author = {Demberg, Vera and Kravtchenko, Ekaterina and Loy, Jia E.},
  publisher = {Elsevier},
  date = {2023},
  doi = {10.1016/j.jml.2023.104413},
  journaltitle = {Journal of Memory and Language},
  pages = {104413},
  title = {A systematic evaluation of factors affecting referring expression choice in passage completion tasks},
  volume = {130},
}

@phdthesis{Despic2011a,
  author = {Despić, Miloje},
  school = {University of Connecticut},
  address = {Storrs},
  year = {2011},
  title = {Syntax in the Absence of Determiner Phrase},
}

@book{Diessel:2023,
  author = {Diessel, Holger},
  location = {Cambridge},
  publisher = {Cambridge University Press},
  date = {2023},
  title = {The Constructicon: {Taxonomies} and Networks},
}

@inproceedings{diewald_korap_2016,
  author = {Diewald, Nils and Hanl, Michael and Margaretha, Eliza and Bingel, Joachim and Kupietz, Marc and Bański, Piotr and Witt, Andreas},
  location = {Portorož/Paris},
  publisher = {European Language Resources Association (ELRA)},
  booktitle = {Proceedings of the 10th International Conference on Language Resources and Evaluation ({LREC} 2016)},
  date = {2016},
  pages = {3586--3591},
  title = {{KorAP} architecture: {Diving} in the Deep Sea of Corpus Data},
}

@book{dobrovie2013reference,
  author = {Dobrovie-Sorin, Carmen and Giurgea, Ion},
  publisher = {John Benjamins Publishing},
  date = {2013},
  doi = {https://doi.org/10.1075/la.207},
  title = {A reference grammar of {Romanian}: {Volume 1}: {The} noun phrase},
  volume = {207},
}

@book{Dostie:2004,
  author = {Dostie, Gaëtane},
  location = {Liège},
  publisher = {De Boeck/Duculot},
  date = {2004},
  langid = {french},
  title = {Pragmaticalisation et marqueurs discursifs: {Analyse} sémantique et traitement lexicographique},
}

@book{dowty:79,
  author = {Dowty, David},
  location = {Dordrecht},
  publisher = {Reidel},
  date = {1979},
  title = {Word meaning and {Montague} {Grammar}},
}

@phdthesis{duarte1996perda,
  author = {Duarte, Maria Eugênia Lamoglia},
  year = {1995},
  title = {A perda do princípio `evite pronome' no português brasileiro},
school = {Universidade Estadual de Campinas},
address ={Brazil},
  
}

@incollection{duarte2000loss,
  author = {Duarte, Maria Eugênia Lamoglia},
  editor = {Kato, Mary Aizawa and Negrão, Esmeralda Vailati},
  location = {Frankfurt a. M./Madrid},
  publisher = {Vervuert Verlagsgesellschaft},
  booktitle = {Brazilian {Portuguese} and the null subject parameter},
  date = {2000},
  pages = {17--36},
  title = {The loss of the `avoid pronoun' principle in {Brazilian} {Portuguese}},
}

@article{ellsiepen_constraints_2018,
  author = {Ellsiepen, Emilia and Bader, Markus},
  date = {2018},
  doi = {10.5334/gjgl.258},
  journaltitle = {Glossa},
  number = {1},
  pages = {1--36},
  title = {Constraints on Argument Linearization in {German}},
  volume = {3},
}

@book{es:07,
  author = {Erteschik-Shir, Nomi},
  location = {Oxford},
  publisher = {Oxford University Press},
  date = {2007},
  title = {Information Structure: {The} Syntax-Discourse Interface},
}

@article{FagardandCharolles:2018,
  author = {Fagard, Benjamin and Charolles, Michel},
  date = {2018},
  journaltitle = {Journal of French Language Studies},
  langid = {french},
  number = {3},
  pages = {351--375},
  title = {\textit{Ailleurs}, \textit{d’ailleurs}, \textit{par ailleurs}: De l’espace à l’humain, de l’humain au discours},
  volume = {28},
doi = {10.1017/S0959269517000266},
}

@article{fanselow_features_2001,
  author = {Fanselow, Gisbert},
  date = {2001},
  doi = {10.1162/002438901750372513},
  issn = {0024-3892},
  journaltitle = {Linguistic Inquiry},
  number = {3},
  pages = {405--437},
  title = {Features, θ-Roles, and Free Constituent Order},
  volume = {32},
}

@article{farkas2010reacting,
  author = {Farkas, Donka F. and Bruce, Kim B.},
  date = {2010-02-01},
  doi = {10.1093/jos/ffp010},
  issn = {0167-5133, 1477-4593},
  journaltitle = {Journal of Semantics},
  langid = {english},
  number = {1},
  pages = {81--118},
  shortjournal = {Journal of Semantics},
  title = {On Reacting to Assertions and Polar Questions},
  volume = {27},
}

@article{farkas2017division,
  author = {Farkas, Donka F. and Roelofsen, Floris},
  date = {2017-05-01},
  doi = {10.1093/jos/ffw012},
  issn = {0167-5133},
  journaltitle = {Journal of Semantics},
  number = {2},
  pages = {237--289},
  shortjournal = {Journal of Semantics},
  title = {Division of Labor in the Interpretation of Declaratives and Interrogatives},
  volume = {34},
}

@incollection{FedrianiandSansopaper:2017,
  author = {Fedriani, Chiara and Sansò, Andrea},
  editor = {Fedriani, Chiara and Sansò, Andrea},
  location = {Amsterdam and Philadelphia},
  publisher = {John Benjamins},
  booktitle = {Pragmatic Markers, Discourse Markers and Modal Particles},
  date = {2017},
  pages = {1--33},
  title = {Pragmatic markers, discourse markers and modal particles: {What} do we know and where do we go from here?},
}

@article{ferretti2009verb,
  author = {Ferretti, Todd R. and Rohde, Hannah and Kehler, Andrew and Crutchley, Melanie},
  publisher = {Elsevier},
  date = {2009},
  doi = {https://doi.org/10.1016/j.jml.2009.04.001},
  journaltitle = {Journal of Memory and Language},
  number = {2},
  pages = {191--205},
  title = {Verb aspect, event structure, and coreferential processing},
  volume = {61},
}

@article{ferstl2011implicit,
  author = {Ferstl, Evelyn C. and Garnham, Alan and Manouilidou, Christina},
  publisher = {Springer},
  date = {2011},
  doi = {https://doi.org/10.3758/s13428-010-0023-2},
  journaltitle = {Behavior Research Methods},
  pages = {124--135},
  title = {Implicit causality bias in {English}: {A} corpus of 300 verbs},
  volume = {43},
}

@article{findlay:23,
  author = {Findlay, Jamie Y.},
  date = {2023},
  journaltitle = {Journal of Language Modelling},
  number = {2},
  pages = {197--266},
  title = {Lexical {Functional} {Grammar} as a {Construction} {Grammar}},
  volume = {11},
doi = {10.15398/jlm.v11i2.338},
}

@incollection{fischer_theories_2015,
  author = {Fischer, Silke},
  editor = {Kiss, Tibor and Alexiadou, Artemis},
  location = {Berlin, Boston},
  publisher = {De Gruyter Mouton},
  booktitle = {Syntax – Theory and Analysis: {An} International Handbook},
  date = {2015},
  doi = {10.1515/9783110363708-016},
  number = {42},
  pages = {1357--1400},
  series = {Handbücher zur {Sprach}- und {Kommunikationswissenschaft} / Handbooks of Linguistics and Communication Science [{HSK}]},
  title = {Theories of Binding},
  volume = {2},
}

@inproceedings{fleisher_2013,
  author = {Fleisher, Nicholas},
  booktitle = {Proceedings of {SALT}},
  date = {2013},
  pages = {276--294},
  title = {The dynamics of subjectivity},
  doi = {10.3765/salt.v23i0.2679},
  volume = {23},
}

@article{frana2019attitudes,
  author = {Frana, Ilaria and Rawlins, Kyle},
  date = {2019},
  doi = {10.3765/sp.12.16},
  issn = {1937-8912},
  journaltitle = {Semantics \& Pragmatics},
  langid = {english},
  number = {16},
  pages = {1--55},
  shorttitle = {Attitudes in Discourse},
  title = {Attitudes in Discourse: {Italian} Polar Questions and the Particle \emph{mica}},
  volume = {12},
}

@article{franzen2020evaluative,
  author = {Franzén, Nils},
  publisher = {Oxford University Press},
  date = {2020},
  journaltitle = {Mind},
  number = {516},
  pages = {1095--1126},
  doi = {10.1093/mind/fzz088},
  title = {Evaluative discourse and affective states of mind},
  volume = {129},
}

@book{frey_syntaktische_1993,
  author = {Frey, Werner},
  location = {Berlin},
  publisher = {Akademie Verlag},
  date = {1993},
  langid = {german},
  number = {35},
  series = {Studia {Grammatica}},
  title = {Syntaktische Bedingungen für die semantische Interpretation},
}

@incollection{frey_contrast_2006,
  author = {Frey, Werner},
  editor = {Molnár, Valéria and Winkler, Susanne},
  location = {Berlin, New York},
  publisher = {Mouton de Gruyter},
  booktitle = {The Architecture of {Focus}},
  date = {2006},
  isbn = {978-3-11-018578-2},
  number = {82},
  pages = {235--264},
  series = {Studies in {Generative} {Grammar}},
  title = {Contrast and movement to the {German} prefield},
}

@article{Fukumuraetal2022a,
  author = {Fukumura, Kumiko and Hervé, Coralie and Villata, Sandra and Zhang, Shi and Foppolo, Francesca},
  publisher = {Hove},
  date = {2022},
  doi = {10.1177/17470218211051989},
  journaltitle = {Quarterly Journal of Experimental Psychology},
  number = {8},
  pages = {1428--1447},
  title = {Representations underlying pronoun choice in {Italian} and {English}},
  volume = {75},
}

@article{fukumura2010choosing,
  author = {Fukumura, Kumiko and Van Gompel, Roger P.G.},
  publisher = {Elsevier},
  date = {2010},
  doi = {https://doi.org/10.1016/j.jml.2009.09.001},
  journaltitle = {Journal of Memory and Language},
  number = {1},
  pages = {52--66},
  title = {Choosing anaphoric expressions: {Do} people take into account likelihood of reference?},
  volume = {62},
}

@article{fukumura2011effect,
  author = {Fukumura, Kumiko and Van Gompel, Roger P.G.},
  publisher = {Taylor \& Francis},
  date = {2011},
  doi = {https://doi.org/10.1080/01690965.2010.506444},
  journaltitle = {Language and Cognitive Processes},
  number = {10},
  pages = {1472--1504},
  title = {The effect of animacy on the choice of referring expression},
  volume = {26},
}

@inproceedings{fusco2022sav,
  author = {Fusco, Achille},
  publisher = {University of Amsterdam/Amsterdam University of Applied Sciences},
  booktitle = {Proceedings of the {ESSLLI} 2022 {Student} {Session}},
  date = {2022},
  doi = {10.21942/uva.20368089.v2},
  title = {Trovo vs. considero: {Expressing} subjective attitudes in {Italian}},
}


@article{gernsbacher1988accessing,
  author = {Gernsbacher, Morton Ann and Hargreaves, David J.},
  publisher = {Elsevier},
  date = {1988},
  doi = {https://doi.org/10.1016/0749-596X(88)90016-2},
  journaltitle = {Journal of Memory and Language},
  number = {6},
  pages = {699--717},
  title = {Accessing sentence participants: {T}he advantage of first mention},
  volume = {27},
}

@book{Geurts:1999,
  author = {Geurts, Bart},
  location = {Amsterdam},
  publisher = {Elsevier},
  date = {1999},
  title = {Presuppositions and Pronouns},
}

@article{Geurts:2019,
  author = {Geurts, Bart},
  date = {2019},
  journaltitle = {Theoretical Linguistics},
  number = {1-2},
  pages = {1--30},
  title = {Communication as commitment sharing: {Speech acts}, implicatures, common ground},
  volume = {45},
doi = {10.1515/tl-2019-0001},
}

@article{gibson2013noisy,
  author = {Gibson, Edward and Piantadosi, Steven T. and Brink, Kimberly and Bergen, Leon and Lim, Eunice and Saxe, Rebecca},
  location = {Los Angeles, CA},
  publisher = {Sage Publications},
  date = {2013},
  doi = {10.1177/0956797612463705},
  journaltitle = {Psychological science},
  number = {7},
  pages = {1079--1088},
  title = {A noisy-channel account of crosslinguistic word-order variation},
  volume = {24},
}

@inproceedings{ginzburg1996dynamics,
  author = {Ginzburg, Jonathan},
  editor = {Seligman, Jerry and Westerståhl, Dag},
  publisher = {CSLI Publications},
  booktitle = {Logic, Language and Computation},
  date = {1996},
  pages = {221--237},
  title = {Dynamics and the Semantics of Dialogue},
  volume = {1 (CSLI Lecture Notes 58)},
}

@book{Ginzburg:2012,
  author = {Ginzburg, Jonathan},
  location = {Oxford},
  publisher = {Oxford University Press},
  date = {2012},
  title = {The Interactive Stance},
}

@book{Ginzburg2000a,
  author = {Ginzburg, Jonathan and Sag, Ivan A.},
  location = {Stanford, CA},
  publisher = {CSLI},
  date = {2000},
  title = {Interrogative Investigations},
}

@inproceedings{givon1983topic,
  author = {Givón, Talmy},
location = {Amsterdam/Philadelphia},  
publisher = {John Benjamins},
  year = {1983},
  doi = {10.1075/tsl.2.06giv},
editor = {Haiman, John and Munro, Pamela},  
booktitle = {Switch reference and universal grammar},
  pages = {51--82},
  title = {Topic continuity in discourse: {The} functional domain of switch reference},
  
}

@inproceedings{goldwater_learning_2003,
  author = {Goldwater, Sharon and Johnson, Mark},
  editor = {Spenader, Jennifer and Eriksson, Anders and Dahl, Östen},
  location = {Stockholm},
  booktitle = {Proceedings of the {Stockholm} Workshop on ‘{Variation} Within {Optimality} {Theory}’},
  date = {2003},
  pages = {113--122},
  title = {Learning {OT} constraint rankings using a {Maximum Entropy} model},
}

@inproceedings{goodhue2021unified,
  author = {Goodhue, Daniel},
  editor = {Farrell, Patrick},
  booktitle = {Proceedings of the {Linguistic Society of America}},
  date = {2021},
  doi = {10.3765/plsa.v6i1.5042},
  langid = {english},
  number = {1},
  pages = {951--965},
  title = {A Unified Account of Inquisitive and Assertive Rising Declaratives},
  volume = {6},
}

@article{goodhue2022isn,
  author = {Goodhue, Daniel},
  date = {2022-12-01},
  doi = {10.1007/s11050-022-09198-2},
  issn = {1572-865X},
  journaltitle = {Natural Language Semantics},
  langid = {english},
  number = {4},
  pages = {379--413},
  shortjournal = {Nat Lang Semantics},
  title = {Isn’t There More than One Way to Bias a Polar Question?},
  volume = {30},
}

@article{gordon1993pronouns,
  author = {Gordon, Peter C. and Grosz, Barbara J. and Gilliom, Laura A.},
  publisher = {Elsevier},
  date = {1993},
  doi = {https://doi.org/10.1207/s15516709cog1703_1},
  journaltitle = {Cognitive science},
  number = {3},
  pages = {311--347},
  title = {Pronouns, names, and the centering of attention in discourse},
  volume = {17},
}

@incollection{gorn:67,
  author = {Gorn, Saul},
  editor = {Hart, John and Takasu, Satoru},
  location = {Toronto},
  publisher = {University of Toronto Press},
  booktitle = {Systems and Computer Science},
  date = {1967},
  pages = {77--115},
  title = {Explicit definitions and linguistic dominoes},
}

@incollection{Greenberg63c,
  author = {Greenberg, Joseph H.},
  editor = {Greenberg, Joseph H.},
  location = {Cambridge},
  publisher = {MIT Press},
  booktitle = {Universals of Language},
  date = {1963},
  pages = {58--90},
  title = {Some universals of grammar with particular reference to the order of meaningful elements},
}

@article{grewendorf_scrambling_1999,
  author = {Grewendorf, Günther and Sabel, Joachim},
  date = {1999},
  doi = {10.1023/A:1006068326583},
  issue = {1},
  journaltitle = {Natural Language \& Linguistic Theory},
  pages = {1--65},
  title = {Scrambling in {German} and {Japanese}: {Adjunction} versus multiple specifiers},
  volume = {17},
}

@incollection{grice1975logic,
  author = {Grice, Herbert P.},
  publisher = {Academic Press},
location = {New York},
editor = {Cole, Peter and Morgan, Jerry L.},  
booktitle = {Syntax and {Semantics}: {Speech} {Acts}},
  date = {1975},
  pages = {41--58},
  title = {Logic and conversation},
}

@misc{Grimshaw91a,
  author = {Grimshaw, Jane},
  publisher = {Brandeis University},
  date = {1991},
  howpublished = {Ms. Brandeis University},
  title = {Extended Projection},
}

@article{grosz1995centering,
  author = {Grosz, Barbara and Joshi, Aravind and Weinstein, Scott},
  date = {1995},
  journaltitle = {Computational linguistics},
  title = {Centering: {A} framework for modeling the local coherence of discourse},
volume = {21},
number = {2},
pages = {203--225},
}

@book{gunlogson2003true,
  author = {Gunlogson, Christine},
  publisher = {Routledge},
  date = {2003-06},
  doi = {https://doi.org/10.4324/9780203502013},
  isbn = {978-1-135-88545-8},
  langid = {english},
  shorttitle = {True to Form},
  title = {True to Form: {Rising} and Falling Declaratives as Questions in {English}},
}

@article{gunlogson2008question,
  author = {Gunlogson, Christine},
  publisher = {John Benjamins},
  date = {2008-01-01},
  doi = {10.1075/bjl.22.06gun},
  issn = {0774-5141, 1569-9676},
  journaltitle = {Belgian Journal of Linguistics},
  langid = {english},
  number = {1},
  pages = {101--136},
  title = {A Question of Commitment},
  volume = {22},
}

@incollection{gunlogson_carlson_2016,
  author = {Gunlogson, Christine and Carlson, Gregory},
  editor = {Meier, Cécile and van Wijnbergen-Huitink, Janneke},
  location = {Berlin, Boston},
  publisher = {De Gruyter},
  booktitle = {Subjective meaning: {Alternatives} to Relativism},
  date = {2016},
  pages = {169--200},
  doi = {10.1515/9783110402001-009},
  title = {Predicates of experience},
}

@book{haider_syntax_2010,
  author = {Haider, Hubert},
  location = {Cambridge},
  publisher = {Cambridge University Press},
  date = {2010},
  doi = {10.1017/CBO9780511845314},
  title = {The Syntax of {German}},
}

@incollection{haider_mittelfeld_2017,
  author = {Haider, Hubert},
  publisher = {Wiley},
  booktitle = {The {Wiley} {Blackwell} Companion to Syntax},
  date = {2017},
  doi = {10.1002/9781118358733.wbsyncom048},
  edition = {2},
  isbn = {978-1-118-35873-3},
  pages = {2573--2645},
  title = {Mittelfeld phenomena: {Scrambling} in {Germanic}},
}

@article{haider_scrambling_2003,
  author = {Haider, Hubert and Rosengren, Inger},
  date = {2003},
  doi = {10.1017/S1470542703000291},
  journaltitle = {Journal of Germanic Linguistics},
  number = {3},
  pages = {203--267},
  title = {Scrambling: {Nontriggered} Chain Formation in {OV} languages},
  volume = {15},
}

@book{Halliday:2003,
  author = {Halliday, Michael Alexander Kirkwood},
  editor = {Webster, Jonathan},
  location = {London},
  publisher = {Continuum Press},
  date = {2003},
  number = {3},
  series = {Collected Works of M.\ A.\ K.\ Halliday},
  title = {On Language and Linguistics},
}

@book{HallidayandHasan:1976,
  author = {Halliday, Michael Alexander Kirkwood and Hasan, Ruqaiya},
  location = {London},
  publisher = {Longman},
  date = {1976},
  title = {Cohesion in {E}nglish},
}

@article{hamblin1971mathematical,
  author = {Hamblin, Charles L.},
  date = {1971},
  doi = {10.1111/j.1755-2567.1971.tb00065.x},
  issn = {1755-2567},
  journaltitle = {Theoria},
  langid = {english},
  number = {2},
  pages = {130--155},
  title = {Mathematical Models of Dialogue},
  volume = {37},
}

@article{Harris:2019,
  author = {Harris, Daniel W.},
  date = {2019},
  journaltitle = {Theoretical Linguistics},
  number = {1-2},
  pages = {53--67},
  title = {Intention and commitment in speech acts},
  volume = {45},
doi = {10.1515/tl-2019-0004},
}

@incollection{Heberlein:2011,
  author = {Heberlein, Fritz},
  editor = {Baldi, Philip and Cuzzolin, Pierluigi},
  location = {Berlin and Boston},
  publisher = {de Gruyter Mouton},
  booktitle = {New Perspectives on Historical {Latin} Syntax, vol.\ 4. {Complex} Sentences, Grammaticalization, Typology},
  date = {2011},
  pages = {235--371},
  title = {Temporal Clauses},
}

@article{Heine:2013,
  author = {Heine, Bernd},
  date = {2013},
  journaltitle = {Linguistics},
  number = {6},
  pages = {1205--1247},
  title = {On discourse markers: {Grammaticalization}, pragmaticalization, or something else?},
  volume = {51},
doi = {10.1515/ling-2013-0048},
}

@book{Heineetal:2021,
  author = {Heine, Bernd and Kaltenböck, Gunther and Kuteva, Tania and Long, Haiping},
  location = {Cambridge},
  publisher = {Cambridge University Press},
  date = {2021},
  title = {The Rise of Discourse Markers},
}

@article{Her12a,
  author = {Her, One-Soon},
  date = {2012},
  doi = {10.1016/j.lingua.2012.08.012},
  journaltitle = {Lingua},
  number = {14},
  pages = {1668--1691},
  title = {Distinguishing Classifiers and Measure Words: {A} Mathematical Perspective and Implications},
  volume = {122},
}

@article{Her12b,
  author = {Her, One-Soon},
  date = {2012},
  journaltitle = {Language and Linguistics},
  number = {6},
  pages = {1211--1511},
  title = {Structure of Classifiers and Measure Words: {A} Lexical Functional Account},
  volume = {13},
}

@article{Heratal15a,
  author = {Her, One-Soon and Chen, Ching-Perng and Tsai, Hui-Chin},
  date = {2015},
  doi = {10.1075/ijchl.2.2.02her},
  journaltitle = {International {Journal} of {Chinese} {Linguistics}},
  number = {2},
  pages = {193--226},
  title = {Justifying silent elements in syntax: {The} case of a silent numeral, a silent classifier, and two silent nouns in {Mandarin Chinese}},
  volume = {2},
}

@article{Her&Tsai20,
  author = {Her, One-Soon and Tsai, Hui-Chin},
  date = {2020},
  journaltitle = {Language and Linguistics},
  number = {1},
  pages = {1--32},
  title = {Left is right, right is not: {On} the constituency of the classifier phrase in {Chinese}},
  volume = {21},
}

@inproceedings{himmelmann2015prominence,
  author = {Himmelmann, Nikolaus P. and Primus, Beatrice},
  editor = {Dominicis, Amedo De},
  location = {University of Tuscia},
  booktitle = {Prominence in Linguistics. {P}roceedings of the p{S}-prominenceS {I}nternational {C}onference},
  date = {2015},
  pages = {38--58},
  title = {Prominence beyond prosody: {A} first approximation},
}

@phdthesis{hirsch_german_2018,
  author = {Hirsch, Nils},
  school = {Humboldt-Universität zu Berlin},
  year = {2018},
  title = {German psych verbs: {Insights} from a decompositional perspective},
}

@incollection{hoberg_linearstruktur_1997,
  author = {Hoberg, Ursula},
  editor = {Zifonun, Gisela and Hoffmann, Ludger and Strecker, Bruno},
  location = {Berlin},
  publisher = {De Gruyter},
  booktitle = {Grammatik der deutschen Sprache},
  date = {1997},
  langid = {german},
  pages = {1495--1680},
  title = {Die Linearstruktur des Satzes},
}

@article{Hockett:1960,
  author = {Hockett, Charles F.},
  date = {1960},
  journaltitle = {Scientific American},
  pages = {88--111},
  title = {The Origin of Speech},
  volume = {203},
}

@incollection{b1ca882e12e014096a64e8713c144a59,
  options = {uniquename=false,skiplab=1,skipbiblist=1,uniquelist=false,skipbib=1},
  author = {Höhle, Tilman N.},
  editor = {Abraham, Werner},
  location = {Tübingen},
  publisher = {Narr},
  booktitle = {Satzglieder im Deutschen. Vorschläge zur syntaktischen, semantischen und pragmatischen Fundierung},
  date = {1982},
  langid = {german},
  pages = {75--153},
  title = {Explikationen für „normale {Betonung}” und „normale {Wortstellung}”},
}

@incollection{hohle_explikationen_2019,
  author = {Höhle, Tilman N.},
  editor = {Müller, Stefan and Reis, Marga and Richter, Frank},
  location = {Berlin},
  publisher = {Language Science Press},
  booktitle = {Beiträge zur deutschen Grammatik: Gesammelte Schriften von Tilman N. Höhle},
  date = {2019},
  langid = {german},
  pages = {107--191},
  related = {b1ca882e12e014096a64e8713c144a59},
  relatedtype = {reprintfrom},
  title = {Explikationen für „normale {Betonung}” und „normale {Wortstellung}”},
}

@book{holler2016empirical,
  author = {Holler, Anke and Suckow, Katja},
  publisher = {Walter de Gruyter GmbH \& Co KG},
  date = {2016},
  doi = {https://doi.org/10.1515/9783110464108},
  title = {Empirical perspectives on anaphora resolution},
  volume = {563},
}

@incollection{holmberg2010null,
  author = {Holmberg, Anders},
  publisher = {Cambridge University Press},
location = {Cambridge},
  date = {2010},
  doi = {https://doi.org/10.1017/CBO9780511770784.003},
editor = {Biberauer, Theresa and Holmberg, Anders and Roberts Ian and Sheehan, Michelle},  
booktitle = {Parametric variation: {Null} Subjects in Minimalist Theory},
  pages = {88--124},
  title = {Null subject parameters},
}


@thesis{hong2023semantics,
  type = {Master's thesis},
  title = {The Semantics and Pragmatics of {English} Rising Declaratives},
  author = {Hong, Junseon},
  date = {2023},
  institution = {Seoul National University},
}

@book{Huang&Co09a,
  author = {Huang, Cheng-Teh James and Li, Yen-hui Audrey and Li, Yafei},
  location = {Cambridge},
  publisher = {Cambridge University Press},
  date = {2009},
  doi = {10.1017/CBO9781139166935},
  ids = {HuangJ&Co09a},
  number = {10},
  series = {Cambridge Syntax Guides},
  title = {The Syntax of {Chinese}},
}

@article{huang1964cong,
  author = {Huang, Zaijun},
  date = {1964},
  journaltitle = {Zhongguo Yuwen},
  number = {6},
  pages = {432--441},
  title = {Cong Jiawen jinwen liangci de yingyong kaocha hanyu liangci de qiyuan yu fazhan ({A} study of the origin and develpment of classifiers in {Chinese}, beginning from their use in the oracle bone inscriptions and metal inscriptions)},
  volume = {133},
}

@article{hwang2022role,
  author = {Hwang, Heeju and Lam, Suet Ying and Ni, Wenjing and Ren, He},
  publisher = {Frontiers Media SA},
  date = {2022},
  doi = {10.3389/fpsyg.2022.930572},
  journaltitle = {Frontiers in Psychology},
  pages = {930572},
  title = {The role of grammatical role and thematic role predictability in reference form production in {Mandarin} {Chinese}},
  volume = {13},
}

@article{hyslop:10,
  author = {Hyslop, Gwendolyn},
  date = {2010},
  journaltitle = {Linguistics of the {Tibeto}-{Burman} Area},
  number = {1},
  pages = {1--40},
  title = {Kurtöp case: {The} pragmatic ergative and beyond},
  volume = {33},
}

@inproceedings{istrate2022position,
  author = {Istrate, Fabian and Abeillé, Anne and Hemforth, Barbara},
  booktitle = {Going {Romance} 2022},
  date = {2022},
  title = {The Position of Antecedent Hypothesis in {Romanian} subject alternation: {Two} experiments},
  location = {Barcelona}
}

@article{istrate2024subject,
  author = {Istrate, Fabian and Abeillé, Anne and Hemforth, Barbara},
  date = {2024},
  journaltitle = {Discours. {Revue} de linguistique, psycholinguistique et informatique},
  title = {Subject Alternation and Antecedent Preference in {Romanian}},
  volume = {34},
}


@book{Jackendoff77a,
  author = {Jackendoff, Ray S.},
  location = {Cambridge, MA},
  publisher = {The {MIT} Press},
  date = {1977},
  title = {\emph{X}$'$ {S}yntax},
}

@book{jackendoff:72,
  author = {Jackendoff, Ray S.},
  location = {Cambridge, MA},
  publisher = {MIT Press},
  date = {1972},
  title = {Semantic Interpretation in {Generative} {Grammar}},
}

@inproceedings{jaeger2006speakers,
  author = {Levy, Roger and Jaeger, T. Florian},
  date = {2007},
  doi = {https://doi.org/10.7551/mitpress/7503.003.0111},
editor = {Schölkopf, Bernhard and Platt, John and Hofmann, Thomas},  
booktitle = {Advances in neural information processing systems 19: {Proceedings} of the 2006 Conference},
  title = {Speakers optimize information density through syntactic reduction},
publisher = {MIT Press},
}

@inproceedings{Jayez:2004a,
  author = {Jayez, Jacques},
  editor = {Beyssade, Claire and Bonami, Olivier and Hofherr, Patricia Cabredo and Corblin, Francis},
  location = {Paris},
  publisher = {Presses de l'Université de Paris-Sorbonne},
  booktitle = {Empirical Issues in Formal Syntax and Semantics},
  date = {2004},
  pages = {89--110},
  title = {Presuppositions and pedigrees for discourse markers},
  volume = {5},
}

@inproceedings{Jayez:2024,
  author = {Jayez, Jacques},
  editor = {Neveu, Franck and Prévost, Sophie and Montébran, Aurore and Steuckardt, Agnès and Bergounioux, Gabriel},
  booktitle = {Proceedings of {CMLF} 2024},
  date = {2024},
series = {SHS Web of Conferences},
	volume = {191},
	doi = {10.1051/shsconf/202419112005},
  title = {Argumentation et probabilités, ou pourquoi l’argu\-men\-tation rationnelle n’est pas (toujours) un raisonnement},
}



@article{JayezandRossari:2001,
  author = {Jayez, Jacques and Rossari, Corinne},
  date = {2002},
  journaltitle = {Cognitive Linguistics},
  volume = {12},
	number = {3},
  pages = {275--290},
  title = {The discourse level sensitivity of consequence discourse markers in {French}},
doi = {10.1515/cogl.2002.004},
}

@book{jeffreys_theory_1939,
  author = {Jeffreys, Harold},
  location = {Oxford},
  publisher = {Clarendon Press},
  date = {1939},
  title = {Theory of Probability},
}

@article{jeong2018intonation,
  author = {Jeong, Sunwoo},
  date = {2018-05-03},
  doi = {10.1093/semant/ffy001},
  issn = {0167-5133},
  journaltitle = {Journal of Semantics},
  number = {2},
  pages = {305--356},
  shortjournal = {Journal of Semantics},
  shorttitle = {Intonation and Sentence Type Conventions},
  title = {Intonation and Sentence Type Conventions: {Two} Types of Rising Declaratives},
  volume = {35},
}

@article{jeong2021deriving,
  author = {Jeong, Sunwoo},
  date = {2021-05-01},
  doi = {10.1016/j.pragma.2021.02.017},
  issn = {0378-2166},
  journaltitle = {Journal of Pragmatics},
  pages = {183--207},
  shortjournal = {Journal of Pragmatics},
  shorttitle = {Deriving Politeness from an Extended {Lewisian} Model},
  title = {Deriving Politeness from an Extended {Lewisian} Model: {The} Case of Rising Declaratives},
  volume = {177},
}

@article{jezek2011nominals,
  author = {Jezek, Elisabetta and Melloni, Chiara},
  date = {2011},
  doi = {10.17791/jcs.2011.12.1.1},
  journaltitle = {Journal of Cognitive Science},
  pages = {1--31},
  title = {Nominals, polysemy, and co-predication},
  volume = {12},
}

@incollection{jiang_jenks_jin_2022,
  author = {Jiang, Li Julie and Jenks, Peter and Jin, Jing},
  editor = {Huang, Chu-Ren and Lin, Yen-Hwei and Chen, I-Hsuan and Hsu, Yu-Yin},
  publisher = {Cambridge University Press},
  booktitle = {The {Cambridge} {Handbook} of {Chinese} Linguistics},
  date = {2022},
  doi = {10.1017/9781108329019.028},
  pages = {515--549},
  title = {The Syntax of Classifiers in {Mandarin} {Chinese}},
}

@incollection{joshi:schabes:97,
  author = {Joshi, Aravind and Schabes, Yves},
  editor = {Rozenberg, Grzegorz and Salomaa, Arto},
  location = {Berlin},
  publisher = {Springer},
  booktitle = {Handbook of Formal Languages},
  date = {1997},
  doi = {10.1007/978-3-642-59126-6_2},
  ids = {JoshiSchabes:97,Joshi1997},
  pages = {69--123},
  title = {Tree-{Adjoining} {Grammars}},
}

@inproceedings{kallm:16,
  author = {Kallmeyer, Laura},
  editor = {Foret, Annie and Morrill, Glyn and Muskens, Reinhard and Osswald, Rainer and Pogodalla, Sylvain},
  location = {Berlin/Heidelberg},
  publisher = {Springer},
  booktitle = {Formal {Grammar}},
  date = {2016},
  pages = {77--93},
  series = {LNCS 9804},
  title = {On the mild context-sensitivity of k-{Tree} {Wrapping} {Grammar}},
}

@article{kallmeyer2013syntax,
  author = {Kallmeyer, Laura and Osswald, Rainer},
  publisher = {Polska Akademia Nauk. Instytut Podstaw Informatyki PAN},
  date = {2013},
  doi = {10.15398/jlm.v1i2.61},
  ids = {kallm:ossw:13},
  journaltitle = {Journal of Language Modelling},
  number = {2},
  pages = {267--330},
  title = {Syntax-driven semantic frame composition in lexicalized {Tree} {Adjoining} {Grammars}},
  volume = {1},
}

@inproceedings{kallm:ossw:17,
  author = {Kallmeyer, Laura and Osswald, Rainer},
  editor = {Kuhlmann, Marco and Scheffler, Tatjana},
  publisher = {ACL Anthology},
  booktitle = {Proceedings of the 13th {International} {Workshop} on {Tree} {Adjoining} {Grammars} and Related Formalisms},
  date = {2017},
  ids = {kallmeyer2017combining},
  pages = {61--70},
  title = {Combining Predicate-Argument Structure and Operator Projection: {Clause} Structure in {Role} and {Reference} {Grammar}},
}

@incollection{Kallmeyer/Osswald:2023,
  author = {Kallmeyer, Laura and Osswald, Rainer},
  editor = {Bentley, Delia and {Mairal Usón}, Ricardo and Nakamura, Wataru and {Van Valin}, Jr., Robert D.},
  location = {Cambridge},
  publisher = {Cambridge University Press},
  booktitle = {The {Cambridge} Handbook of {Role} and {Reference} {Grammar}},
  date = {2023},
  doi = {10.1017/9781316418086.025},
  ids = {Kallmeyer2023,kallm:ossw:23},
  pages = {737--784},
  title = {Formalization of {RRG} syntax},
}

@inproceedings{kallm:etal:13,
  author = {Kallmeyer, Laura and Osswald, Rainer and Van Valin, Jr., Robert D.},
  editor = {Morrill, Glynn and Nederhof, Mark-Jan},
  location = {Berlin/Heidelberg},
  publisher = {Springer},
  booktitle = {Proceedings of {Formal} {Grammar} 2012 and 2013},
  date = {2013},
  pages = {175--190},
  title = {Tree {Wrapping} for {Role} and {Reference} {Grammar}},
}

@article{karttunen1977syntax,
  author = {Karttunen, Lauri},
  date = {1977-01-01},
  doi = {10.1007/BF00351935},
  issn = {1573-0549},
  journaltitle = {Linguistics and Philosophy},
  langid = {english},
  number = {1},
  pages = {3--44},
  shortjournal = {Linguistic and Philosophy},
  title = {Syntax and Semantics of Questions},
  volume = {1},
}

@article{kehler2013probabilistic,
  author = {Kehler, Andrew and Rohde, Hannah},
  publisher = {De Gruyter Mouton},
  date = {2013},
  doi = {https://doi.org/10.1515/tl-2013-0001},
  journaltitle = {Theoretical Linguistics},
  number = {1-2},
  pages = {1--37},
  title = {A probabilistic reconciliation of coherence-driven and centering-driven theories of pronoun interpretation},
  volume = {39},
}

@article{kehler2019prominence,
  author = {Kehler, Andrew and Rohde, Hannah},
  publisher = {Elsevier},
  date = {2019},
  doi = {https://doi.org/10.1016/j.pragma.2018.04.006},
  journaltitle = {Journal of Pragmatics},
  pages = {63--78},
  title = {Prominence and coherence in a {Bayesian} theory of pronoun interpretation},
  volume = {154},
}

@phdthesis{keller_gradience_2000,
  author = {Keller, Frank},
  school = {University of Edinburgh},
  year = {2000},
  title = {Gradience in Grammar: {Experimental} and Computational Aspects of Degrees of Grammaticality},
}

@article{kennedy_2013,
  author = {Kennedy, Christopher},
  publisher = {Taylor \& Francis},
  date = {2013},
  issn = {0020-174X},
  journaltitle = {Inquiry},
  number = {2-3},
  pages = {258--277},
  doi = {10.1080/0020174x.2013.784483},
  title = {Two sources of subjectivity: {Qualitative} assessment and dimensional uncertainty},
  volume = {56},
}

@inproceedings{kennedy_willer_2016,
  author = {Kennedy, Christopher and Willer, Malte},
  booktitle = {Proceedings of {SALT}},
  date = {2016},
  pages = {913--933},
  doi = {10.3765/salt.v26i0.3936},
  title = {Subjective attitudes and counterstance contingency},
  volume = {26},
}

@article{kennedy_willer_2022,
  author = {Kennedy, Christopher and Willer, Malte},
  date = {2022-05},
  journaltitle = {Linguistics and Philosophy},
  number = {6},
  pages = {1395--1445},
  doi = {10.1007/s10988-022-09358-x},
  title = {Familiarity inferences, subjective attitudes and counterstance contingency: {Towards} a pragmatic theory of subjective meaning},
  volume = {45},
}

@incollection{kiss_reflexivity_2012,
  author = {Kiss, Tibor},
  editor = {Alexiadou, Artemis and Kiss, Tibor and Müller, Gereon},
  location = {Berlin},
  publisher = {De Gruyter},
  booktitle = {Local Modelling of Non-Local Dependencies in Syntax},
  date = {2012},
  number = {547},
  pages = {155--185},
  series = {Linguistische {Arbeiten}},
  title = {Reflexivity and Dependency},
}

@inproceedings{koev2019strong,
  author = {Koev, Todor},
  booktitle = {Proceedings of {Sinn} und {Bedeutung}},
  date = {2019},
  number = {2},
  pages = {1--18},
  title = {Strong beliefs, weak commitments},
  doi = {10.18148/sub/2019.v23i2.595},
  volume = {23},
}

@inproceedings{kolbel_2004,
  author = {Kölbel, Max},
  location = {Oxford, UK},
  publisher = {Oxford University Press},
  booktitle = {Proceedings of the {Aristotelian} {Society}},
  date = {2004},
  issue = {1},
  pages = {53--73},
  doi = {10.1111/j.0066-7373.2004.00081.x},
  title = {{III}—{Faultless} disagreement},
  volume = {104},
}

@inproceedings{korotkova_anand_find_2021,
  author = {Korotkova, Natasha and Anand, Pranav},
  booktitle = {Proceedings of {Sinn} und {Bedeutung}},
  date = {2021},
  pages = {515--532},
  doi = {10.18148/sub/2021.v25i0.951},
  title = {`{Find}', `must' and conflicting evidence},
  volume = {25},
}

@book{Kortmann:1997,
  author = {Kortmann, Bernd},
  location = {Berlin and New York},
  publisher = {Mouton de Gruyter},
  date = {1997},
  title = {Adverbial subordination: {A} typology and history of adverbial subordinators based on {European} languages},
}

@book{heim_kratzer_1998,
  author = {Kratzer, Angelika and Heim, Irene},
  location = {Oxford},
  publisher = {Blackwell},
  date = {1998},
  ids = {Heim1998a},
  title = {Semantics in Generative Grammar},
  volume = {1185},
}

@incollection{krifka:92,
  author = {Krifka, Manfred},
  editor = {Jacobs, Joachim},
  location = {Wiesbaden},
  publisher = {Springer Fachmedien},
  booktitle = {Informationsstruktur und {Grammatik}},
  date = {1992},
  pages = {17--53},
  title = {A compositional semantics for multiple focus constructions},
}

@incollection{Krifka95a,
  author = {Krifka, Manfred},
  editor = {Carlson, Gregory N. and Pelletier, Francis Jeffry},
  location = {Chicago},
  publisher = {University of Chicago Press},
  booktitle = {The Generic Book},
  date = {1995},
  pages = {398--411},
  title = {Common Nouns: {A} Contrastive Analysis of {Chinese} and {English}},
}

@incollection{krifka:01,
  author = {Krifka, Manfred},
  editor = {Féry, Caroline and Sternefeld, Wolfgang},
  location = {Berlin},
  publisher = {Akademie Verlag},
  booktitle = {Audiatur {Vox} {Sapientia}: {A} {Festschrift} for {Arnim} von {Stechow}},
  date = {2001},
  pages = {287--319},
  title = {For a structured meaning account of questions and answers},
}

@inproceedings{krifka2015bias,
  author = {Krifka, Manfred},
  editor = {D'{A}ntonio, Sarah and Moroney, Mary and Little, Carol Rose},
  booktitle = {Proceedings of {SALT}},
  date = {2015-12-07},
  doi = {10.3765/salt.v25i0.3078},
  langid = {english},
  pages = {328--345},
  shorttitle = {Bias in Commitment Space Semantics},
  title = {Bias in Commitment Space Semantics: {Declarative} Questions, Negated Questions, and Question Tags},
  volume = {25},
}

@incollection{Krifka:2023,
  author = {Krifka, Manfred},
  editor = {Hartmann, Jutta M. and Wöllstein, Angelika},
  location = {Tübingen},
  publisher = {Narr Francke Attempto Verlag},
  booktitle = {Propositionale {Argumente} im {Sprachvergleich}/{Propositional} Arguments in Cross-Linguistic Research. {Theorie} und {Empirie} / {Theoretical} and empirical issues},
  date = {2023},
  title = {Layers of Assertive Clauses: {Propositions}, Judgements, Commitments, Acts},
series = {Studien zur deutschen Sprache},
	number = {84},
pages = {115--181},
doi = {10.24053/9783823394105},
}

@article{Kuhn2008,
  author = {Kuhn, Max},
  date = {2008},
  doi = {10.18637/jss.v028.i05},
  journaltitle = {Journal of Statistical Software},
  number = {5},
  pages = {1--26},
  title = {Building Predictive Models in {R} Using the `caret' Package},
  volume = {28},
}

@inproceedings{kupietz_German_2010,
  author = {Kupietz, Marc and Belica, Cyril and Keibel, Holger and Witt, Andreas},
  booktitle = {Proceedings of the 7th conference on {International} {Language} {Resources} and {Evaluation} ({LREC} 2010)},
  date = {2010},
  pages = {1848--1854},
  title = {The {German} {Reference} {Corpus} {DeReKo}: {A} primordial sample for linguistic research},
}

@article{kuznetsova2017lmertest,
  author = {Kuznetsova, Alexandra and Brockhoff, Per B. and Christensen, Rune Haubo Bojesen},
  publisher = {The Foundation for Open Access Statistics},
  date = {2017},
  doi = {10.18637/jss.v082.i13},
  journaltitle = {Journal of Statistical Software},
  number = {13},
  title = {`Lmer{T}est' package: {Tests} in linear mixed effects models},
  volume = {82},
}

@book{lambrecht:94,
  author = {Lambrecht, Knud},
  location = {Cambridge},
  publisher = {Cambridge University Press},
  date = {1994},
  title = {Information structure and sentence form},
}

@book{landau_locative_2010,
  author = {Landau, Idan},
  location = {Cambridge, MA},
  publisher = {The {MIT} Press},
  date = {2010},
  title = {The Locative Syntax of Experiencers},
}

@article{jatos,
  author = {Lange, Kristian and Kühn, Simone and Filevich, Elisa},
  date = {2015},
  doi = {10.1371/journal.pone.0130834},
  journaltitle = {PLOS ONE},
  number = {7},
  pages = {1-14},
  title = {"{Just} Another Tool for Online Studies” {(JATOS)}: {An} Easy Solution for Setup and Management of Web Servers Supporting Online Studies},
  volume = {10},
}

@inproceedings{larson1998events,
  author = {Larson, Richard K.},
  booktitle = {Semantics and Linguistic Theory},
  date = {1998},
  doi = {10.3765/salt.v8i0.2803},
  pages = {145--168},
  title = {Events and modification in nominals},
}

@article{lasersohn_2005,
  author = {Lasersohn, Peter},
  publisher = {Springer},
  date = {2005},
  issn = {1573-0549},
  journaltitle = {Linguistics and Philosophy},
  number = {6},
  pages = {643--686},
  doi = {10.1007/s10988-005-0596-x},
  title = {Context dependence, disagreement, and predicates of personal taste},
  volume = {28},
}

@incollection{lvv:23,
  author = {Latrouite, Anja and Van Valin, Jr., Robert D.},
  editor = {Bentley, Delia and Mairal Usón, Ricardo and Nakamura, Wataru and Van Valin, Jr., Robert D.},
  location = {Cambridge},
  publisher = {Cambridge University Press},
  booktitle = {The {Cambridge} Handbook of {Role} and {Reference} {Grammar}},
  date = {2023},
  pages = {488--522},
  title = {Information Structure and Argument Linking},
}

@article{LeDraoulecandRebeyrolle:2018,
  author = {Le Draoulec, Anne and Rebeyrolle, Josette},
  date = {2018},
  issue = {22},
  journaltitle = {Discours},
  langid = {french},
  title = {Quand \textit{maintenant} et \textit{après} disent (à peu près) la même chose (mais pas de la même façon)},
pages = {1--27},
	doi = {10.4000/discours.9617},
}

@book{lenerz_zur_1977,
  author = {Lenerz, Jürgen},
  location = {Tübingen},
  publisher = {Gunter Narr},
  date = {1977},
  isbn = {3-87808-805-1},
  langid = {german},
  number = {5},
  series = {Studien zur deutschen Grammatik},
  title = {Zur Abfolge nominaler Satzglieder im Deutschen},
}

@article{Levine10a,
  author = {Levine, Robert D.},
  date = {2010},
  journaltitle = {Language},
  number = {2},
  pages = {265--301},
  title = {The Ass Camouflage Construction: {Masks} as Parasitic Heads},
  volume = {86},
}

@book{Levine17a,
  author = {Levine, Robert D.},
  location = {Cambridge},
  publisher = {Cambridge University Press},
  date = {2017},
  title = {Syntactic Analysis: {An} {HPSG}-Based Approach},
}

@article{levon2016gender,
  author = {Levon, Erez},
  date = {2016},
  doi = {10.1111/josl.12182},
  issn = {1467-9841},
  journaltitle = {Journal of Sociolinguistics},
  langid = {english},
  number = {2},
  pages = {133--163},
  shorttitle = {Gender, Interaction and Intonational Variation},
  title = {Gender, Interaction and Intonational Variation: {The} Discourse Functions of {{High Rising Terminals}} in {{London}}},
  volume = {20},
}

@article{lewis1979scorekeeping,
  author = {Lewis, David},
  date = {1979-01-01},
  doi = {10.1007/BF00258436},
  issn = {1573-0433},
  journaltitle = {Journal of Philosophical Logic},
  langid = {english},
  number = {1},
  pages = {339--359},
  shortjournal = {J Philos Logic},
  title = {Scorekeeping in a Language Game},
  volume = {8},
}

@book{Li13a,
  author = {Li, Xuping},
  publisher = {Walter de Gruyter},
  date = {2013},
  doi = {10.1515/9783110289336},
  ids = {LiXu13a},
  number = {250},
  series = {Trends in Linguistics. Studies and Monographs},
  title = {Numeral classifiers in {Chinese}: {The} Syntax-Semantics Interface},
}

@article{Li&Rothstein12,
  author = {Li, Xuping and Rothstein, Susan},
  date = {2012},
  journaltitle = {Language and Linguistics},
  number = {4},
  pages = {693--741},
  title = {Measure Readings of {Mandarin} Classifier Phrases and the Particle \emph{de}},
  volume = {13},
}

@article{Liao&Wang11a,
  author = {Liao, Wei-wen Roger and Wang, Yuyun Iris},
  publisher = {Springer},
  date = {2011},
  doi = {10.1007/s10831-011-9072-5},
  ids = {liao2011multiple},
  journaltitle = {Journal of East Asian Linguistics},
  number = {2},
  pages = {145--168},
  title = {Multiple-classifier Constructions and Nominal Expressions in {Chinese}},
  volume = {20},
}

@article{Lichte/Petitjean:2015,
  author = {Lichte, Timm and Petitjean, Simon},
  date = {2015},
  doi = {10.15398/jlm.v3i1.96},
  journaltitle = {Journal of Language Modelling},
  number = {1},
  pages = {185--228},
  title = {Implementing semantic frames as typed feature structures with {XMG}},
  volume = {3},
}

@article{liddell_2018_analyzing,
  author = {Liddell, Torrin M. and Kruschke, John K.},
  date = {2018},
  doi = {10.1016/j.jesp.2018.08.009},
  issn = {0022-1031},
  journaltitle = {Journal of Experimental Social Psychology},
  pages = {328--348},
  title = {Analyzing ordinal data with metric models: {What} could possibly go wrong?},
  volume = {79},
}

@article{lindemann2020thematic,
  author = {Lindemann, Sofiana-Iulia and Mada, Stanca and Sasu, Laura and Matei, Madalina},
  date = {2020},
  doi = {10.36505/ExLing-2020/11/0028/000443},
  journaltitle = {ExLing 2020},
  pages = {113},
  title = {Thematic role and grammatical function affect pronoun production},
}

@incollection{lobner:14,
  author = {Löbner, Sebastian},
  editor = {Gamerschlag, Thomas and Gerland, Doris and Osswald, Rainer and Petersen, Wiebke},
  publisher = {Springer},
  booktitle = {Frames and Concept Types},
  date = {2014},
  title = {Evidence for Frames from Human Language},
pages = {23--67},
}

@incollection{lobner:17,
  author = {Löbner, Sebastian},
  editor = {Hansen, Helle Hvid and Murray, Sarah E. and Sadrzadeh, Mehrnoosh and Zeevat, Henk},
  location = {Heidelberg/New York},
  publisher = {Springer},
  booktitle = {Logic, {Language}, and {Computation}. 11th {International} {Tbilisi} {Symposium} on {Logic}, {Language}, and {Computation}, {TbiLLC} 2015, {Tbilisi}, {Georgia}, {September} 21-26, 2015, {Revised} {Selected} {Papers}},
  date = {2017},
  pages = {98--117},
  series = {LNCS 10148},
  title = {Frame theory with first-order comparators: {Modeling} the lexical meaning of punctual verbs of change with frames},
}

@incollection{MacFarlane:2011,
  author = {MacFarlane, John},
  editor = {Brown, Jessica and Cappelen, Herman},
  location = {Oxford},
  publisher = {Oxford University Press},
  booktitle = {Assertion: {New} Philosophical Essays},
  date = {2011},
  pages = {79--96},
  title = {What is assertion?},
}

@incollection{MyP22a,
  author = {{Machicao y Priemer}, Antonio},
  editor = {Schierholz, Stefan and Uzonyi, Pál},
  location = {Berlin},
  publisher = {De Gruyter},
  booktitle = {Grammatik: {Syntax}},
  date = {2022},
  doi = {10.1515/9783110698527},
  ids = {MyP22b},
  langid = {german},
  number = {1.2},
  pages = {508--514},
  series = {Wörterbücher zur Sprach- und Kommunikationswissenschaft},
  title = {Kopf},
}

@article{MyP&Mueller21a,
  author = {{Machicao y Priemer}, Antonio and Müller, Stefan},
  date = {2021},
  doi = {10.5334/gjgl.1128},
  ids = {MyP&Co21a},
  journaltitle = {Glossa: {A} Journal of General Linguistics},
  number = {1},
  pages = {46. 1--38},
  title = {{NPs} in {German}: {Locality}, Theta Roles, Possessives, and Genitive Arguments},
  volume = {6},
}

@inproceedings{MyP&Co22a,
  author = {{Machicao y Priemer}, Antonio and Müller, Stefan and Schäfer, Roland and Bildhauer, Felix},
  editor = {Müller, Stefan and Winckel, Elodie},
  location = {Frankfurt/Main},
  publisher = {University Library},
  booktitle = {{Proceedings of the 29th International Conference on Head-Driven Phrase Structure Grammar, Online (Nagoya/Tokyo)}},
  date = {2022},
  doi = {10.21248/hpsg.2022.5},
  pages = {86--101},
  title = {Towards a treatment of register phenomena in {HPSG}},
}

@inproceedings{malamud2012three,
  author = {Malamud, Sophia A. and Stephenson, Tamina},
  editor = {Guevara, Ana Aguilar and Chernilovskaya, Anna and Nouwen, Rick},
  booktitle = {Proceedings of {Sinn} Und {Bedeutung}},
  date = {2012},
  number = {2},
  pages = {403--416},
  shorttitle = {Three Ways to Avoid Commitments},
  title = {Three Ways to Avoid Commitents: {The} Pragmatics of Declarative Force Modifiers},
  volume = {16},
}

@article{malamud2015three,
  author = {Malamud, Sophia A. and Stephenson, Tamina},
  date = {2015-05-01},
  doi = {10.1093/jos/ffu002},
  issn = {0167-5133},
  journaltitle = {Journal of Semantics},
  number = {2},
  pages = {275--311},
  shortjournal = {Journal of Semantics},
  shorttitle = {Three {{Ways}} to {{Avoid Commitments}}},
  title = {Three Ways to Avoid Commitments: {Declarative} Force Modifiers in the Conversational Scoreboard},
  volume = {32},
}

@article{manjon2016factores,
  author = {Manjón-Cabeza Cruz, Antonio and Pose Furest, Francisca and Sánchez García, Francisco José},
  publisher = {SciELO Chile},
  date = {2016},
  doi = {10.4067/S0718-93032016000200007},
  journaltitle = {Boletín de filología},
  langid = {spanish},
  number = {2},
  pages = {181--207},
  title = {Factores determinantes en la expresión del sujeto pronominal en el corpus PRESEEA de Granada},
  volume = {51},
}

@article{masloch_not_2024,
  author = {Masloch, Simon and Poppek, Johanna M. and Kiss, Tibor},
  date = {2024},
  doi = {10.16995/glossa.10150},
  issue = {1},
  journaltitle = {Glossa},
  pages = {1--37},
  title = {Not so peculiar after all: {On} the normal position of arguments of {German} experiencer-object verbs},
  volume = {9},
}




@inproceedings{mayol2010refining,
  author = {Mayol, Laia},
  publisher = {University of Pennsylvania},
  date = {2010},
  title = {Refining salience and the position of antecedent hypothesis: {A} study of {Catalan} pronouns},
booktitle = {University of {Pennsylvania} {Working} {Papers} in {Linguistics}},
}

@article{mayol2018asymmetries,
  author = {Mayol, Laia},
  publisher = {Linguistic Society of America},
  date = {2018},
  doi = {https://doi.org/10.5087/dad.2018.201},
  journaltitle = {Dialogue \& Discourse},
number = {2},
pages = {1--34},
  title = {Asymmetries between interpretation and production in {Catalan} pronouns},
volume = {9},
}

@inproceedings{mcnally2004relational,
  author = {McNally, Louise and Boleda, Gemma},
  editor = {Bonami, Olivier and {Cabredo Hofherr}, Patricia},
  organization = {Colloque de Syntaxe et Sémantique à Paris},
  booktitle = {Empirical Issues in Syntax and Semantics 5},
  date = {2004},
  title = {Relational adjectives as properties of kinds},
}

@incollection{mcnally_stojanovic_2017,
  author = {McNally, Louise and Stojanovic, Isidora},
  date = {2017-02},
  booktitle = 	 {The Semantics of Aesthetic Judgment},
  editor =	 {James Young},
  publisher = {Oxford University Press},
  pages = {17--37},
  doi = {10.1093/acprof:oso/9780198714590.003.0002},
  title = {Aesthetic Adjectives},
}

@article{michel2024cognitive,
  author = {Michel, Christian and Löhr, Guido},
  publisher = {Elsevier},
  date = {2024},
  doi = {10.1016/j.lingua.2024.103694},
  journaltitle = {Lingua},
  pages = {103694},
  title = {A cognitive psychological model of linguistic intuitions: {Polysemy} and predicate order effects in copredication sentences},
  volume = {301},
}

@inproceedings{mititelu2018reference,
  author = {Barbu Mititelu, Verginica and Tufiş, Dan and Irimia, Elena},
editor = {Calzolari, Nicoletta and Choukri, Khalid and Cieri, Christopher and Declerck, Thierry and Goggi, Sara and Hasida, Koiti and Isahara, Hitoshi and Maegaard, Bente and Mariani, Joseph and Mazo, Hélène and Moreno, Asuncion and Odijk, Jan and Piperidis, Stelios and Tokunaga, Takenobu},  
booktitle = {Proceedings of the {Eleventh} {International} {Conference} on {Language} {Resources} and {Evaluation} ({LREC} 2018)},
  date = {2018},
  title = {The reference corpus of the contemporary {Romanian} language ({C}o{R}o{L}a)},
publisher = {European {Language} {Resources} {Association} ({ELRA})},
pages = {1178--1185},
}

@article{modi2017modeling,
  author = {Modi, Ashutosh and Titov, Ivan and Demberg, Vera and Sayeed, Asad and Pinkal, Manfred},
  publisher = {The {MIT} Press},
  date = {2017},
  doi = {10.1162/tacl_a_00044},
  journaltitle = {Transactions of the Association for Computational Linguistics},
  pages = {31--44},
  title = {Modeling semantic expectation: {Using} script knowledge for referent prediction},
  volume = {5},
}

@article{moltmann_2010,
  author = {Moltmann, Friederike},
  publisher = {Springer},
  date = {2010},
  issn = {1573-0883},
  journaltitle = {Philosophical Studies},
  number = {2},
  pages = {187--220},
  doi = {10.1007/s11098-009-9383-9},
  title = {Relative truth and the first person},
  volume = {150},
}

@book{morzycki2016modification,
  author = {Morzycki, Marcin},
  publisher = {Cambridge University Press},
  date = {2016},
  doi = {10.1017/CBO9780511842184},
  title = {Modification},
}

@book{MH:2008,
  author = {{Mosegaard Hansen}, Maj-Britt},
  location = {Oxford},
  publisher = {Elsevier},
  date = {2008},
  title = {Particles at the Semantics/Pragmatics Interface: {Synchronic} and Diachronic Issues: {A} Study With Special Reference to the {French} Phasal Adverbs},
}

@article{mueller,
  author = {Müller, Gereon},
  date = {1999},
  doi = {10.1515/ling.37.5.777},
  journaltitle = {Linguistics},
  number = {5},
  pages = {777--818},
  title = {Optimality, markedness, and word order in {German}},
  volume = {37},
}

@incollection{Mueller&MyP19a,
  author = {Müller, Stefan and {Machicao y Priemer}, Antonio},
  editor = {Kertész, András and Moravcsik, Edith and Rákosi, Csilla},
  location = {Berlin},
  publisher = {De Gruyter Mouton},
  booktitle = {Current Approaches to Syntax: {A} Comparative Handbook},
  date = {2019},
  doi = {10.1515/9783110540253-012},
  number = {3},
  series = {Comparative Handbooks of Linguistics},
  title = {{Head}-{Driven} {Phrase} {Structure} {Grammar}}
}

@phdthesis{munoz2019,
  author = {Muñoz, Patrick Joseph},
  school = {The University of Chicago},
  date = {2019},
  title = {On tongues: {The} grammar of experiential evaluation},
}

@article{murphy2021predicate,
  author = {Murphy, Elliot},
  publisher = {Taylor \& Francis},
  date = {2021},
  doi = {10.1080/0020174x.2021.1958054},
  journaltitle = {Inquiry},
  pages = {1--37},
  title = {Predicate order and coherence in copredication},
}

@incollection{Netter94a,
  author = {Netter, Klaus},
  editor = {Nerbonne, John A. and Netter, Klaus and Pollard, Carl J.},
  location = {Stanford},
  publisher = {CSLI Publications},
  booktitle = {German in {Head}-{Driven} {Phrase} {Structure} {Grammar}},
  date = {1994},
  number = {46},
  pages = {297--340},
  series = {CSLI Lecture Notes},
  title = {Towards a Theory of Functional Heads: {German} Nominal Phrases},
}

@thesis{Ng97,
  author = {Ng, Say Kiat},
  institution = {University of Edinburgh},
  date = {1997},
  title = {A double-specifier account of {Chinese NPs} using {Head}-driven {Phrase} {Structure} {Grammar}},
  type = {Master thesis},
}

@book{nicenboim_introduction_2024,
  author = {Nicenboim, Bruno and Schad, Daniel J. and Vasishth, Shravan},
  url = {https://vasishth.github.io/bayescogsci/book/},
  date = {2024},
  title = {Introduction to {Bayesian} Data Analysis for Cognitive Science},
}

@inproceedings{ninan2014taste,
  author = {Ninan Dilip},
  booktitle = {Proceedings of \emph{Semantics and Linguistic Theory} 24},
  editor = {Lucas Champollion and Anna Szabolcsi},
  date = {2014},
  pages = {290--309},
  doi = {10.3765/salt.v24i0.241},
  title = {Taste Predicates and the Acquaintance Inference},
}

@inproceedings{ninan2020projection,
  author = {Ninan Dilip},
  booktitle = {Proccedings of \emph{Semantics and Linguistic Theory} 30},
  date = {2020},
  editor = {Joseph Rhyne and Kaelyn Lamp and Nicole Dreier and Chloe Kwon},
  pages = {753--778},
  doi = {10.3765/salt.v30i0.4809},
  title = {The projection problem for predicates of taste},
}

@article{oakhill1989line,
  author = {Oakhill, Jane and Garnham, Alan and Vonk, Wietske},
  publisher = {Taylor \& Francis},
  date = {1989},
  doi = {10.1080/01690968908406370},
  journaltitle = {Language and cognitive processes},
  number = {3-4},
  pages = {SI263--SI286},
  title = {The on-line construction of discourse models},
  volume = {4},
}

@collection{vanolmenandSink,
  editor = {Van Olmen, Daniël and Šinkūnienė, Jolanta},
  location = {Amsterdam/Philadelphia},
  publisher = {John Benjamins},
  date = {2021},
  title = {Pragmatic Markers and Peripheries},
}

@article{ortega2019polysemy,
  author = {Ortega-Andrés, Marina and Vicente, Agustín},
  publisher = {Open Library of Humanities},
  date = {2019},
  doi = {10.5334/gjgl.564},
  journaltitle = {Glossa: {A} Journal of General Linguistics},
  number = {1},
  pages = {1-23},
  title = {Polysemy and co-predication},
  volume = {4},
}

@incollection{Osswald:2005,
  author = {Osswald, Rainer},
  editor = {Kern-Isberner, Gabriele and Rödder, Wilhelm and Kulmann, Friedhelm},
  location = {Berlin},
  publisher = {Springer},
  booktitle = {Conditionals, Information, and Inference: {I}nternational {W}orkshop, {WCII} 2002, {R}evised Selected Papers},
  date = {2005},
  doi = {10.1007/11408017_7},
  pages = {108--130},
  series = {Lecture Notes in Artificial Intelligence 3301},
  title = {Assertions, Conditionals, and Defaults},
}

@article{patterson2022bayesian,
  author = {Patterson, Clare and Schumacher, Petra B. and Nicenboim, Bruno and Hagen, Johannes and Kehler, Andrew},
  publisher = {Frontiers},
  date = {2022},
  doi = {https://doi.org/10.3389/fpsyg.2021.672927},
  journaltitle = {Frontiers in psychology},
  pages = {672927},
  title = {A {Bayesian} approach to {German} personal and demonstrative pronouns},
  volume = {12},
}

@article{Paul05a,
  author = {Paul, Waltraud},
  date = {2005},
  doi = {10.1515/ling.2005.43.4.757},
  ids = {PaulW05a},
  journaltitle = {Linguistics},
  number = {4},
  pages = {757--793},
  title = {Adjectival Modification in {Mandarin} {Chinese} and Related Issues},
  volume = {43},
}

@incollection{Pavese:2023,
  author = {Pavese, Carlotta},
  editor = {Altshuler, Daniel},
  booktitle = {Linguistics Meets Philosophy},
  date = {2023},
  pages = {383--413},
  title = {The Semantics and Pragmatics of Argumentation},
publisher = {Cambridge University Press},
	location = {Cambridge},
}

@book{pesetsky_zero_1995,
  author = {Pesetsky, David Michael},
  location = {Cambridge, MA},
  publisher = {MIT Press},
  date = {1995},
  isbn = {0-262-16145-1},
  title = {Zero syntax: {Experiencers} and Cascades},
}

@incollection{petersen:15,
  author = {Petersen, Wiebke},
  editor = {Gamerschlag, Thomas and Gerland, Doris and Osswald, Rainer and Petersen, Wiebke},
  publisher = {Düsseldof University Press},
  booktitle = {Meaning, Frames, and Conceptual Representation},
  date = {2015},
  pages = {43--67},
  title = {Representation of concepts as frames},
}

@article{Phan2015a,
  author = {Phan, Trang and Lander, Eric T.},
  publisher = {Cambridge University Press},
  date = {2015},
  journaltitle = {Canadian Journal of Linguistics},
  number = {3},
  pages = {391--415},
  title = {Vietnamese and the {NP/DP} parameter},
  volume = {60},
}

@article{pieper_identifying_2023,
  author = {Pieper, Jutta and Börner, Alicia Katharina and Kiss, Tibor},
  date = {2025},
  journaltitle = {Journal of Research Design and Statistics in Linguistics and Communication Science},
  pubstate = {to appear},
  title = {Identifying non-cooperative participation in web-based elicitation of Acceptability Judgments: {How} to get rid of noise in your data},
}

@incollection{platzack_backward_2012,
  author = {Platzack, Christer},
  editor = {Brugé, Laura and Cardinaletti, Anna and Giusti, Giuliana and Munaro, Nicola and Poletto, Cecilia},
  location = {Oxford},
  publisher = {Oxford University Press},
  booktitle = {Functional Heads: {The} Cartography of Syntactic Structures},
  date = {2012},
  pages = {197--207},
  title = {Backward Binding and the {C}-{T} Phase: {A} Case of Syntactic Haplology},
}

@article{podesva2011salience,
  author = {Podesva, Robert J.},
  publisher = {SAGE Publications Inc},
  date = {2011-09-01},
  doi = {10.1177/0075424211405161},
  issn = {0075-4242},
  journaltitle = {Journal of English Linguistics},
  langid = {english},
  number = {3},
  pages = {233--264},
  shorttitle = {Salience and the Social Meaning of Declarative Contours},
  title = {Salience and the Social Meaning of Declarative Contours: {Three} Case Studies of Gay Professionals},
  volume = {39},
}

@article{pollard_anaphors_1992,
  author = {Pollard, Carl J. and Sag, Ivan A.},
  date = {1992},
  journaltitle = {Linguistic Inquiry},
  number = {2},
  pages = {261--303},
  title = {Anaphors in {English} and the Scope of {Binding} {Theory}},
  volume = {23},
}

@book{pollard_head-driven_1994,
  author = {Pollard, Carl J. and Sag, Ivan A.},
  location = {Chicago},
  publisher = {University of Chicago Press},
  date = {1994},
  ids = {Pollard&Sag94a},
  title = {Head-{Driven} {Phrase} {Structure} {Grammar}},
}

@book{Pollard&Sag87a,
  author = {Pollard, Carl J. and Sag, Ivan A.},
  location = {Stanford, {CA}},
  publisher = {CSLI Publications},
  date = {1987},
  ids = {PS87a},
  title = {Information-Based Syntax and Semantics. {Volume} 1: {Fundamentals}},
}

@incollection{Postal69a,
  author = {Postal, Paul M.},
  editor = {Reibel, David A. and Schane, Sanford A.},
  location = {Engelwood Cliffs},
  publisher = {Prentice-Hall},
  booktitle = {Modern Studies in {English}: {Readings} in Transformational Grammar},
  date = {1969},
  pages = {201--224},
  title = {On So-called `Pronouns' in {English}},
}

@article{Potts:2007,
  author = {Potts, Christopher},
  date = {2007},
  journaltitle = {Theoretical Linguistics},
  number = {2},
  pages = {165--197},
  title = {The Expressive Dimension},
  volume = {33},
}

@book{Pustejovsky:1995,
  author = {Pustejovsky, James},
  location = {Cambridge, MA},
  publisher = {The {MIT} Press},
  date = {1995},
  doi = {10.7551/mitpress/3225.001.0001},
  title = {The Generative Lexicon},
}

@book{r_core_team_r_2020,
  author = {{R Core Team}},
  location = {Vienna, Austria},
  publisher = {R Foundation for Statistical Computing},
  date = {2023},
  title = {R: {A} Language and Environment for Statistical Computing},
}

@article{Redeker:1990,
  author = {Redeker, Gisela},
  date = {1990},
  journaltitle = {Journal of Pragmatics},
  pages = {367--381},
  title = {Ideational and Pragmatic Markers of Discourse Structure},
  volume = {14},
}

@article{reinhart_reflexivity_1993,
  author = {Reinhart, Tanya and Reuland, Eric},
  date = {1993},
  issn = {00243892, 15309150},
  journaltitle = {Linguistic Inquiry},
  number = {4},
  pages = {657--720},
  title = {Reflexivity},
  volume = {24},
}

@article{Reiter:1980,
  author = {Reiter, Raymond},
  date = {1980},
  doi = {10.1016/0004-3702(80)90014-4},
  journaltitle = {Artificial Intelligence},
  pages = {81--132},
  title = {A Logic for Default Reasoning},
  volume = {13},
}

@inproceedings{Retore:14,
  author = {Retoré, Christian},
  booktitle = {{T}{Y}{P}{E}{S}: {I}nternational {W}orkshop on {T}ypes and {P}roofs for {P}rograms, {A}pril 2013, {T}oulouse, {F}rance},
  date = {2014},
  pages = {202--229},
  title = {The {Montagovian} {Generative} {Lexicon} {$\Lambda$}{$Ty_n$}: {A} Type Theoretical Framework for Natural Language Semantics},
}

@article{rett2021semantics,
  author = {Rett, Jessica},
  date = {2021-05-07},
  doi = {10.1093/jos/ffab005},
  issn = {0167-5133},
  journaltitle = {Journal of Semantics},
  number = {2},
  pages = {305--340},
  shortjournal = {Journal of Semantics},
  title = {The Semantics of Emotive Markers and Other Illocutionary Content},
  volume = {38},
}

@book{reuland_2011,
  author = {Reuland, Eric},
  location = {Cambridge, MA},
  publisher = {MIT press},
  date = {2011},
  isbn = {978-0-262-01505-9},
  series = {Linguistic Inquiry Monographs},
  title = {Anaphora and Language Design},
}

@incollection{reuland_pronouns_1995,
  author = {Reuland, Eric and Reinhart, Tanya},
  editor = {Haider, Hubert and Olsen, Susan and Vikner, Sten},
  publisher = {Kluwer},
  booktitle = {Studies in Comparative {Germanic} Syntax},
  date = {1995},
  pages = {241--268},
  doi = {10.1007/978-94-015-8416-6_11},
  title = {Pronouns, Anaphors and Case},
}


@phdthesis{roberts1987modal,
  author = {Roberts, Craige},
  title = {Modal Subordination, Anaphora and Distributivity},
school = {University of Massachusetts Amherst},
  year = {1987},
}

@article{roberts1989modal,
  author = {Roberts, Craige},
  date = {1989-12-01},
  doi = {10.1007/BF00632602},
  issn = {1573-0549},
  journaltitle = {Linguistics and Philosophy},
  langid = {english},
  number = {6},
  pages = {683--721},
  shortjournal = {Linguist Philos},
  title = {Modal Subordination and Pronominal Anaphora in Discourse},
  volume = {12},
}

@article{roberts1996information,
  author = {Roberts, Craige},
  date = {1996},
  journaltitle = {Ohio State University Working Papers in Linguistics},
  pages = {91--136},
  shortjournal = {Ohio State University Working Papers in Linguistics},
  title = {Information Structure in Discourse: {Toward} a Unified Theory of Formal Pragmatics},
  volume = {49},
}


@article{roberts2012information,
  author = {Roberts, Craige},
  date = {2012},
  ids = {Roberts:2012,roberts:12},
  doi = {10.3765/sp.5.6},
  journaltitle = {Semantics and Pragmatics},
  langid = {english},
  pages = {1--69},
  title = {Information Structure: {Towards} an Integrated Formal Theory of Pragmatics},
  volume = {5},
number = {6},
}

@incollection{roberts2018speech,
  author = {Roberts, Craige},
  editor = {Fogal, Daniel and Harris, Daniel W. and Moss, Matt},
  publisher = {Oxford University Press},
  booktitle = {New Work on Speech Acts},
  date = {2018},
  pages = {317--359},
  title = {Speech Acts in Discourse Context},
}

@article{roelofsen2015polarity,
  author = {Roelofsen, Floris and Farkas, Donka F.},
  publisher = {Linguistic Society of America},
  date = {2015},
  doi = {10.1353/lan.2015.0017},
  journaltitle = {Language},
  number = {2},
  pages = {359--414},
  title = {Polarity Particle Responses as a Window onto the Interpretation of Questions and Assertions},
  volume = {91},
}

@phdthesis{rohde2008coherence,
  author = {Rohde, Hannah},
  school = {University of California, San Diego},
  year = {2008},
  title = {Coherence-driven effects in sentence and discourse processing},
}

@article{rohde2014grammatical,
  author = {Rohde, Hannah and Kehler, Andrew},
  publisher = {Taylor \& Francis},
  date = {2014},
  doi = {https://doi.org/10.1080/01690965.2013.854918},
  journaltitle = {Language, Cognition and Neuroscience},
  number = {8},
  pages = {912--927},
  title = {Grammatical and information-structural influences on pronoun production},
  volume = {29},
}

@article{romero2004negative,
  author = {Romero, Maribel and Han, Chung-Hye},
  date = {2004-10-01},
  doi = {10.1023/B:LING.0000033850.15705.94},
  issn = {1573-0549},
  journaltitle = {Linguistics and Philosophy},
  langid = {english},
  number = {5},
  pages = {609--658},
  shortjournal = {Linguistics and Philosophy},
  title = {On Negative Yes/No Questions},
  volume = {27},
}

@article{rooth:92,
  author = {Rooth, Mats},
  date = {1992},
  journaltitle = {Natural Language Semantics},
  pages = {75--116},
  title = {A theory of focus interpretation},
  volume = {1},
doi = {10.1007/BF02342617},
}

@phdthesis{rosa2015semantic,
  author = {Rosa, Elise C.},
  school = {The University of North Carolina at Chapel Hill},
  year = {2015},
  doi = {https://doi.org/10.17615/5w75-3x78},
  title = {Semantic role predictability affects referential form},
}

@article{rosa2017predictability,
  author = {Rosa, Elise C. and Arnold, Jennifer E.},
  publisher = {Elsevier},
  date = {2017},
  doi = {10.1016/j.jml.2016.07.007},
  journaltitle = {Journal of Memory and Language},
  pages = {43--60},
  title = {Predictability affects production: {Thematic} roles can affect reference form selection},
  volume = {94},
}

@article{Rossarietal:2018,
  author = {Rossari, Corinne and Ricci, Claudi and Wandel, Dennis},
  date = {2018},
  journaltitle = {Langages},
  langid = {french},
  number = {4},
volume = {212},
  pages = {51--68},
  title = {Introducteurs de cadres et connecteurs de reformulation: {Étude} contrastive sur corpus},
  doi = {10.3917/lang.212.0051},
}

@incollection{rozwadowska_psych_2020,
  author = {Rozwadowska, Bożena and Nowak, Arkadiusz and Bondaruk, Anna},
  editor = {Rozwadowska, Bożena and Bondaruk, Anna},
  location = {Amsterdam},
  publisher = {John Benjamins},
  booktitle = {Beyond Emotions in Language: {Psychological} Verbs at the Interfaces},
  date = {2020},
  doi = {10.1075/la.263.01roz},
  pages = {1--21},
  title = {Psych verbs: {Setting} the scene},
}

@phdthesis{rudin2018risinga,
  author = {Rudin, Deniz},
  school = {UC Santa Cruz},
  year = {2018},
  title = {Rising Above Commitment},
}

@inproceedings{rudin2018rising,
  author = {Rudin, Deniz},
  editor = {Maspong, Sireemas and Stefánsdóttir, Brynhildur and Blake, Katherine and Davis, Forrest},
  booktitle = {Proceedings of {SALT}},
  date = {2018},
  pages = {100--119},
  title = {Rising Imperatives},
  volume = {28},
}

@article{rudin2022intonational,
  author = {Rudin, Deniz},
  date = {2022-05-10},
  doi = {10.1093/jos/ffac002},
  issn = {0167-5133},
  journaltitle = {Journal of Semantics},
  number = {2},
  pages = {339--383},
  shortjournal = {Journal of Semantics},
  title = {Intonational Commitments},
  volume = {39},
}

@incollection{runner2016information,
  author = {Runner, Jeffrey T. and Ibarra, Alyssa},
  publisher = {De Gruyter},
location = {Berlin},
  date = {2016},
  doi = {10.1515/9783110464108-006},
editor = {Holler, Anke and Suckow, Katja},  
booktitle = {Empirical perspectives on anaphora resolution},
  pages = {87--112},
  title = {Information structure effects on null and overt subject comprehension in {Spanish}},
}

@inproceedings{rychly_lexicographer_2008,
  author = {Rychlý, Pavel},
  editor = {Sojka, Petr and Horák, Aleš},
  location = {Brno},
  publisher = {Masaryk University},
  booktitle = {Proceedings of Recent Advances in {Slavonic} Natural Language Processing, {RASLAN} 2008},
  date = {2008},
  pages = {6--9},
  title = {A Lexicographer-Friendly Association Score},
}

@article{saebo_2009,
  author = {Sæbø, Kjell Johan},
  publisher = {Springer},
  date = {2009},
  issn = {1573-0549},
  journaltitle = {Linguistics and Philosophy},
  number = {4},
  pages = {327--352},
  doi = {10.1007/s10988-009-9063-4},
  title = {Judgment Ascriptions},
  volume = {32},
}

@incollection{Sag2010a,
  author = {Sag, Ivan A.},
  editor = {Corbett, Greville G. and Kibort, Anna},
  location = {Oxford},
  publisher = {{Clarendon} {Press}},
  booktitle = {Features: {Perspectives} on a key notion in linguistics},
  date = {2010},
  pages = {236--271},
  title = {Feature geometry and predictions of locality},
}

@book{Sag&Co03a,
  author = {Sag, Ivan A. and Wasow, Thomas and Bender, Emily M.},
  location = {Stanford},
  publisher = {{CSLI} Publications},
  date = {2003},
  edition = {2},
  title = {Syntactic Theory: {A} Formal Introduction},
}

@inproceedings{savary2018parseme,
  author = {Savary, Agata and Candito, Marie and Mititelu, Verginica Barbu and Bejček, Eduard and Cap, Fabienne and Čéplö, Slavomír and Cordeiro, Silvio Ricardo and Eryiğit, Gülşen and Giouli, Voula and {van Gompel}, Maarten and HaCohen-Kerner, Yaakov and Kovalevskaite, Jolanta and Krek, Simon and Liebeskind, Chaya and Monti, Johanna and {Parra Escartin}, Carla and {van der Plas}, Lonneke and QasemiZadeh, Behrang and Ramisch, Carlos and Sangati, Federico and Stoyanova, Ivelina and Vincze, Veronika},
  booktitle = {Multiword expressions at length and in depth: {Extended} papers from the {MWE} 2017 workshop},
  date = {2018},
  title = {{PARSEME} multilingual corpus of verbal multiword expressions},
pages = {87--147},
publisher = {Language Science Press},
location = {Berlin},
}

@article{Schäfer2021,
  author = {Schäfer, Lisa},
  date = {2021},
  doi = {10.1515/zfs-2021-2024},
  journaltitle = {Zeitschrift für Sprachwissenschaft},
  number = {2},
  pages = {161--197},
  title = {Topic drop in {German}: {Empirical} support for an information-theoretic account to a long-known omission phenomenon},
  volume = {40},
}

@incollection{scheepers_linking_2000,
  abstract = {Subject-object ambiguities like in (1a-d), where the first NP can either be interpreted as the subject or as the direct object of the sentence, are one of the most intensively studied phenomena of German sentence processing, as is reflected by the number of contributions on this topic in the current volume (cf. the chapters of Markus Bader, Paul Gorrell, Lars Konieczny et al., and Matthias Schlesewsky et al.).},
  author = {Scheepers, Christoph and Hemforth, Barbara and Konieczny, Lars},
  editor = {Hemforth, Barbara and Konieczny, Lars},
  location = {Dordrecht},
  publisher = {Springer Netherlands},
  booktitle = {German Sentence Processing},
  date = {2000},
  doi = {10.1007/978-94-015-9618-3_4},
  isbn = {978-94-015-9618-3},
  pages = {95--135},
  title = {Linking Syntactic Functions with Thematic Roles: {Psych-Verbs} and the Resolution of Subject-Object Ambiguity},
}

@book{Schiffrin:1987,
  author = {Schiffrin, Deborah},
  location = {Cambridge},
  publisher = {Cambridge University Press},
  date = {1987},
  title = {Discourse Markers},
}

@article{Schourup:1999,
  author = {Schourup, Lawrence},
  date = {1999},
  journaltitle = {Lingua},
  number = {3-4},
  pages = {227--265},
  title = {Discourse Markers},
  volume = {107},
}

@article{schulz2021corpus,
  author = {Schulz, Miriam and Burnett, Heather and Hemforth, Barbara},
  date = {2021},
  doi = {https://doi.org/10.5334/gjgl.1142},
  journaltitle = {Glossa: {A} journal of general linguistics},
  number = {1},
  title = {Corpus, experimental and modeling investigations of cross-linguistic differences in pronoun resolution preferences},
  volume = {6},
}

@incollection{schumacher2016thematic,
  author = {Schumacher, Petra B. and Dangl, Manuel and Uzun, Elyesa},
  location = {Berlin},
  publisher = {De Gruyter},
  date = {2016},
  doi = {10.1515/9783110464108-011},
editor = {Holler, Anke and Suckow, Katja},  
booktitle = {Empirical perspectives on anaphora resolution}, 
pages = {213--240},
  title = {Thematic role as prominence cue during pronoun resolution in {G}erman},
  volume = {121},
}

@article{Scontras:2023,
  author = {Scontras, Gregory},
  date = {2023},
  doi = {10.1146/annurev-linguistics-030521-041835},
  journaltitle = {Annual Review of Linguistics},
  pages = {357--376},
  title = {Adjective Ordering Across Languages},
  volume = {9},
}

@incollection{selkirk:95,
  author = {Selkirk, Elisabeth},
  editor = {Goldsmith, John A.},
  location = {Cambridge, MA},
  publisher = {Blackwell},
  booktitle = {The Handbook of Phonological Theory},
  date = {1995},
  pages = {550--569},
  title = {Sentence Prosody: {Intonation}, Stress, and Phrasing},
  volume = {1},
}

@incollection{shimojo:23,
  author = {Shimojo, Mitsuaki},
  editor = {Bentley, Delia and Mairal Usón, Ricardo and Nakamura, Wataru and Van Valin, Jr., Robert D.},
  location = {Cambridge},
  publisher = {Cambridge University Press},
  booktitle = {The {Cambridge} Handbook of {Role} and {Reference} {Grammar}},
  date = {2023},
  pages = {616--643},
  title = {Extraction Restrictions in Complex Sentences},
}

@article{soares2020effect,
  author = {Soares, Eduardo Correa and Miller, Philip and Hemforth, Barbara},
  publisher = {SciELO Brasil},
  date = {2020},
  doi = {10.1590/1678-460x2020360107},
  journaltitle = {DELTA: Documentação de Estudos em Lingüística Teórica e Aplicada},
  number = {1},
  pages = {2020360107},
  title = {The Effect of Semantic and Discourse Features on the Use of Null and Overt Subjects: {A} Quantitative Study of Third Person Subjects in {Brazilian} {Portuguese}},
  volume = {36},
}

@incollection{Squartini:2014,
  author = {Squartini, Mario},
  editor = {Ghezzi, Chiara and Molinelli, Piera},
  location = {Oxford},
  publisher = {Oxford University Press},
  booktitle = {Discourse and Pragmatic Markers from {Latin} to the {Romance} Languages},
  date = {2014},
  pages = {190--210},
  title = {The pragmaticalization of `already' in {Romance}: {From} discourse grammar to illocution},
}

@incollection{stalnaker1978assertion,
  author = {Stalnaker, Robert C.},
  publisher = {Brill},
  booktitle = {Pragmatics},
  date = {1978-12-20},
  doi = {10.1163/9789004368873_013},
  isbn = {978-90-04-36887-3},
  langid = {english},
  pages = {315--332},
  title = {Assertion},
}

@article{stephenson_judge_2007,
  author = {Stephenson, Tamina},
  publisher = {Springer},
  date = {2007},
  issn = {1573-0549},
  journaltitle = {Linguistics and Philosophy},
  number = {4},
  pages = {487--525},
  doi = {10.1007/s10988-008-9023-4},
  title = {Judge dependence, epistemic modals, and predicates of personal taste},
  volume = {30},
}

@phdthesis{stephenson_thesis_2007,
  author = {Stephenson, Tamina},
  school = {MIT},
  year = {2007},
  title = {Towards a theory of subjective meaning},
}

@article{stevenson1994thematic,
  author = {Stevenson, Rosemary J. and Crawley, Rosalind A. and Kleinman, David},
  publisher = {Taylor \& Francis},
  date = {1994},
  doi = {https://doi.org/10.1080/01690969408402130},
  journaltitle = {Language and cognitive processes},
  number = {4},
  pages = {519--548},
  title = {Thematic roles, focus and the representation of events},
  volume = {9},
}

@article{stojanovic_2007,
  author = {Stojanovic, Isidora},
  publisher = {Springer},
  date = {2007},
  issn = {1573-0549},
  journaltitle = {Linguistics and Philosophy},
  number = {6},
  pages = {691--706},
  doi = {10.1007/s10988-008-9030-5},
  title = {Talking about taste: {Disagreement}, implicit arguments, and relative truth},
  volume = {30},
}

@article{stojanovic_2019,
  author = {Stojanovic, Isidora},
  date = {2019-01},
  journaltitle = {American Philosophical Quarterly},
  number = {1},
  pages = {29--41},
  doi = {10.2307/45128641},
  title = {Disagreements about Taste vs. Disagreements about Moral Issues},
  volume = {56},
}

@incollection{stojanovic_mcnally2023,
  author = {Stojanovic, Isidora and McNally, Louise},
  editor = {Bordonaba, David},
  publisher = {Springer},
  booktitle = {Experimental Philosophy of Language: {Perspectives}, Methods, and Prospects},
  date = {2023},
  pages = {103--120},
  doi = {10.1007/978-3-031-28908-8_6},
  title = {Are moral predicates subjective? {A} corpus study},
}

@article{Stokke:2017,
  author = {Stokke, Andreas},
  date = {2017},
  journaltitle = {Aristotelian Society Supplementary Volume},
  pages = {127--147},
  title = {Conventional implicature, presupposition, and lying},
  volume = {91},
number = {1},
doi = {10.1093/arisup/akx004},
}

@incollection{sudo2013biased,
  author = {Sudo, Yasutada},
  editor = {Gutzmann, Daniel and Gärtner, Hans-Martin},
  publisher = {Brill},
  booktitle = {Beyond Expressives: {Explorations} in Use-Conditional Meaning},
  date = {2013},
  isbn = {90-04-18398-1},
  langid = {english},
  pages = {275--295},
  title = {Biased Polar Questions in {English} and {Japanese}},
}

@incollection{Sun15a,
  author = {Sun, Chaofen},
  editor = {Wang, William S-Y. and Sun, Chaofen},
  location = {New York},
  publisher = {Oxford University Press},
  booktitle = {The {Oxford} Handbook of {Chinese} Linguistics},
  date = {2015},
  doi = {10.1093/oxfordhb/9780199856336.013.0027},
  ids = {Sunchaofen15a,SunC15a},
  pages = {362--376},
  title = {The Uses of \emph{de} as a Noun Phrase Marker},
}

@inproceedings{sutton2022restrictions,
  author = {Sutton, Peter Roger},
  booktitle = {Proceedings of {Semantics} and {Linguistic} {Theory} 32},
  date = {2022},
  doi = {10.3765/salt.v1i0.5351},
  pages = {335--355},
  title = {Restrictions on copredication: {A} situation theoretic approach},
}

@book{Sweetser:1990,
  author = {Sweetser, Eve},
  location = {Cambridge},
  publisher = {Cambridge University Press},
  date = {1990},
  title = {From Etymology to Pragmatics: {Metaphorical} and Cultural Aspects of Semantic Structure},
}

@article{TaboadaandMann:2006,
  author = {Taboada, Maite and Mann, William C.},
  date = {2006},
  journaltitle = {Discourse Studies},
  number = {3},
  pages = {423--459},
  title = {Rhetorical {Structure} {Theory}: {Looking} Back and Moving Ahead},
  volume = {8},
doi = {10.1177/1461445606061881},
}

@article{temme_verb_2016,
  author = {Temme, Anne and Verhoeven, Elisabeth},
  date = {2016},
  doi = {10.1515/ling-2016-0018},
  journaltitle = {Linguistics},
  number = {4},
  pages = {769--813},
  title = {Verb class, case, and order: {A} crosslinguistic experiment on non-nominative experiencers},
  volume = {54},
}

@article{temme_backward_2017,
  author = {Temme, Anne and Verhoeven, Elisabeth},
  date = {2017},
  doi = {10.1515/zfs-2017-0011},
  journaltitle = {Zeitschrift für {Sprachwissenschaft}},
  number = {2},
  pages = {279--308},
  title = {Backward binding as a psych effect: {A} binding illusion?},
  volume = {36},
}

@inproceedings{tily2009refer,
  author = {Tily, Harry and Piantadosi, Steven},
editor = {{van Deemter}, Kees and Gatt, Albert and {van Gompel}, R. and Krahmer, Emiel},  
booktitle = {Proceedings of the {Workshop} on the production of referring expressions: {Bridging} the gap between computational and empirical approaches to reference},
  date = {2009},
  title = {Refer efficiently: {Use} less informative expressions for more predictable meanings},
publisher = {Tilburg University},
}

@article{Tonhauseretal:2013,
  author = {Tonhauser, Judith and Beaver, David and Roberts, Craige and Simons, Mandy},
  date = {2013},
  journaltitle = {Language},
  pages = {66--109},
  title = {Toward a Taxonomy of Projective Content},
  volume = {89},
doi = {10.1353/lan.2013.0001},
}

@article{torregrossa2020variation,
  author = {Torregrossa, Jacopo and Andreou, Maria and Bongartz, Christiane M.},
  publisher = {Open Library of Humanities},
  date = {2020},
  doi = {doi.org/10.5334/gjgl.1011},
  journaltitle = {Glossa: {A} journal of general linguistics},
  number = {1},
  title = {Variation in the use and interpretation of null subjects: {A} view from {Greek} and {Italian}},
  volume = {5},
}

@incollection{Traugott:2018,
  author = {Traugott, Elizabeth Closs},
  editor = {Pons Bordería, Salvador and Loureda Lamas, Óscar},
  location = {Leiden and Boston},
  publisher = {Brill},
  booktitle = {Beyond Grammaticalization and Discourse Markers: {New} Issues in the Study of Language Change},
  date = {2018},
  pages = {17--50},
  title = {Modeling Language Change with Constructional Networks},
doi = {10.1515/opli-2018-0002},
}

@article{Traugott:2018a,
  author = {Traugott, Elizabeth Closs},
  date = {2018},
  journaltitle = {Open Linguistics},
  pages = {19--34},
  title = {Rethinking the Role of Invited Inferencing in Change from the Perspective of Interactional Texts},
  volume = {4},
}

@incollection{umbach_2016,
  author = {Umbach, Carla},
  editor = {Meier, Cécile and van Wijnbergen-Huitink, Janneke},
  publisher = {de Gruyter},
  address = {Berlin},
  booktitle = {Subjective meaning: {Alternatives} to Relativism},
  date = {2016},
  pages = {127--168},
  doi = {10.1515/9783110402001-008},
  title = {Evaluative Propositions and Subjective Judgments},
}

@book{uszkoreit_word_1987,
  author = {Uszkoreit, Hans},
  location = {Stanford, CA},
  publisher = {CSLI Publications},
  date = {1987},
  number = {8},
  series = {{CSLI} {Lecture} {Notes}},
  title = {Word Order and Constituent Structure in {German}},
}

@article{vanderSandt:1992,
  author = {van der Sandt, Rob A.},
  date = {1992},
  journaltitle = {Journal of Semantics},
  pages = {333--377},
  title = {Presupposition Projection as Anaphora Resolution},
  volume = {9},
number = {4},
	doi = {10.1093/jos/9.4.333},

}

@article{VanEynde06a,
  author = {Van Eynde, Frank},
  date = {2006},
  doi = {10.1017/S0022226705003713},
  journaltitle = {Journal of Linguistics},
  number = {1},
  pages = {139--186},
  title = {{NP}-Internal Agreement and the Structure of the Noun Phrase},
  volume = {42},
}

@article{VanEynde20a,
  author = {Van Eynde, Frank},
  date = {2020},
  doi = {10.5334/gjgl.1119},
  journaltitle = {Glossa: {A} Journal of General Linguistics},
  number = {1},
  pages = {65. 1--23},
  title = {Agreement, disagreement and the {NP} vs. {DP} debate},
  volume = {5},
}

@incollection{VanEynde21a,
  author = {Van Eynde, Frank},
  editor = {Müller, Stefan and Abeillé, Anne and Borsley, Robert D. and Koenig, Jean-Pierre},
  location = {Berlin},
  publisher = {Language Science Press},
  booktitle = {{Head-Driven Phrase Structure Grammar}: {The} handbook},
  date = {2021},
  doi = {10.5281/zenodo.5599832},
  ids = {VanEynde21},
  pages = {275--313},
  series = {Empirically Oriented Theoretical Morphology and Syntax},
  title = {Nominal Structures},
}

@book{vanValin:2005,
  author = {{Van Valin}, Jr., Robert D.},
  location = {Cambridge},
  publisher = {Cambridge University Press},
  date = {2005},
  doi = {10.1017/cbo9780511610578},
  ids = {VanValin2005,vanValin05,vanvalin:05},
  title = {Exploring the Syntax-Semantics Interface},
}

@incollection{vanvalin:23:langproc,
  author = {Van Valin, Jr., Robert D.},
  editor = {Bentley, Delia and Mairal Usón, Ricardo and Nakamura, Wataru and Van Valin, Jr., Robert D.},
  location = {Cambridge},
  publisher = {Cambridge University Press},
  booktitle = {The {Cambridge} Handbook of {Role} and {Reference} {Grammar}},
  date = {2023},
  pages = {693--736},
  title = {Grammatical Aspects of Language Processing in the Brain: {A} {Role} and {Reference} {Grammar} Perspective},
}

@incollection{vanvalin:23:princ,
  author = {Van Valin, Jr., Robert D.},
  editor = {Bentley, Delia and Mairal Usón, Ricardo and Nakamura, Wataru and Van Valin, Jr., Robert D.},
  location = {Cambridge},
  publisher = {Cambridge University Press},
  booktitle = {The {Cambridge} Handbook of {Role} and {Reference} {Grammar}},
  date = {2023},
  pages = {17--177},
  title = {Principles of {Role} and {Reference} {Grammar}},
}

@book{vvlp:97,
  author = {Van Valin, Jr., Robert D. and {LaPolla}, Randy J.},
  location = {Cambridge},
  publisher = {Cambridge University Press},
  date = {1997},
  title = {Syntax: {Structure}, Meaning, and Function},
}

@inproceedings{Varaschin&Co24a,
  author = {Varaschin, Giuseppe and {Machicao y Priemer}, Antonio and Lu, Yanru},
  editor = {Müller, Stefan},
  location = {Frankfurt am Main},
  publisher = {University Library},
  booktitle = {Proceedings of the 31st {International Conference} on {Head}-{Driven} {Phrase} {Structure} {Grammar}},
  date = {2024},
  pubstate = {Under Review},
  title = {Topic drop in {German}: {Grammar} and usage},
}

@phdthesis{vardomskaya_2018,
  author = {Vardomskaya, Tamara Nikolaevna},
  school = {The University of Chicago},
  year = {2018},
  isbn = {0-438-08830-1},
  title = {Sources of subjectivity},
}

@book{vendler:67,
  author = {Vendler, Zeno},
  location = {Ithaca},
  publisher = {Cornell University Press},
  date = {1967},
  title = {Linguistics in Philosophy},
}

@book{Verhagen:2005,
  author = {Verhagen, Arie},
  location = {Oxford},
  publisher = {Oxford University Press},
  date = {2005},
  title = {Constructions of Intersubjectivity. {Discourse}, Syntax and Cognition},
}

@inproceedings{vijay1988feature,
  author = {Vijay-Shanker, Krishnamurti and Joshi, Aravind},
  booktitle = {Coling {Budapest} 1988 {Volume} 2: {I}nternational {Conference} on {Computational} {Linguistics}},
  date = {1988},
  doi = {10.3115/991719.991783},
  pages = {714-719},
  title = {Feature structures based tree adjoining grammars},
}

@inproceedings{vogels2019both,
  author = {Vogels, Jorrig},
editor = {Goel, Ashok and Seifert, Colleen and Freksa, Christian},  
booktitle = {Proceedings of the 41st {Annual} {Conference} of {Cognitive} {Science} {Society}},
  date = {2019},
  doi = {10.34894/cytanw},
  pages = {3029--3035},
  title = {Both thematic role and next-mention biases affect pronoun use in {Dutch}},
publisher = {Cognitive Science Society},
}

@article{von2019discourse,
  author = {von Heusinger, Klaus and Schumacher, Petra B.},
  publisher = {Elsevier},
  date = {2019},
  doi = {https://doi.org/10.1016/j.pragma.2019.07.025},
  journaltitle = {Journal of Pragmatics},
  pages = {117--127},
  title = {Discourse prominence: {Definition} and application},
  volume = {154},
}

@incollection{vonstechow:91,
  author = {von Stechow, Arnim},
  editor = {Abraham, Werner},
  location = {Amsterdam},
  publisher = {John Benjamins},
  booktitle = {Discourse Particles: {Descriptive} and theoretical investigations on the logical, syntactic and pragmatic properties of discourse particles in {German}},
  date = {1991},
  pages = {37--84},
  title = {Focusing and background operators},
}

@article{Wkagiel2020a,
  author = {Wągiel, Marcin and Caha, Pavel},
  date = {2020},
  journaltitle = {Catalan Journal of Linguistics},
  pages = {199--229},
  title = {Universal semantic features and the typology of cardinal numerals},
  volume = {19},
}

@article{Wkagiel2021a,
  author = {Wągiel, Marcin and Caha, Pavel},
  publisher = {Akadémiai Kiadó Budapest},
  date = {2021},
  journaltitle = {Acta linguistica academica},
  number = {4},
  pages = {470--515},
  title = {Complex simplex numerals},
  volume = {68},
}

@incollection{Walters:2023,
  author = {Walters, Gina Scarpete},
  editor = {Lavidas, Nikolaos and Bergs, Alexander and van Gelderen, Elly and Sitaridou, Ioanna},
  location = {Cham},
  publisher = {Springer International Publishing},
  booktitle = {Internal and External Causes of Language Change: {The} {Naxos} Papers},
  date = {2023},
  pages = {189--210},
  title = {The Evolution of Temporal Adverbs into Discourse Markers: {G}rammaticalization or Pragmaticalization? {T}he Case of {R}omanian \textit{atunci} `then' and \textit{apoi} `afterward'},
}

@book{Walton:2013,
  author = {Walton, Douglas},
  location = {New York},
  publisher = {Cambridge University Press},
  date = {2013},
  title = {Methods of Argumentation},
}

@article{weatherford2021semantic,
  author = {Weatherford, Kathryn C. and Arnold, Jennifer E.},
  publisher = {Elsevier},
  date = {2021},
  doi = {https://doi.org/10.1016/j.cognition.2021.104759},
  journaltitle = {Cognition},
  pages = {104759},
  title = {Semantic predictability of implicit causality can affect referential form choice},
  volume = {214},
}

@report{Webberetal:2017,
  author = {Webber, Bonnie and Prasad, Rashmi and Lee, Alan and Joshi, Aravind},
  institution = {University of Pennsylvania},
  date = {2017},
  title = {The {Penn} {Discourse} {Treebank} 3.0 Annotation Manual}
}

@article{webelhuth_command_2022,
  author = {Webelhuth, Gert},
  date = {2022},
  doi = {10.1515/zfs-2022-2001},
  journaltitle = {Zeitschrift für Sprachwissenschaft},
  number = {2},
  pages = {339--392},
  title = {C-command constraints in {German}: {A} corpus-based investigation},
  volume = {41},
}

@phdthesis{westera2017exhaustivity,
  author = {Westera, Matthijs},
  title = {Exhaustivity and Intonation: {A} Unified Theory},
school = {University of Amsterdam},
  year = {2017},
}

@article{westera2018rising,
  author = {Westera, Matthijs},
  date = {2018},
  doi = {10.5334/gjgl.415},
  issn = {2397-1835},
  journaltitle = {Glossa: {A journal of General Linguistics}},
  langid = {english},
  pages = {1--32},
  title = {Rising Declaratives of the Quality-Suspending Kind},
  volume = {3:121},
}

@book{Wharton:2009,
  author = {Wharton, Tim},
  location = {Cambridge},
  publisher = {Cambridge University Press},
  date = {2009},
  title = {Pragmatics and Non-Verbal Communication},
}

@article{Wiltschko98a,
  author = {Wiltschko, Martina},
  publisher = {Springer},
  date = {1998},
  journaltitle = {The Journal of Comparative Germanic Linguistics},
  pages = {143--181},
  title = {On the syntax and semantics of (relative) pronouns and determiners},
  volume = {2},
}

@phdthesis{Winterstein:2010,
  author = {Winterstein, Grégoire},
title = {La dimension probabiliste des marqueurs de discours: {N}ouvelles perspectives sur l'argumentation dans la langue},  
school = {Université Paris Diderot},
  address = {Paris},
  year = {2010},
}

@report{XTAG:01,
  author = {{XTAG Research Group}},
  institution = {Institute for Research in Cognitive Science, University of Pennsylvania},
  url = {ftp://ftp.cis.upenn.edu/pub/xtag/release-2.24.2001/tech-report.pdf},
  date = {2001},
  title = {A {Lexicalized} {Tree} {Adjoining} {Grammar} for {English}},
  type = {techreport},
}

@article{Xu18a,
  author = {Xu, Zheng},
  date = {2018},
  doi = {10.1515/ling-2017-0035},
  ids = {XuZ18a},
  journaltitle = {Linguistics},
  number = {1},
  pages = {207--256},
  title = {The Word Status of {Chinese} Adjective-Noun Combinations},
  volume = {56},
}

@incollection{zaenen:23,
  author = {Zaenen, Annie},
  editor = {Dalrymple, Mary},
  location = {Berlin},
  publisher = {Language Science Press},
  booktitle = {Handbook of {Lexical} {Functional} {Grammar}},
  date = {2023},
  pages = {823--853},
  title = {Information structure},
}

@article{Zhang11a,
  author = {Zhang, Niina Ning},
  date = {2011},
  doi = {10.6519/TJL.2014.12(2).1},
  ids = {ZhangN11a},
  journaltitle = {Taiwan Journal of Linguistics},
  number = {1},
  pages = {1--50},
  title = {The Constituency of Classifier Constructions in {Mandarin Chinese}},
  volume = {9},
}

@article{Zhang2019a,
  author = {Zhang, Niina Ning},
  publisher = {Springer},
  date = {2019},
  journaltitle = {Journal of East Asian Linguistics},
  pages = {179--210},
  title = {Complex indefinites and the projection of {DP} in {Mandarin} {Chinese}},
  volume = {28},
}

@Article{yalcin2018,
  author = 	 {Seth Yalcin},
  title = 	 {Belief as Question-Sensitive},
  journal = 	 {Philosophy and Phenomenological Research},
  year = 	 {2018},
  volume =	 {97},
  pages =	 {23--47},
  doi = 	 {10.1111/phpr.12330},
  annote =	 {}
}

@PhdThesis{moulton2009,
  author = 	 {Keir Moulton},
  title = 	 {Natural Selection and the Syntax of Clausal Complementation},
  school = 	 {University of Massachusetts},
  year = 	 {2009},
  address =	 {Amherst},
  annote =	 {}
}
