@misc{HommerichReiß2011,
	title = {Ergebnisse der {BDÜ}-Mitgliederbefragung},
	author = {Hommerich, Christoph and Reiß, Nicole},
	year = {2011-04}
}

@article{Weaver1955,
	title = {Translation},
	volume = {14},
	pages = {15--23},
	journal = {Machine translation of languages},
	author = {Weaver, Warren},
	year = {1955}
}

@article{Hutchins2004,
	title = {Two precursors of machine translation: Artsrouni and Trojanskij},
	volume = {16},
	pages = {11--31},
	number = {1},
	journal = {International Journal of Translation},
	author = {Hutchins, John},
	year = {2004}
}

@book{Wilks2008,
	address = {New York},
	edition = {1st ed},
	title = {Machine translation: its scope and limits},
	isbn = {978-0-387-72773-8},
	shorttitle = {Machine translation},
	publisher = {Springer},
	author = {Wilks, Yorick},
	year = {2008}
}

@incollection{PavlovicPerekrestenko2009,
	address = {Tarragona},
	title = {Eye tracking translation directionality},
	pages = {93--109},
	booktitle = {Translation Research Projects 2},
	publisher = {Intercultural Studies Group,},
	author = {Pavlović, Nataša and Jensen, Kristian},
	editor = {Pym, Anthony and Perekrestenko, Alexnder},
	year = {2009}
}

@incollection{OBrien2009,
	address = {Copenhagen},
	title = {Eye tracking in translation process research: methodological challenges and solutions.},
	volume = {38},
	series = {Copenhagen studies in language},
	pages = {251--266},
	booktitle = {Methodology, technology and innovation in translation process research: a tribute to Arnt Lykke Jakobsen.},
	publisher = {Samfundslitteratur},
	author = {O’Brien, Sharon},
	editor = {Mees, Inger M. and Alves, Fabio and Göpferich, Susanne},
	year = {2009}
}

@incollection{Jakobsen2003,
	address = {Amsterdam; Philadelphia},
	title = {Effects of Think Aloud on Translation Speed, Revision and Segmentation},
	pages = {69--95},
	booktitle = {Triangulating Translation: Perspectives in Process Oriented Research},
	publisher = {John Benjamins},
	author = {Jakobsen, Arnt Lykke},
	editor = {Alves, Fabio},
	year = {2003},
	file = {Jakobsen 2003 Effects of Think Aloud on Translation Speed.pdf:C\:\\Users\\Jean\\Zotero\\storage\\GPUX6N2K\\Jakobsen 2003 Effects of Think Aloud on Translation Speed.pdf:application/pdf}
}

@book{Gopferich2008,
	address = {Tübingen},
	title = {Translationsprozessforschung: Stand, Methoden, Perspektiven},
	isbn = {978-3-8233-6439-9},
	series = {Translationswissenschaft},
	shorttitle = {Translationsprozessforschung},
	pagetotal = {313},
	number = {4},
	publisher = {G. Narr},
	author = {Göpferich, Susanne},
	year = {2008},
	keywords = {Translating and interpreting, Data processing, Research, Study and teaching}
}

@book{Nord2002,
	address = {Frankfurt am Main ; New York},
	title = {Hilfsmittel beim Übersetzen: eine empirische Studie zum Rechercheverhalten professioneller Übersetzer},
	isbn = {3-631-39331-8},
	series = {{FASK}, Publikationen des Fachbereichs Angewandte Sprach- und Kulturwissenschaft der Johannes Gutenberg-Universität Mainz in Germersheim},
	shorttitle = {Hilfsmittel beim Übersetzen},
	pagetotal = {286},
	number = {Bd. 32},
	publisher = {Lang},
	author = {Nord, Britta},
	year = {2002},
	keywords = {Translating and interpreting, Research Methodology}
}

@incollection{CarlEtAl2011,
	address = {Copenhagen, Denmark},
	title = {The process of post-editing: a pilot study},
	pages = {131--142},
	booktitle = {Copenhagen Studies in Language 41},
	author = {Carl, Michael and Dragsted, Barbara and Elming, Jacob and Hardt, Daniel and Jakobsen, Arnt Lykke},
	year = {2011}
}

@book{Kiraly1995,
	address = {Kent, Ohio},
	title = {Pathways to translation: pedagogy and process},
	isbn = {0-87338-516-0},
	series = {Translation studies},
	shorttitle = {Pathways to translation},
	pagetotal = {175},
	number = {3},
	publisher = {Kent State University Press},
	author = {Kiraly, Donald C.},
	year = {1995},
	keywords = {Translating and interpreting, Study and teaching, Language and languages, Psycholinguistics}
}

@book{Mehlhorn2011,
	address = {Heidelberg; New York},
	title = {Nature helps-- how plants and other organisms contribute to solve health problems},
	isbn = {978-3-642-19382-8},
	url = {http://public.eblib.com/EBLPublic/PublicView.do?ptiID=763732},
	publisher = {Springer},
	author = {Mehlhorn, Heinz},
	urlyear = {2014-01-21},
	year = {2011}
}

@book{Gadd2011,
	address = {Chichester, West Sussex, U.K.; Hoboken, N.J.},
	title = {{TRIZ} for engineers enabling inventive problem solving},
	isbn = {978-0-470-68432-0},
	url = {http://site.ebrary.com/id/10510618},
	publisher = {Wiley},
	author = {Gadd, Karen},
	urlyear = {2014-01-21},
	year = {2011}
}

@book{ZhangZhang2004,
	address = {Berlin; New York},
	title = {Agent-based hybrid intelligent systems: an agent-based fromework for complex problem solving},
	isbn = {3-540-20908-5},
	shorttitle = {Agent-based hybrid intelligent systems},
	publisher = {Springer},
	author = {Zhang, Zili and Zhang, Chengqi},
	year = {2004}
}

@book{HanlyEtAl2013,
	address = {Harlow},
	title = {Problem solving and program design in C},
	isbn = {978-0-273-77419-8},
	publisher = {Pearson Education},
	author = {Hanly, Jeri R. and Koffman, Elliot B. and Tahiliani, Mohit P.},
	year = {2013}
}

@book{Kamal2010,
	address = {Heidelberg; New York},
	title = {1000 solved problems in modern physics},
	isbn = {978-3-642-04332-1},
	publisher = {Springer},
	author = {Kamal, Ahmad A},
	year = {2010}
}

@book{QuirkEtAl2013,
	address = {Cham; New York},
	title = {Excel 2010 for physical sciences statistics a guide to solving practical problems},
	isbn = {978-3-319-00630-7},
	doi  = {10.1007/978-3-319-00630-7},
	publisher = {Springer},
	author = {Quirk, Thomas Joseph and Quirk, Meghan and Horton, Howard},
	urlyear = {2014-01-21},
	year = {2013}
}

@book{Wilss1996,
	address = {Amsterdam},
	title = {Knowledge and skills in translator behavior},
	isbn = {1-55619-696-2},
	publisher = {Benjamins},
	author = {Wilss, Wolfram},
	year = {1996}
}

@book{AghamohammadiRezaei2012,
	title = {Clinical cases in primary immunodeficiency diseases: a problem-solving approach},
	isbn = {978-3-642-31784-2},
	shorttitle = {Clinical cases in primary immunodeficiency diseases},
	author = {Aghamohammadi, Asghar and Rezaei, Nima},
	year = {2012}
}

@collection{GoutteEtAl2009,
	address = {Cambridge, Mass},
	title = {Learning machine translation},
	isbn = {978-0-262-07297-7},
	series = {Neural information processing series},
	pagetotal = {316},
	publisher = {{MIT} Press},
	editor = {Goutte, Cyril and Cancedda, Nicola and Dymetman, Marc and Foster, George},
	year = {2009},
	keywords = {Machine translating, Statistical methods}
}

@book{FerleinHartge2008,
	address = {Renningen},
	title = {Technische Dokumentation für internationale Märkte: haftungsrechtliche Grundlagen - Sprache - Gestaltung - Redaktion und Ubersetzung},
	isbn = {978-3-8169-2580-4},
	shorttitle = {Technische Dokumentation für internationale Märkte},
	publisher = {Expert Verl.},
	author = {Ferlein, Jörg and Hartge, Nicole},
	year = {2008}
}

@incollection{Lehrndorfer1996,
	address = {Tübingen},
	title = {Kontrollierte Sprache für Technische Dokumentation – Ein Ansatz für das Deutsche},
	isbn = {978-3-8233-4517-6},
	booktitle = {Wissenschaftliche Grundlagen der technischen Kommunikation},
	publisher = {G. Narr},
	author = {Lehrndorfer, Anne},
	editor = {Krings, Hans P.},
	year = {1996}
}

@incollection{Darpa2008,
	title = {Translation technology: Breaking the Language Barrier},
	pages = {98--101},
	booktitle = {{DARPA}: 50 Years of Bridging the Gap},
	author = {{DARPA}},
	year = {2008}
}

@inproceedings{Schafer2003,
	address = {Dublin, Ireland},
	title = {{MT} post-editing: how to shed light on the “unknown task”. Experiences at {SAP}.},
	eventtitle = {{EAMT}-{CLAW}-03},
	pages = {133--140},
	booktitle = {Controlled language translation},
	author = {Schäfer, Falko},
	year = {2003},
	keywords = {{PE} in practice, {SAP}}
}

@inproceedings{Rychtyckyj2006,
	address = {Cambridge, {MA}, {USA}},
	title = {Standard language at Ford Motors: a case study in controlled language development and deployment},
	eventtitle = {{CLAW} 2006: 5th International Workshop on Controlled Language Applications},
	booktitle = {{CLAW} 2006: 5th International Workshop on Controlled Language Applications},
	author = {Rychtyckyj, Nestor},
	year = {2006-06-12},
	keywords = {Ford, {MT} in der Praxis}
}schmit

@article{Bonet2013,
	title = {No rage against the machine},
	pages = {4--5},
	number = {6},
	journal = {Languages and translation},
	author = {Bonet, Josep},
	year = {2013},
	keywords = {{EU}, Machine translation}
}

@book{Mylonakis2012,
	address = {Amsterdam; Amsterdam},
	title = {Learning the latent structure of translation},
	isbn = {978-90-5776-235-2},
	url = {http://staff.science.uva.nl/~mmylonak/publications/thesis/mylonakis_thesis},
	publisher = {{ILLC} ; Universiteit van Amsterdam [Host]},
	author = {Mylonakis, Markos},
	year = {2012},
	keywords = {Machine translation}
}

@unpublished{Eisele2007,
	address = {Edinburgh},
	title = {Hybrid machine translation: combining rule-based and statistical {MT} systems},
	url = {http://mt-archive.info/MTMarathon-2007-Eisele.pdf},
	note = {First Machine Translation Marathon},
	author = {Eisele, Andreas},
	urlyear = {2013-04-15},
	year = {2007-04-16}
}

@book{HutchinsSomers1992,
	address = {London},
	title = {An introduction to machine translation},
	url = {http://www.hutchinsweb.me.uk/IntroMT-TOC.htm},
	pagetotal = {320},
	publisher = {Academic Press Inc},
	author = {Hutchins, W. John and Somers, Harold},
	year = {1992}
}

@inproceedings{GaspariHutchins2007,
	address = {Copenhagen, Denmark},
	title = {Online and Free! Ten Years of Online Machine Translation: Origins, Developments, Current Use and Future Prospects},
	eventtitle = {{MT} Summit {XI}},
	pages = {199--206},
	booktitle = {Proceedings of {MT} Summit {XI}},
	author = {Gaspari, Frederico and Hutchins, W. John},
	year = {2007},
	keywords = {Machine translation, Online {MT} Systems}
}

@book{Koehn2010,
	address = {Cambridge ; New York},
	title = {Statistical machine translation},
	isbn = {978-0-521-87415-1},
	pagetotal = {433},
	publisher = {Cambridge University Press},
	author = {Koehn, Philipp},
	year = {2010},
	keywords = {Machine translating, Statistical methods}
}

@inproceedings{Senez1998,
	address = {London},
	title = {Post-editing service for machine translation users at the European Commission},
	pages = {1--6},
	booktitle = {Translating and the Computer 20. Proceedings from Aslib conference},
	author = {Senez, Dorothy},
	year = {1998-11-12}
}

@inproceedings{Aymerich2004,
	address = {Waschington},
	title = {Using Machine Translation for fast, inexpensive, and accurate health information assimilation and dissemination: Experiences at the Pan American Health Organization},
	pages = {1--9},
	booktitle = {{ATMA} 2004: Sixth biennal conference of the Association for Machine Translation in the Americas},
	author = {Aymerich, Julia},
	year = {2004},
	keywords = {{PE} in practice, Post-Editing}
}

@article{Elsen2012,
	title = {Postediting - Schreckgespenst oder Perspektive},
	volume = {58},
	pages = {16--21},
	number = {4},
	journal = {{MDÜ}},
	author = {Elsen, Harald},
	year = {2012},
	keywords = {Post-Editing}
}

@article{OBrien2011,
	title = {Towards predicting post-editing productivity},
	volume = {25},
	issn = {0922-6567, 1573-0573},
	url = {http://www.springerlink.com/index/10.1007/s10590-011-9096-7},
	doi = {10.1007/s10590-011-9096-7},
	pages = {197--215},
	number = {3},
	journal = {Machine Translation},
	author = {O’Brien, Sharon},
	urlyear = {2013-02-28},
	year = {2011-09-27},
	keywords = {Post-Editing}
}

@article{CuloNitzke2016,
	title = {Patterns of Terminological Variation in Post-editing and of Cognate Use in Machine Translation in Contrast to Human Translation},
	volume = {4},
	pages = {106--114},
	number = {2},
	journal = {Baltic Journal of Modern Computing},
	author = {Čulo, Oliver and Nitzke, Jean},
	year = {2016}
}

@incollection{Winther_balling2014,
	address = {Newcastle upon Tyne},
	title = {Production Time Across Languages and Tasks: A Large-Scale Analysis Using the {CRITT} Translation Process Database},
	booktitle = {Psycholinguistic and cognitive inquiries in translation and interpretation studies.},
	publisher = {Cambridge Scholars Publishing},
	author = {Winther Balling, Laura and Carl, Michael},
	year = {2014}
}

@incollection{WhittenGraesser2003,
	address = {Cambridge },
	title = {Comprehension of text in problem solving},
	pages = {207--229},
	booktitle = {The psychology of problem solving},
	publisher = {Cambridge University Press},
	author = {Whitten, Shannon and Graesser, Arthur C},
	editor = {Davidson, Janet E and Sternberg, Robert J},
	year = {2003}
}

@book{Warwick2012,
	address = {New York},
	title = {Artificial intelligence: the basics},
	isbn = {978-0-415-56482-3},
	shorttitle = {Artificial intelligence},
	pagetotal = {183},
	publisher = {Routledge},
	author = {Warwick, K.},
	year = {2012},
	keywords = {Artificial intelligence, Intellect}
}

@incollection{Strohschneider2006,
	address = {Göttingen},
	title = {Kulturelle Unterschiede beim Problemlösen},
	volume = {Enzyklopädie der Psychologie Themenbereich C Theorie und Forschung Ser. 2 Kognition},
	pages = {547--615},
	booktitle = {Denken und Problemlösen},
	publisher = {Hogrefe},
	author = {Strohschneider, Stefan},
	editor = {Funke, Joachim},
	year = {2006}
}

@book{SnellLemp2013,
	address = {Oxford},
	title = {Clinical anatomy of the eye},
	publisher = {Blackwell Science},
	author = {Snell, Richard S and Lemp, Michael A},
	year = {2013}
}

@incollection{Silva2014,
	address = {Cambridge},
	title = {Integrating Post-Editing {MT} in a Professional Translation Workflow},
	pages = {24--51},
	booktitle = {Post-editing of Machine Translation},
	publisher = {Cambridge Scholars Publishing},
	author = {Silva, Roberto},
	editor = {O'Brien, Sharon and Winther Balling, Laura and Carl, Michael and Simard, Michel and Specia, Lucia},
	year = {2014}
}

@incollection{Schmitt2003markt,
	address = {Tübingen},
	edition = {2},
	title = {Marktsituation der Übersetzer},
	pages = {5--13},
	booktitle = {Handbuch Translation},
	publisher = {Stauffenburg},
	author = {Schmitt, Peter A},
	editor = {Snell-Hornby, Mary and Hönig, Hans G. and Kußmaul, Paul and Schmitt, Peter A.},
	year = {2003}
}

@incollection{Schmitt2003berufsbild,
	address = {Tübingen},
	edition = {2},
	title = {Berufsbild},
	pages = {1--5},
	booktitle = {Handbuch Translation},
	publisher = {Stauffenburg},
	author = {Schmitt, Peter A.},
	editor = {Snell-Hornby, Mary and Hönig, Hans G. and Kußmaul, Paul and Schmitt, Peter A.},
	year = {2003}
}



@incollection{SchaefferEtAl2016,
	address = {Berlin},
	title = {Word translation entropy: Evidence of early target language activation during reading for translation},
	pages = {183--210},
	booktitle = {New Directions in Empirical Translation Process Research},
	publisher = {Springer},
	author = {Schaeffer, Moritz and Dragsted, Barbara and Hvelplund, Kristian Tangsgaard and Balling, Laura Winther and Carl, Michael},
	year = {2016}
}

@book{SavitchCarrano2012,
	address = {London},
	title = {Java: an introduction to problem solving \& programming},
	isbn = {978-0-273-75142-7},
	shorttitle = {Java},
	publisher = {Pearson},
	author = {Savitch, Walter J and Carrano, Frank M.},
	year = {2012}
}

@book{Risku1998,
	address = {Tübingen},
	title = {Translatorische Kompetenz},
	publisher = {Stauffenburg},
	author = {Risku, Hanna},
	year = {1998}
}

@book{Reiss2014,
	address = {London \& New York},
	title = {Translation Criticism-Potentials and Limitations: Categories and Criteria for Translation Quality Assessment},
	publisher = {Routledge},
	author = {Reiss, Katharina},
	year = {2014}
}

@incollection{ReineckeBlasius2014,
	address = {Berlin},
	title = {Grundlagen der standardisierten Befragung},
	pages = {601--617},
	booktitle = {Handbuch Methoden der empirischen Sozialforschung},
	publisher = {Springer},
	author = {Reinecke, Jost},
	editor = {Baur, Nina and Blasius, Jörg},
	year = {2014}
}

@incollection{PretzEtAl2003,
	address = {Cambridge},
	title = {Recognizing, defining, and representing problems},
	volume = {30},
	pages = {3--30},
	booktitle = {The psychology of problem solving},
	publisher = {Cambridge Scholars Publishing},
	author = {Pretz, Jean E and Naples, Adam J and Sternberg, Robert J},
	year = {2003}
}

@incollection{Porst2014,
	address = {Wiesbaden},
	title = {Frageformulierung},
	pages = {687--699},
	booktitle = {Handbuch Methoden der empirischen Sozialforschung},
	publisher = {Springer},
	author = {Porst, Rolf},
	editor = {Baur, Nina and Blasius, Jörg},
	year = {2014}
}

@incollection{PooleBall2005,
	address = {Hershey {PA}, London},
	title = {Eye Tracking in Human-Computer Interaction and Usability Research},
	isbn = {1-59140-562-9},
	pages = {211--219},
	booktitle = {The Encyclopedia of Human Computer Interaction},
	publisher = {Information Science Pub},
	author = {Poole, Alex and Ball, Linden J.},
	editor = {Ghaoui, Claud},
	year = {2005},
	keywords = {Eye-Tracking}
}

@book{Orlando2016,
	address = {Berlin},
	title = {Training 21st century translators and interpreters: At the crossroads of practice, research and pedagogy},
	volume = {21},
	publisher = {Frank \& Timme {GmbH}},
	author = {Orlando, Marc},
	year = {2016}
}

@inproceedings{MoorkensOBrien2015,
	title = {Post-editing evaluations: Trade-offs between novice and professional participants},
	pages = {75--81},
	booktitle = {Proceedings of European Association for Machine Translation ({EAMT})},
	author = {Moorkens, Joss and O’Brien, Sharon},
	year = {2015}
}

@book{Mertin2006,
	address = {Leipzig},
	title = {Prozessorientiertes Qualitätsmanagement im Dienstleistungsbereich Übersetzen},
	publisher = {Lang},
	author = {Mertin, Elvira},
	year = {2006}
}

@incollection{LubartMouchiroud2003,
	address = {Cambridge},
	title = {Creativity: A source of difficulty in problem solving},
	pages = {127--148},
	booktitle = {The Psychology of Problem Solving},
	publisher = {Cambridge University Press},
	author = {Lubart, Todd I and Mouchiroud, Christophe},
	editor = {Davidson, Janet E and Sternberg, Robert J},
	year = {2003}
}

@incollection{Lorscher1986,
	address = {Tübingen},
	title = {Linguistic aspects of translation processes: Towards an analysis of translation performance},
	pages = {277--292},
	booktitle = {Interlingual and intercultural communication.},
	publisher = {Gunter Narr Verlag},
	author = {Lörscher, Wolfgang},
	year = {1986}
}

@incollection{Levy1968,
	address = {London; New York},
	title = {Translation as a decision process},
	pages = {148--159},
	booktitle = {The Translation Studies Reader},
	publisher = {Routledge},
	author = {Levỳ, Jiří},
	editor = {Venuti, Lawrence},
	year = {1968}
}

@inproceedings{LaubliEtAl2013,
	title = {Assessing post-editing efficiency in a realistic translation environment},
	eventtitle = {{WPTP}},
	pages = {83--91},
	booktitle = {Proceedings of {MT} Summit {XIV} Workshop on Post-editing Technology and Practice},
	author = {Läubli, Samuel and Fishel, Mark and Massey, Gary and Ehrensberger-Dow, Maureen and Volk, Martin},
	year = {2013}
}

@incollection{Kusmaul1986,
	address = {Tübingen; Basel},
	title = {Übersetzen als Entscheidungsprozeß. Die Rolle der Fehleranalyse in der Übersetzungsdidaktik},
	pages = {206--229},
	booktitle = {Übersetzungswissenschaft–Eine Neuorientierung},
	publisher = {Francke},
	author = {Kußmaul, Paul},
	editor = {Snell-Hornby, Mary},
	year = {1986}
}

@thesis{Kubiak2009,
	title = {Ubersetzer als Problemloser. Eine qualitative Studie zum Problemloseverhalten von semiprofessionellen Ubersetzern},
	institution = {Wydawnictwo Naukowe {UAM}},
	type = {phdthesis},
	editora = {Kubiak, Paweł},
	editoratype = {collaborator},
	year = {2009}
}

@book{Krings1986,
	address = {Tübingen},
	title = {Was in den Köpfen von Übersetzern vorgeht: Eine empirische Untersuchung zur Struktur des Übersetzungsprozesses an fortgeschrittenen Französischlernern},
	volume = {291},
	publisher = {Gunter Narr Verlag},
	author = {Krings, Hans P},
	year = {1986}
}

@incollection{Krings1986b,
	address = {Tübingen},
	title = {Translation problems and translation strategies of advanced German learners of French (L2)},
	pages = {263--276},
	booktitle = {Interlingual and intercultural communication},
	publisher = {Gunter Narr Verlag},
	author = {Krings, Hans P},
	editor = {House, Juliane and Blum-Kulka, Shoshana},
	year = {1986}
}

@inproceedings{KolssEtAl2008,
	address = {Hawaii},
	title = {Simultaneous German-English lecture translation.},
	eventtitle = {{IWSLT}},
	pages = {174--181},
	booktitle = {Proceedings of {IWSLT}},
	author = {Kolss, Muntsin and Wölfel, Matthias and Kraft, Florian and Niehues, Jan and Paulik, Matthias and Waibel, Alex},
	year = {2008}
}

@incollection{KlocknerFriedrichs2014,
	address = {Wiesbaden},
	title = {Gesamtgestaltung des Fragebogens},
	pages = {675--685},
	booktitle = {Handbuch Methoden der empirischen Sozialforschung},
	publisher = {Springer},
	author = {Klöckner, Jennifer and Friedrichs, Jürgen},
	editor = {Baur, Nina and Blasius, Jörg},
	year = {2014}
}

@incollection{KimBandettini2006,
	address = {New York},
	title = {Principles of functional {MRI}},
	pages = {3--22},
	booktitle = {Functional {MRI}: Basic Principles and Clinical Applications},
	publisher = {Springer},
	author = {Kim, Seong-Gi and Bandettini, Peter A},
	editor = {Faro, Scott H and Mohamed, Feroze B},
	year = {2006}
}

@incollection{Kaiser-cooke1994,
	address = {Amsterdam, Philadelphia},
	title = {Translatorial Expertise—A Cross-Cultural Phenomenon from an Interdisciplinary Perspective},
	pages = {135--139},
	booktitle = {Translation Studies. An Interdiscipline},
	publisher = {John Benjamins Publishing Company},
	author = {Kaiser-Cooke, Michèle},
	editor = {Snell-Hornby, Mary and Pöchhacker, Franz and Kaindl, Klaus},
	year = {1994}
}

@book{JungermannEtAl2010,
	address = {Heidelberg},
	edition = {3., [korr.] Aufl},
	title = {Die Psychologie der Entscheidung: eine Einführung},
	isbn = {978-3-8274-2386-3},
	shorttitle = {Die Psychologie der Entscheidung},
	pagetotal = {481},
	publisher = {Spektrum, Akad. Verl},
	author = {Jungermann, Helmut and Pfister, Hans-Rüdiger and Fischer, Katrin},
	year = {2010},
	keywords = {Einführung, Entscheidung, Entscheidungsforschung, Financial Decision Making, Psychologie, Sozialwissenschaft, Verhaltenswissenschaft},
	file = {Table of Contents PDF:C\:\\Users\\Jean\\Zotero\\storage\\ZQFFVBHE\\Jungermann et al. - 2010 - Die Psychologie der Entscheidung eine Einführung.pdf:application/pdf}
}

@book{JungermannEtAl2005,
	address = {Heidelberg},
	edition = {2.},
	title = {Die Psychologie der Entscheidung-Eine Einführung},
	publisher = {Spektrum Akademischer Verlag},
	author = {Jungermann, H and Pfister, Hans-Rüdiger and Fischer, K},
	year = {2005}
}

@incollection{Jakobsen2011,
	address = {Amsterdam, Philadelphia},
	title = {Tracking translators’ keystrokes and eye movements with Translog},
	pages = {37--55},
	booktitle = {Methods and Strategies of Process Research},
	publisher = {John Benjamins Publishing Company},
	author = {Jakobsen, Arnt Lykke},
	editor = {Alvstad, Cecilia and Hild, Adelina and Tiselius, Elisabet},
	year = {2011},
	file = {Jakobsen 2011 Tracking Translators Keystrokes and Eye Movements with Translog BTL94 pp37-55.pdf:C\:\\Users\\Jean\\Zotero\\storage\\SBHQVKDE\\Jakobsen 2011 Tracking Translators Keystrokes and Eye Movements with Translog BTL94 pp37-55.pdf:application/pdf}
}

@incollection{Jakobsen2005,
	address = {Berlin, New York},
	title = {Investigating expert translators’ processing knowledge},
	series = {Text, Translation, Computational Processing [{TTCP}]},
	number = {7},
	booktitle = {Knowledge systems and translation},
	publisher = {Mouton de Gruyter},
	author = {Jakobsen, Arnt Lykke},
	editor = {Dam, Helle V. and Engberg, Jan and Gerzymisch-Arbogast, Heidrun},
	year = {2005}
}

@incollection{Jakobsen2002,
	address = {Copenhagen},
	title = {Translation drafting by professional translators and by translation students},
	series = {Copenhagen Studies in Language},
	pages = {191--204},
	number = {27},
	booktitle = {Empirical Translation Studies: Process and Product},
	publisher = {Samfundslitteratur},
	author = {Jakobsen, Arnt Lykke},
	editor = {Hansen, Gyde},
	year = {2002}
}

@incollection{Jaaskelainen2010,
	address = {Amsterdam; Philadelphia},
	title = {Think-aloud protocol},
	volume = {1},
	pages = {371--374},
	booktitle = {Handbook of translation studies},
	publisher = {John Benjamins Publishing Company},
	author = {Jääskeläinen, Riitta},
	editor = {Gambier, Yves and van Doorslaer, Luc},
	year = {2010}
}

@incollection{JaaskelainenTirkkonen-Condit1991,
	address = {Tübingen},
	title = {Automatised processes in professional vs. non-professional translation: A think-aloud protocol study},
	pages = {89--109},
	booktitle = {Empirical research in translation and intercultural studies.},
	publisher = {Gunter Narr},
	author = {Jääskeläinen, Riitta and Tirkkonen-Condit, Sonja},
	year = {1991}
}

@incollection{Hutchins1995,
	address = {Cambridge},
	title = {Machine translation: A brief history},
	pages = {431--445},
	booktitle = {Concise history of the language sciences: from the Sumerians to the cognitivists},
	publisher = {Cambrige University Press},
	author = {Hutchins, W John},
	year = {1995}
}

@book{House1997,
	address = {Tübingen},
	title = {Translation quality assessment: A model revisited},
	volume = {410},
	publisher = {Gunter Narr Verlag},
	author = {House, Juliane},
	year = {1997}
}

@book{Horn-helf2007,
	address = {Frankfurt a.M.},
	title = {Kulturdifferenz in Fachtextsortenkonventionen: Analyse und Translation: ein Lehr-und Arbeitsbuch},
	volume = {4},
	series = {Leipziger Studien zur angewandten Linguistik und Translatologie},
	publisher = {Peter Lang},
	author = {Horn-Helf, Brigitte},
	year = {2007}
}

@book{Horn-helf1999,
	address = {Tübingen, Basel},
	title = {Technisches Übersetzen in Theorie und Praxis},
	publisher = {Francke},
	author = {Horn-Helf, Brigitte},
	year = {1999}
}

@book{Heller2012,
	address = {Berlin},
	title = {Translationswissenschaftliche Begriffsbildung und das Problem der performativen Unauffälligkeit von Translation},
	volume = {51},
	publisher = {Frank \& Timme {GmbH}},
	author = {Heller, Lavinia},
	year = {2012}
}

@book{Gomez-perez2010,
	address = {[Amsterdam]; Heidelberg, Germany},
	title = {Acquisition and understanding of process knowledge using problem solving methods},
	isbn = {978-1-60750-600-3},
	publisher = {{IOS} Press ; {AKA}},
	author = {Gómez-Pérez, José Manuel},
	year = {2010}
}

@incollection{Funke2006,
	address = {Göttingen},
	title = {Komplexes Problemlösen},
	series = {Enzyklopädie der Psychologie Themenbereich C Theorie und Forschung Ser. 2 Kognition},
	pages = {373--443},
	booktitle = {Denken und Problemlösen},
	publisher = {Hogrefe},
	author = {Funke, Joachim},
	editor = {Funke, Joachim},
	year = {2006}
}

@book{Frensch1995,
	address = {Heidelberg},
	title = {Definitions, traditions, and a general framework for understanding complex problem solving},
	publisher = {Universitätsbibliothek der Universität Heidelberg},
	author = {Frensch, Peter A and Funke, Joachim},
	year = {1995}
}

@incollection{Franzen2014,
	address = {Wiesbaden},
	title = {Antwortskalen in standardisierten Befragungen},
	pages = {701--711},
	booktitle = {Handbuch Methoden der empirischen Sozialforschung},
	publisher = {Springer},
	author = {Franzen, Axel},
	editor = {Baur, Nina and Blasius, Jörg},
	year = {2014}
}

@incollection{FranceschiniEtAl2003,
	address = {New York},
	title = {Lexicon in the brain: What neurobiology has to say about languages},
	pages = {153--166},
	booktitle = {The multilingual lexicon},
	publisher = {Kluwer Academic Publishers},
	author = {Franceschini, Rita and Zappatore, Daniela and Nitsch, Cordula},
	editor = {Cenoz, Jasone and Hufeisen, Britta and Jessner, Ulrike},
	year = {2003}
}

@book{FaroMohamed2006,
	address = {New York},
	title = {Functional {MRI}: basic principles and clinical applications},
	publisher = {Springer Science \& Business Media},
	author = {Faro, Scott H and Mohamed, Feroze B},
	year = {2006}
}

@incollection{EricssonSternberg2003,
	address = {Cambridge },
	title = {The acquisition of expert performance as problem solving},
	pages = {31--83},
	booktitle = {The psychology of problem solving},
	publisher = {Cambridge University Press},
	author = {Ericsson, A},
	editor = {Davidson, Janet E and Sternberg, Robert J},
	year = {2003}
}

@book{Engel1998,
	address = {New York},
	title = {Problem-solving strategies},
	isbn = {978-0-387-98219-9},
	publisher = {Springer},
	author = {Engel, Arthur},
	year = {1998}
}

@incollection{Dorner2006,
	address = {Göttingen},
	title = {Sprache und Denken},
	volume = {Enzyklopädie der Psychologie Themenbereich C Theorie und Forschung Ser. 2 Kognition},
	pages = {617--643},
	booktitle = {Denken und Problemlösen},
	publisher = {Hogrefe},
	author = {Dörner, Dietrich},
	editor = {Funke, Joachim},
	year = {2006}
}

@inproceedings{Depraetere2010,
	address = {Saint-Raphaël, France},
	title = {What counts as useful advice in a university post-editing training context? Report on a case study},
	booktitle = {{EAMT} 2010: proceedings of the 14th annual conference of the European association for machine translation},
	author = {Depraetere, Ilse},
	year = {2010}
}

@incollection{DaemsEtAl2016,
	address = {Heidelberg; New York},
	title = {The Effectiveness of Consulting External Resources During Translation and Post-editing of General Text Types},
	pages = {111--133},
	booktitle = {New Directions in Empirical Translation Process Research},
	publisher = {Springer},
	author = {Daems, Joke and Carl, Michael and Vandepitte, Sonia and Hartsuiker, Robert and Macken, Lieve},
	editor = {Carl, Michael and Bangalore, Srinivas and Schaeffer, Moritz},
	year = {2016}
}

@incollection{CuloEtAl2014,
	address = {Newcastle upon Tyne},
	title = {The Influence of Post-Editing on Translation Strategies},
	pages = {200--218},
	booktitle = {Post-Editing of Machine Translation: Processes and Applications},
	publisher = {Cambridge Scholars Publishing},
	author = {Čulo, Oliver and Gutermuth, Silke and Hansen-Schirra, Silvia and Nitzke, Jean},
	editor = {Winther Balling, Laura and Carl, Michael},
	year = {2014}
}

@book{Cronin2003,
	address = {London; New York},
	title = {Translation and globalization},
	publisher = {Routledge},
	author = {Cronin, Michael},
	year = {2003}
}

@incollection{Chesterman2011,
	address = {Amsterdam, Philadelphia},
	title = {Reflections on the literal translation hypothesis},
	volume = {94},
	pages = {23--35},
	booktitle = {Methods and strategies of process research: integrative approaches in translation studies},
	publisher = {John Benjamins Publishing Company},
	author = {Chesterman, Andrew},
	editor = {Alvstad, Cecilia and Hild, Adelina and Tiselius},
	year = {2011}
}

@article{CarlSchaeffer2013,
	title = {The {CRITT} Translation Process Research Database V1. 4},
	url = {http://bridge.cbs.dk/resources/tpr-db/TPR-DB1.4.pdf},
	author = {Carl, Michael and Schaeffer, Moritz J},
	urlyear = {2014-06-10},
	year = {2013}
}

@incollection{CarlEtAl2016critt,
	address = {Heidelberg; New York},
	title = {The {CRITT} Translation Process Research Database},
	pages = {13--54},
	booktitle = {New Directions in Empirical Translation Process Research},
	publisher = {Springer},
	author = {Carl, Michael and Schaeffer, Moritz and Bangalore, Srinivas},
	year = {2016}
}

@inproceedings{CarlEtAl2016japanese,
	title = {English-to-Japanese Translation vs. Dictation vs. Post-editing},
	eventtitle = {The 10th International Conference on Language Resources and Evaluation.},
	pages = {4024--4031},
	booktitle = {Lrec 2016 Proceedings: Tenth International Conference on Language Resources and Evaluation},
	publisher = {{ELRA}},
	author = {Carl, Michael and Aizawa, Akiko and Yamada, Masaru},
	year = {2016}
}

@incollection{Binder2006,
	address = {New York},
	title = {{fMRI} of language systems: methods and applications},
	pages = {245--277},
	booktitle = {Functional Neuroradiology},
	publisher = {Springer},
	author = {Binder, Jeffrey R},
	editor = {Faro, Scott H and Mohamed, Feroze B and Law, Meng and Ulmer, John T.},
	year = {2006}
}

@article{Biello2006,
	title = {Fact or Fiction?: Archimedes Coined the Term ‘Eureka!’in the Bath},
	volume = {8},
	url = {https://www.scientificamerican.com/article/fact-or-fiction-archimede/},
	journal = {Scientific American},
	author = {Biello, David},
	year = {2006}
}

@report{Bdu2012,
	address = {Berlin},
	title = {Mensch ./. Maschine - Ergebnisse der {BDÜ}-Untersuchung zur Qualität der Übersetzungen durch Google Translate},
	url = {http://www.bdue.de/uploads/media/2796_BDUe__Pressedossier_MenschMaschine_10.2012.pdf},
	pages = {44},
	institution = {{BDÜ}},
	type = {Pressedossier},
	author = {{BDÜ}},
	year = {2012-10}
}

@incollection{BangaloreEtAl2016,
	address = {Heidelberg; New York; Dordrecht; London},
	title = {Syntactic Variance and Priming Effects in Translation},
	pages = {211--238},
	booktitle = {New Directions in Empirical Translation Process Research},
	publisher = {Springer},
	author = {Bangalore, Srinivas and Behrens, Bergljot and Carl, Michael and Ghankot, Maheshwar and Heilmann, Arndt and Nitzke, Jean and Schaeffer, Moritz and Sturm, Annegret},
	editor = {Carl, Michael and Bangalore, Srinivas and Schaeffer, Moritz},
	year = {2016}
}

@incollection{Baker1996,
	address = {Amsterdam \& Philadelphia},
	title = {Corpus-based translation studies: The challenges that lie ahead},
	volume = {18},
	pages = {175--186},
	booktitle = {Terminology, {LSP}, and Translation: Studies in Language Engineering in Honour of Juan C. Sager},
	publisher = {John Benjamins Publishing Company},
	author = {Baker, Mona},
	editor = {Somers, Harold},
	year = {1996}
}

@inproceedings{BahdanauEtAl2014,
	title = {Neural machine translation by jointly learning to align and translate},
	eventtitle = {{ICLR} 2015},
	booktitle = {{arXiv} preprint {arXiv}:1409.0473},
	author = {Bahdanau, Dzmitry and Cho, Kyunghyun and Bengio, Yoshua},
	year = {2014}
}

@article{BaaijenEtAl2012,
	title = {Keystroke analysis: Reflections on procedures and measures},
	volume = {29},
	pages = {246--277},
	number = {3},
	journal = {Written Communication},
	author = {Baaijen, Veerle M and Galbraith, David and de Glopper, Kees},
	year = {2012}
}

@article{Arenas2008,
	title = {Productivity and quality in the post-editing of outputs from translation memories and machine translation},
	volume = {7},
	pages = {11--21},
	number = {1},
	journal = {The International Journal of Localisation},
	author = {Arenas, Ana Guerberof},
	year = {2008}
}

@incollection{Angelone2010,
	address = {Amsterdam \& Philadelphia},
	title = {Uncertainty, uncertainty management and metacognitive problem solving in the translation task},
	series = {American Translators Association Scholarly Monograph Series},
	pages = {17--40},
	number = {15},
	booktitle = {Translation and cognition},
	publisher = {John Benjamins Publishing Company},
	author = {Angelone, Erik},
	editor = {Shreve, Gregory M. and Angelone, Erik},
	year = {2010}
}

@incollection{AlvesLipariniCampos2009,
	address = {Copenhagen},
	title = {Translation technology in time: Investigating the impact of translation memory systems and time pressure on types of internal and external support},
	volume = {37},
	pages = {191--218},
	booktitle = {Behind the Mind: Methods, Models and Results in Translation Process Research},
	publisher = {Copenhagen Studies in Language},
	author = {Alves, Fabio and Liparini Campos, Tania},
	editor = {Göpferich, Susanne and Jakobsen, Arnt Lykke and Mees, Inger M.},
	year = {2009}
}

@incollection{Allen2003,
	address = {Amsterdam \& Philadelphia},
	title = {Post-editing},
	volume = {35},
	pages = {297--318},
	booktitle = {Computers and Translation: A translator's guide},
	publisher = {John Benjamins Translation Library},
	author = {Allen, Jeffrey},
	editor = {Somers, Harold},
	year = {2003}
}

@incollection{AhrensEtAl2010,
	address = {Amsterdam \& Philadelphia},
	title = {{fMRI} for exploring simultaneous interpreting},
	volume = {88},
	pages = {237--249},
	booktitle = {Why translation studies matters},
	publisher = {John Benjamins Publishing Company},
	author = {Ahrens, Barbara and Kalderon, Eliza and Krick, Christoph M and Reith, Wolfgang},
	editor = {Gile, Daniel and Hansen, Gyde and Pokorn, Nike},
	year = {2010}
}

@article{Muller-SpitzerEtAl2015,
	title = {Observing online dictionary users: Studies using wiktionary log files},
	volume = {28},
	pages = {1--26},
	number = {1},
	journal = {International Journal of Lexicography},
	author = {Müller-Spitzer, Carolin and Wolfer, Sascha and Koplenig, Alexander},
	year = {2015}
}

@book{SchmittEtAl2016,
	address = {Berlin},
	title = {Übersetzer und Dolmetscher: Eine internationale Umfrage zur Berufspraxis},
	publisher = {{BDÜ} Fachverlag},
	author = {Schmitt, Peter A and Gerstmeyer, Lina and Müller, Sarah},
	year = {2016}
}

@book{Hvelplund2011,
	address = {Copenhagen, Denmark},
	title = {Allocation of cognitive resources in translation: An eye-tracking and key-logging study},
	publisher = {Copenhagen Business School - {PhD} Series},
	author = {Hvelplund, Kristian Tangsgaard},
	year = {2011}
}

@incollection{CarlSchwieter2014,
	address = {Newcastle upon Tyne},
	title = {Post-Editing Machine Translation–a Usability Test for Professional Translation Settings},
	pages = {145 -- 174},
	booktitle = {Psycholinguistic and cognitive inquiries in translation and interpretation studies.},
	publisher = {Cambridge Scholars Publishing},
	author = {Carl, Michael and Gutermuth, Silke and Hansen-Schirra, Silvia},
	editor = {Ferreira, Aline and Schwieter, John W.},
	year = {2014}
}

@article{ElmerEtAl2010,
	title = {Simultaneous interpreters as a model for neuronal adaptation in the domain of language processing},
	volume = {1317},
	pages = {147--156},
	journal = {Brain research},
	author = {Elmer, Stefan and Meyer, Martin and Jancke, Lutz},
	year = {2010}
}

@article{GrabnerEtAl2007,
	title = {Event-related {EEG} theta and alpha band oscillatory responses during language translation},
	volume = {72},
	pages = {57--65},
	number = {1},
	journal = {Brain research bulletin},
	author = {Grabner, Roland H and Brunner, Clemens and Leeb, Robert and Neuper, Christa and Pfurtscheller, Gert},
	year = {2007}
}

@incollection{Hansen-Schirra2017,
	address = {Malden, {MA}/Oxford, England},
	title = {{EEG} and Universal Language Processing in Translation},
	pages = {232--247},
	booktitle = {The Handbook of Translation and Cognition},
	publisher = {Wiley-Blackwell},
	author = {Hansen-Schirra, Silvia},
	editor = {Schwieter, John W. and Ferreira, Aline},
	year = {2017}
}

@book{Alves2003,
	address = {Amsterdam \& Philadelphia},
	title = {Triangulating translation: perspectives in process oriented research},
	volume = {45},
	publisher = {John Benjamins Publishing},
	author = {Alves, Fabio},
	year = {2003}
}

@book{Ottmann2017,
	title = {Best Practices - Übersetzen und Dolmetschen: Ein Nachschlagewerk aus der Praxis für Sprachmittler und Auftraggeber},
	isbn = {978-3-938430-85-9},
	shorttitle = {Best Practices - Übersetzen und Dolmetschen},
	author = {Ottmann, Angelika},
	year = {2017},
	note = {{OCLC}: 968251708}
}

@article{Green2015,
	title = {Beyond Post-Editing: Advances in Interactive Translation Environments},
	url = {http://www.atanet.org/chronicle-online/wp-content/uploads/ATA-Chronicle-ND2015.pdf},
	pages = {19--22},
	number = {9},
	journal = {The {ATA} Chronicle},
	author = {Green, Spence},
	urlyear = {2017-03-18},
	year = {2015}
}

@article{Cassemiro2015,
	title = {{PEMT} Yourself!},
	url = {http://www.atanet.org/chronicle-online/wp-content/uploads/ATA-Chronicle-ND2015.pdf},
	pages = {13--15},
	number = {9},
	journal = {The {ATA} Chronicle},
	author = {Cassemiro, William},
	urlyear = {2017-03-18},
	year = {2015}
}

@article{Garcia2009,
	title = {Beyond translation memory: Computers and the professional translator},
	volume = {12},
	url = {http://www.jostrans.org/issue12/art_garcia.php},
	pages = {199--214},
	number = {12},
	journal = {The Journal of Specialised Translation},
	author = {Garcia, Ignacio},
	year = {2009}
}

@report{MassardoEtAl2016,
	address = {Amsterdam},
	title = {{TAUS} {MT} Post-Editing Guidelines},
	url = {https://www.taus.net/think-tank/articles/postedit-articles/taus-post-editing-guidelines},
	author = {Massardo, Isabella and van der Meer, Jaap and O'Brien, Sharon and Hollowood, Fred and Aranberri, Nora and Drescher, Katrin},
	urlyear = {2017-03-16},
	year = {2016}
}

@inproceedings{Culo2014,
	title = {From Translation Machine Theory to Machine Translation Theory–some initial considerations},
	eventtitle = {{INFuture}2013: “Information Governance”},
	pages = {31--38},
	booktitle = {The Future of Information Science},
	author = {Čulo, Oliver},
	year = {2014}
}

@inproceedings{CarlHansen1999,
	title = {Linking translation memories with example-based machine translation},
	pages = {617--624},
	booktitle = {Machine Translation Summit {VII}},
	author = {Carl, Michael and Hansen, Silvia},
	year = {1999}
}

@report{BusemannEtAl2012,
	title = {{EuroMatrixPlus} - Final Report},
	url = {http://www.euromatrixplus.org/resources/86},
	author = {Busemann, S. and Bojar, O. and Callison-Burch, C. and Cettolo, M. and Federico, M. and Garabik, R. and van Genabith, J. and Koehn, P. and Matuska, D. and Schwenk, H. and Simov, K. and Uszkoreit, H. and Wolf, P.},
	urlyear = {2017-03-16},
	year = {2012}
}

@inproceedings{Koehn2005,
	title = {Europarl: A parallel corpus for statistical machine translation},
	volume = {5},
	pages = {79--86},
	booktitle = {{MT} summit},
	author = {Koehn, Philipp},
	year = {2005}
}

@inproceedings{Al-OnaizanEtAl1999,
	title = {Statistical machine translation},
	volume = {30},
	booktitle = {Final Report, {JHU} Summer Workshop},
	author = {Al-Onaizan, Yaser and Curin, Jan and Jahr, Michael and Knight, Kevin and Lafferty, John and Melamed, Dan and Och, Franz-Josef and Purdy, David and Smith, Noah A and Yarowsky, David},
	year = {1999}
}

@article{MarcusEtAl1993,
	title = {Building a large annotated corpus of English: The Penn Treebank},
	volume = {19},
	pages = {313--330},
	number = {2},
	journal = {Computational linguistics},
	author = {Marcus, Mitchell P and Marcinkiewicz, Mary Ann and Santorini, Beatrice},
	year = {1993}
}

@incollection{Nitzke2016mono,
	address = {Berlin},
	title = {Monolingual post-editing: An exploratory study on research behaviour and target text quality},
	pages = {83--108},
	booktitle = {Eyetracking and Applied Linguistics},
	publisher = {Language Science Press},
	author = {Nitzke, Jean},
	editor = {Hansen-Schirra, Silvia and Gruzca, Sambor},
	year = {2016}
}

@incollection{Rosener2016,
	address = {Berlin},
	title = {Eye tracking and beyond: The dos and don’ts of creating a contemporary usability lab},
	pages = {143--162},
	booktitle = {Eyetracking and Applied Linguistics},
	publisher = {Language Science Press},
	author = {Rösener, Christoph},
	editor = {Hansen-Schirra, Silvia and Gruzca, Sambor},
	year = {2016}
}

@article{LavieDenkowski2009,
	title = {The {METEOR} metric for automatic evaluation of machine translation},
	volume = {23},
	pages = {105--115},
	number = {2},
	journal = {Machine translation},
	author = {Lavie, Alon and Denkowski, Michael J},
	year = {2009}
}

@article{FiedererO’Brien2009,
	title = {Quality and machine translation: A realistic objective},
	volume = {11},
	pages = {52--74},
	journal = {Journal of Specialised Translation},
	author = {Fiederer, Rebecca and O’Brien, Sharon},
	year = {2009}
}

@article{Honig1997,
	title = {Positions, power and practice: Functionalist approaches and translation quality assessment},
	volume = {4},
	pages = {6--34},
	number = {1},
	journal = {Current Issues in Language \& Society},
	author = {Hönig, Hans G},
	year = {1997}
}

@article{KutasFedermeier2011,
	title = {Thirty years and counting: Finding meaning in the N400 component of the event related brain potential ({ERP})},
	volume = {62},
	pages = {621--643},
	journal = {Annual review of psychology},
	author = {Kutas, Marta and Federmeier, Kara D},
	year = {2011}
}

@article{Thurmond2001,
	title = {The point of triangulation},
	volume = {33},
	pages = {253--258},
	number = {3},
	journal = {Journal of nursing scholarship},
	author = {Thurmond, Veronica A},
	year = {2001}
}

@book{HolmqvistEtAl2011,
	address = {Oxford ; New York},
	title = {Eye tracking: a comprehensive guide to methods and measures},
	isbn = {978-0-19-969708-3},
	shorttitle = {Eye tracking},
	pagetotal = {537},
	publisher = {Oxford University Press},
	author = {Holmqvist, Kenneth and Nyström, Marcus and Andersson, Richard and Dewhurst, Richard and Jarodzka, Halszka and Van de Weijer, Joost},
	year = {2011},
	note = {{OCLC}: ocn741340045},
	keywords = {Computer graphics, Data Collection, Eye Movement Measurements, Eye tracking, Human-computer interaction, Numerical Analysis, Computer-Assisted}
}

@article{JustCarpenter1980,
	title = {A theory of reading: from eye fixations to comprehension.},
	volume = {87},
	pages = {329},
	number = {4},
	journal = {Psychological review},
	author = {Just, Marcel A and Carpenter, Patricia A},
	year = {1980}
}

@book{Duchowski2003,
	address = {New York},
	title = {Eye tracking methodology: theory and practice},
	isbn = {978-1-85233-666-0},
	shorttitle = {Eye tracking methodology},
	pagetotal = {251},
	publisher = {Springer},
	author = {Duchowski, Andrew T.},
	year = {2003},
	keywords = {Computer graphics, Eye tracking, Human-computer interaction, Computer vision, Visual perception}
}

@misc{Tobii????,
	title = {Tobii {TX}300 Eye Tracker - For research of oculomotor functions and  natural human behavior},
	url = {http://www.tobiipro.com/siteassets/tobii-pro/brochures/tobii-pro-tx300-brochure.pdf},
	author = {tobii},
	urlyear = {2016-11-20}
}

@article{LeijtenVanWaes2013,
	title = {Keystroke logging in writing research using Inputlog to analyze and visualize writing processes},
	volume = {30},
	pages = {358--392},
	number = {3},
	journal = {Written Communication},
	author = {Leijten, Mariëlle and Van Waes, Luuk},
	year = {2013}
}

@inproceedings{Carl2012,
	title = {Translog-{II}: a Program for Recording User Activity Data for Empirical Reading and Writing Research.},
	pages = {4108--4112},
	booktitle = {{LREC}},
	author = {Carl, Michael},
	year = {2012}
}

@article{Davarpanah_JaziEtAl2014,
	title = {An Introduction to Undetectable Keyloggers with Experimental Testing},
	volume = {4},
	pages = {1--5},
	number = {3},
	journal = {International Journal of Computer Communications and Networks ({IJCCN})},
	author = {Davarpanah Jazi, Mohammad and Ciobotaru, Ana-Maria and Barati, Elaheh and Dadkhah, Mehdi},
	year = {2014}
}

@report{Ford2016,
	title = {Ford Motor Company 2015 Annual Report},
	url = {http://corporate.ford.com/content/dam/corporate/en/investors/reports-and-filings/Annual%20Reports/2015-Annual-Report.pdf},
	institution = {Ford Motor Company},
	author = {{FORD}},
	year = {2016}
}

@book{Chesterman2016,
	address = {Amsterdam ; Philadelphia},
	edition = {Revised Edition},
	title = {Memes of translation: the spread of ideas in translation theory},
	isbn = {978-90-272-5869-4},
	series = {Benjamins translation library},
	shorttitle = {Memes of translation},
	number = {v. 123},
	publisher = {John Benjamins Publishing Company},
	author = {Chesterman, Andrew},
	year = {2016},
	keywords = {Translating and interpreting, Theory, etc}
}

@article{MoorkensEtAl2015,
	title = {Correlations of perceived post-editing effort with measurements of actual effort},
	volume = {29},
	pages = {267--284},
	number = {3},
	journal = {Machine Translation},
	author = {Moorkens, Joss and O’Brien, Sharon and da Silva, Igor {AL} and de Lima Fonseca, Norma B and Alves, Fabio},
	year = {2015}
}

@inproceedings{LacruzEtAl2014,
	title = {Cognitive Demand and Cognitive Effort in Post-Editing},
	pages = {73--84},
	booktitle = {Proceedings of the Third Workshop on Post-Editing Technology and Practice},
	publisher = {{AMTA}},
	author = {Lacruz, Isabel and Denkowski, Michael and Lavie, Alon},
	year = {2014}
}

@article{Waibel2015,
	title = {Sprachbarrieren durchbrechen: Traum oder Wirklichkeit?},
	volume = {122},
	pages = {101--123},
	number = {410},
	journal = {Nova Acta Leopoldina {NF}},
	author = {Waibel, Alexander},
	year = {2015}
}

@article{HearneWay2011,
	title = {Statistical machine translation: a guide for linguists and translators},
	volume = {5},
	pages = {205--226},
	number = {5},
	journal = {Language and Linguistics Compass},
	author = {Hearne, Mary and Way, Andy},
	year = {2011}
}

@article{Pym2013,
	title = {Translation Skill-sets in a Machine-translation Age},
	volume = {58},
	pages = {487--503},
	number = {3},
	journal = {Meta: Journal des {traducteursMeta}:/Translators’ Journal},
	author = {Pym, Anthony},
	year = {2013}
}

@article{FlanaganChristensen2014,
	title = {Testing post-editing guidelines: how translation trainees interpret them and how to tailor them for translator training purposes},
	volume = {8},
	pages = {257--275},
	number = {2},
	journal = {The Interpreter and Translator Trainer},
	author = {Flanagan, Marian and Christensen, Tina Paulsen},
	year = {2014}
}

@article{GaspariEtAl2015,
	title = {A survey of machine translation competences: Insights for translation technology educators and practitioners},
	volume = {23},
	pages = {333--358},
	number = {3},
	journal = {Perspectives},
	author = {Gaspari, Federico and Almaghout, Hala and Doherty, Stephen},
	year = {2015}
}

@inproceedings{Belam2003,
	title = {Buying up to falling down”: A deductive approach to teaching post-editing},
	pages = {1--10},
	booktitle = {{MT} Summit {IX} Workshop on Teaching Translation Technologies and Tools (T4)(Third Workshop on Teaching Machine Translation)},
	publisher = {Citeseer},
	author = {Belam, Judith},
	year = {2003}
}

@article{DohertyKenny2014,
	title = {The design and evaluation of a Statistical Machine Translation syllabus for translation students},
	volume = {8},
	pages = {295--315},
	number = {2},
	journal = {The Interpreter and Translator Trainer},
	author = {Doherty, Stephen and Kenny, Dorothy},
	year = {2014}
}

@article{KennyDoherty2014,
	title = {Statistical machine translation in the translation curriculum: overcoming obstacles and empowering translators},
	volume = {8},
	pages = {276--294},
	number = {2},
	journal = {The Interpreter and Translator Trainer},
	author = {Kenny, Dorothy and Doherty, Stephen},
	year = {2014}
}

@article{Rozmyslowicz2014,
	title = {Machine Translation: A Problem for Translation Theory.},
	pages = {145--163},
	number = {11},
	journal = {New Voices in Translation Studies},
	author = {Rozmyslowicz, Tomasz},
	year = {2014}
}

@collection{BaurEtAl2009,
	title = {Übersetzen in die Zukunft - Herausforderungen der Globalisierung für Übersetzer und Dolmetscher},
	series = {Schriften des {BDÜ}},
	number = {32},
	publisher = {{BDÜ}},
	editor = {Baur, W. and Kalina, S. and Mayer, F. and Witzel, J.},
	year = {2009}
}

@thesis{OBrien2006,
	title = {Machine-translatability and post-editing effort: An empirical study using Translog and Choice Network Analysis},
	institution = {Dublin City University},
	type = {phdthesis},
	author = {O'Brien, Sharon},
	year = {2006}
}

@article{Ebling2016,
	title = {Hier liegt maschinelle Übersetzung auf der Hand},
	volume = {2016},
	pages = {28--31},
	number = {1},
	journal = {{MDÜ}},
	author = {Ebling, Sarah},
	year = {2016}
}

@article{Muegge2016,
	title = {Do-it-yourself-{MÜ}},
	volume = {2016},
	pages = {19--23},
	number = {1},
	journal = {{MDÜ}},
	author = {Muegge, Uwe},
	year = {2016}
}

@article{RuthEtAl2016,
	title = {Erfahrungsberichte},
	volume = {2016},
	pages = {24--27},
	number = {1},
	journal = {{MDÜ}},
	author = {Rüth, Lisa and Hunger, Annette and Altmann, Manfred},
	year = {2016}
}

@article{KellerEtAl2016,
	title = {Drei Modelle im Fokus},
	volume = {2016},
	pages = {10--14},
	number = {1},
	journal = {{MDÜ}},
	author = {Keller, Nicole and Dutz, Petra and Hofmann, Nadria},
	year = {2016}
}

@article{ReinkeSeewald-Heeg2012,
	title = {Den Tiger reiten},
	volume = {58},
	pages = {10--14},
	number = {4},
	journal = {{MDÜ}},
	author = {Reinke, Uwe and Seewald-Heeg, Uta},
	year = {2012},
	keywords = {Post-Editing}
}

@book{DoringBortz2014,
	address = {Berlin / Heidelberg},
	edition = {5},
	title = {Forschungsmethoden und Evaluation},
	publisher = {Springer},
	author = {Döring, Nicola and Bortz, Jürgen},
	year = {2014}
}

@thesis{De_almeida2013,
	title = {Translating the post-editor: an investigation of post-editing changes and correlations with professional experience across two Romance languages},
	url = {http://doras.dcu.ie/17732/1/THESIS_G_de_Almeida.pdf},
	institution = {Dublin City University},
	type = {phdthesis},
	author = {De Almeida, Giselle},
	year = {2013}
}

@article{Kaiser-cooke1993,
	title = {Machine Translation and the human factor: Knowledge and decision-making in the translation process},
	journal = {Unpublished Ph. D dissertation, University of Vienna},
	author = {Kaiser-Cooke, Michèle},
	year = {1993}
}

@article{Pacte2005,
	title = {Investigating translation competence},
	volume = {50},
	pages = {0609--619},
	number = {2},
	journal = {Meta: journal des traducteurs},
	author = {{PACTE}, Grup},
	year = {2005}
}

@book{GopferichEtAl2008,
	title = {{TransComp}—The Development of Translation Competence. Corpus and Asset-Management-System for the Longitudinal Study {TransComp}},
	publisher = {Graz: University of Graz. http://gams. uni-graz. at/container: tc (last accessed August 31, 2009)},
	author = {Göpferich, Susanne and Bayer-Hohenwarter, Gerrit and Stigler, Hubert},
	year = {2008}
}

@article{Prassl2010,
	title = {Translators’ decision-making processes in research and knowledge integration},
	pages = {57--82},
	journal = {New approaches in translation process research},
	author = {Prassl, Friederike},
	year = {2010}
}

@article{Nitzke2016korrektur,
	title = {Auch nur Korrekturlesen? – Post-Editing},
	volume = {2016},
	pages = {24--27},
	number = {1},
	journal = {{MDÜ}},
	author = {Nitzke, Jean},
	year = {2016}
}

@incollection{Koby2001,
	address = {Kent, Ohio},
	title = {Editor's Introduction - Post-Editing of Machine Translation Output: Who, What, Why, and How (Much)},
	isbn = {978-0-87338-671-5},
	booktitle = {Repairing texts: empirical investigations of machine translation post-editing processes},
	publisher = {Kent State University Press},
	author = {Koby, Geoffrey S.},
	year = {2001},
	keywords = {Machine translating, Editing}
}

@book{Krings2001,
	address = {Kent, Ohio},
	title = {Repairing texts: empirical investigations of machine translation post-editing processes},
	isbn = {978-0-87338-671-5},
	shorttitle = {Repairing texts},
	pagetotal = {635},
	publisher = {Kent State University Press},
	author = {Krings, Hans P.},
	editor = {Koby, Geoffrey S.},
	year = {2001},
	keywords = {Machine translating, Editing}
}

@inproceedings{OBrien2002,
	title = {Teaching post-editing: a proposal for course content},
	pages = {99--106},
	booktitle = {6th {EAMT} Workshop Teaching Machine Translation},
	author = {O’Brien, Sharon},
	year = {2002}
}

@article{Rychtyckyj2007,
	title = {Machine translation for manufacturing: a case study at Ford Motor Company},
	volume = {28},
	pages = {1728--1735},
	number = {3},
	journal = {{AI} Magazine},
	author = {Rychtyckyj, Nestor},
	year = {2007}
}

@report{Accept2012,
	title = {Definition of Pre-Editing Rules for English and French},
	url = {http://cordis.europa.eu/docs/projects/cnect/9/288769/080/deliverables/001-D21DefinitionofpreeditingrulesforEnglishandFrench.pdf},
	institution = {European Community's Seventh Framework Programme ( {FP}7/2007 - 2013 ) under  grant agreement n° 288769},
	author = {{ACCEPT}},
	urlyear = {2016-11-04},
	year = {2012}
}

@book{Eysenck2004,
	address = {Hove \& New York},
	title = {Psychology: An international perspective},
	publisher = {Taylor \& Francis},
	author = {Eysenck, Michael W},
	year = {2004}
}

@book{Newell1972,
	address = {Englewood Cliffs, {NJ}},
	title = {Human problem solving},
	volume = {104},
	number = {9},
	publisher = {Prentice-Hall},
	author = {Newell, Allen and Simon, Herbert Alexander},
	year = {1972}
}

@article{Wilss1981,
	title = {Handlungstheoretische Aspekte des Übersetzungsprozesses},
	volume = {70},
	pages = {455--468},
	journal = {Europäische Mehrsprachigkeit. Festschrift zum},
	author = {Wilss, Wolfram},
	year = {1981}
}

@article{Wilss1994,
	title = {A Framework for Decision-making in Translation},
	volume = {6},
	pages = {131--150},
	number = {2},
	journal = {Target},
	author = {Wilss, Wolfram},
	year = {1994}
}

@article{Reiss1981,
	title = {Type, kind and individuality of text: decision making in translation},
	volume = {2},
	pages = {121--131},
	number = {4},
	journal = {Poetics Today},
	author = {Reiss, Katharina},
	year = {1981}
}

@incollection{Funke2006b,
	address = {Göttingen},
	title = {Denken und Problemlösen: Vorwort und Einleitung},
	volume = {Enzyklopädie der Psychologie Themenbereich C Theorie und Forschung Ser. 2 Kognition},
	pages = {XVII--XXVIII},
	booktitle = {J. Funke (Hg.), Denken und Problemlösen},
	publisher = {Hogrefe},
	author = {Funke, Joachim},
	year = {2006}
}

@incollection{KnoblichÖllinger2006,
	title = {Einsicht und Umstrukturierung beim Problemlösen},
	series = {Enzyklopädie der Psychologie Themenbereich C Theorie und Forschung Ser. 2 Kognition},
	pages = {1--83},
	booktitle = {Denken und Problemlösen},
	publisher = {Hogrefe},
	author = {Knoblich, Günther and Öllinger, Michael},
	year = {2006}
}

@article{WenkeFrensch2003,
	title = {Is success or failure at solving complex problems related to intellectual ability},
	pages = {87--126},
	journal = {The psychology of problem solving},
	author = {Wenke, Dorit and Frensch, Peter A},
	year = {2003}
}

@article{Jonassen2000,
	title = {Toward a design theory of problem solving},
	volume = {48},
	pages = {63--85},
	number = {4},
	journal = {Educational technology research and development},
	author = {Jonassen, David H},
	year = {2000}
}

@article{Krings2005,
	title = {Wege ins Labyrinth–Fragestellungen und Methoden der Übersetzungsprozessforschung im Überblick},
	volume = {50},
	pages = {342--358},
	number = {2},
	journal = {Meta: Journal des {traducteursMeta}:/Translators' Journal},
	author = {Krings, Hans Peter},
	year = {2005}
}

@article{Nord1987,
	title = {Übersetzungsprobleme- Übersetzungsschwierigkeiten. Was in den Köpfen von Übersetzern vorgehen sollte},
	volume = {2},
	pages = {5--8},
	number = {1987},
	journal = {Mitteilungsblatt für Dolmetscher und Übersetzer},
	author = {Nord, Christiane},
	year = {1987}
}

@book{Dorner1987,
	address = {Stuttgart},
	edition = {3. Aufl},
	title = {Problemlösen als Informationsverarbeitung},
	isbn = {3-17-009711-3},
	series = {Kohlhammer-Standards Psychologie Basisbücher und Studientexte},
	pagetotal = {151},
	publisher = {Kohlhammer},
	author = {Dörner, Dietrich},
	year = {1987},
	keywords = {Problemlösen, Kybernetische Psychologie}
}

@book{Reason1990,
	address = {Cambridge},
	title = {Human error},
	isbn = {0-521-30669-8},
	pagetotal = {302},
	publisher = {Cambridge University Press},
	author = {Reason, J. T.},
	year = {1990},
	keywords = {Errors}
}

@book{Colman2009,
	address = {Oxford ; New York},
	edition = {3rd ed},
	title = {A dictionary of psychology},
	isbn = {978-0-19-953406-7},
	series = {Oxford paperback reference},
	pagetotal = {882},
	publisher = {Oxford University Press},
	author = {Colman, Andrew M.},
	year = {2009},
	keywords = {Psychology}
}

@book{Corsini2002,
	address = {New York},
	title = {The dictionary of psychology},
	isbn = {1-58391-328-9},
	pagetotal = {1156},
	publisher = {Brunner-Routledge},
	author = {Corsini, Raymond J.},
	year = {2002},
	keywords = {Psychologie, Psychology Dictionaries, Wörterbuch}
}

@book{KoppenjanKlijn2004,
	address = {London; New York},
	title = {Managing uncertainties in networks: a network approach to problem solving and decision making},
	isbn = {0-415-36940-1},
	shorttitle = {Managing uncertainties in networks},
	pagetotal = {289},
	publisher = {Routledge},
	author = {Koppenjan, Johannes Franciscus Maria and Klijn, Erik-Hans},
	year = {2004},
	keywords = {Complexity (Philosophy), Decision making, Social aspects, Social networks, Uncertainty}
}

@book{Albrecht2013,
	address = {Tübingen},
	edition = {2},
	title = {Übersetzung und Linguistik},
	isbn = {978-3-8233-6793-2},
	series = {Grundlagen der Übersetzungsforschung},
	pagetotal = {312},
	number = {Bd. 2},
	publisher = {Narr},
	author = {Albrecht, Jörn},
	year = {2013},
	keywords = {Translating and interpreting, Übersetzung, Linguistik, Theorie}
}

@article{Schaeffer2014,
	title = {Measuring the Cognitive Effort of Literal Translation Processes},
	pages = {29--37},
	journal = {{EACL} 2014},
	author = {Schaeffer, Moritz and Carl, Michael},
	year = {2014}
}

@inproceedings{PapineniEtAl2002,
	title = {{BLEU}: a method for automatic evaluation of machine translation},
	pages = {311--318},
	booktitle = {Proceedings of the 40th annual meeting on association for computational linguistics},
	publisher = {Association for Computational Linguistics},
	author = {Papineni, Kishore and Roukos, Salim and Ward, Todd and Zhu, Wei-Jing},
	year = {2002}
}

@inproceedings{Aymerich2005,
	title = {Using Machine Translation for fast, inexpensive, and accurate health information assimilation and dissemination: Experiences at the Pan American Health Organization},
	booktitle = {Salvador-Bahia, Brazil: 9th World Congress on Health Information and Libraries},
	author = {Aymerich, Julia},
	year = {2005}
}

@article{LommelEtAl2014,
	title = {Multidimensional Quality Metrics ({MQM})},
	pages = {455--463},
	number = {12},
	journal = {Tradumàtica},
	author = {Lommel, Arle and Uszkoreit, Hans and Burchardt, Aljoscha},
	year = {2014}
}

@inproceedings{Martinez-GomezEtAl2014,
	title = {Recognition of translator expertise using sequences of fixations and keystrokes},
	pages = {299--302},
	booktitle = {Proceedings of the Symposium on Eye Tracking Research and Applications},
	publisher = {{ACM}},
	author = {Martínez-Gómez, Pascual and Minocha, Akshay and Huang, Jin and Carl, Michael and Bangalore, Srinivas and Aizawa, Akiko},
	year = {2014}
}

@inproceedings{SinglaEtAl2013,
	title = {Predicting post-editor profiles from the translation process},
	pages = {51--60},
	booktitle = {Proceedings of the Workshop on Interactive and Adaptive Machine Translation, {AMTA} Workshop},
	author = {Singla, Karan and Orrego-Carmona, David and Gonzales, Ashleigh Rhea and Carl, Michael and Bangalore, Srinivas},
	year = {2013}
}

@incollection{Koehn2017,
	title = {Chapter 13 - Neural Machine Translation - Draft},
	url = {https://pdfs.semanticscholar.org/2473/28a082d86199ed5a98e1d726aa205c1da9df.pdf},
	booktitle = {Statistical Machine Translation},
	author = {Koehn, Philipp},
	year = {2017}
}

@article{R_core_team2013,
	title = {R: A language and environment for statistical computing},
	author = {R Core Team},
	year = {2013}
}

@article{KuznetsovaEtAl2015,
	title = {Package ‘{lmerTest}’},
	volume = {2},
	number = {0},
	journal = {R package version},
	author = {Kuznetsova, Alexandra and Brockhoff, Per Bruun and Christensen, Rune Haubo Bojesen},
	year = {2015}
}

@article{BatesEtAl2014,
	title = {lme4: Linear mixed-effects models using Eigen and S4},
	volume = {1},
	pages = {1--23},
	number = {7},
	journal = {R package version},
	author = {Bates, Douglas and Maechler, Martin and Bolker, Ben and Walker, Steven and {others}},
	year = {2014}
}

@article{vermeer1978rahmen,
  title={Ein Rahmen f{\"u}r eine allgemeine Translationstheorie},
  author={Vermeer, Hans J},
  journal={Lebende Sprachen},
  volume={23},
  number={3},
  pages={99--102},
  year={1978},
  publisher={Walter de Gruyter, Berlin/New York}
}

@book{freeman2012imaging,
  title={Imaging brain function with EEG: advanced temporal and spatial analysis of electroencephalographic signals},
  author={Freeman, Walter and Quiroga, Rodrigo Quian},
  year={2012},
  publisher={Springer Science \& Business Media}
}
