
@unpublished{Urushibara2008,
	author = {Urushibara, Saeko},
	note = {Handout from the Workshop Formal approaches to the relations of tense and aspect, Congress of International Congress 18},,
	title = {Aspect markers in two dialects of {{Japanese}} and {{Korean}}},
	year = {2008}
}

@unpublished{Thiersch1985,
	author = {Thiersch, Craig},
	note = {University of Tilburg.},
	title = {{{VP}} and Scrambling in the {{German}} Mittelfeld},
	year = {1985}
}

@unpublished{Shim2006,
	address = {New York},
	author = {Shim, Ji Young},
	note = {{CUNY} Graduate Center},
	title = {Get it? {{G}}ot it!},
	year = {2006}
}

@unpublished{Rizzi2004,
	author = {Rizzi, Luigi},
	title = {On the form of chains: {{C}}riterial positions and {{ECP}} effects. {{S}}iena: {{{U}}}niversità di Siena},
	year = {2004}
}

@unpublished{Pesetsky2012,
	author = {Pesetsky, David},
	note = {Massachusetts Institute of Technology},
	title = {{{Russian}} Case Morphology and the Syntactic Categories},
	year = {2012}
}

@unpublished{Pesetsky1989,
	author = {Pesetsky, David},
	note = {{MIT}},
	title = {Language-particular processes and the earliness principle},
	year = {1989}
}

@unpublished{ParkS2008,
	author = {Park, Sang-Yeon},
	note = {Rutgers University},
	title = {{{Korean}} Honorification and Distributed Morphology},
	year = {2008},
}

@unpublished{NambaND,
	author = {Namba, Kazuhiko},,
	title = {{J}apanese-{{E}}nglish children’s code-switching: {{A}}pplying the {{MLF}} model to two siblings’ data},
	url = {http://yayoi.senri.ed.jp/research/re11/KNamba.pdf},
	year = {}
}

@unpublished{McIntyre2005b,
	author = {McIntyre, Andrew},
	title = {Aspects of the grammar of \textit{get}},
	year = {2005}
}

@unpublished{DenDikken2006,
	author = {Den Dikken, Marcel},
	note = {{CUNY} Graduate Center},,
	title = {Phase Extension: {{C}}ontours of a theory of the role of head movement in phrasal extraction},
	year = {2006}
}

@unpublished{Christensen2004,
	author = {Christensen, Ken Ramshøj},
	note = {University of Aarhus},,
	title = {Quantifier movement and derivation by phase: {{N}}ow you see it, now you don’t},
	year = {2004}
}

@phdthesis{Ura1996,
	author = {Ura, Hiroyuki},
	school = {Massachusetts Institute of Technology},
	title = {Multiple Feature-Checking: {{A}} Theory of Grammatical Function Splitting},
	year = {1996}
}

@phdthesis{Travis1984,
	author = {Travis, Lisa deMena},
	school = {Massachusetts Institute of Technology},
	title = {Parameters and effects of word order variation},
	year = {1984}
}

@phdthesis{Terada1990,
	author = {Terada, Michiko},
	school = {University of Massachusetts},,
	title = {Incorporation and argument transfer in{{Japanese}}},
	year = {1990}
}

@phdthesis{Stowell1981,
	author = {Stowell, Timothy Angus},
	school = {Massachusetts Institute of Technology},
	title = {Origins of phrase structure},
	year = {1981}
}

@phdthesis{Shim2013,
	author = {Shim, Ji Young},
	school = {City University of New York},
	title = {Deriving word order in code-switching: {{F}}eature inheritance and light verbs},
	year = {2013},
}

@phdthesis{Saito1985,
	author = {Saito, Mamoru},
	school = {Massachusetts Institute of Technology},,
	title = {Some asymmetries in {{Japanese}} and their theoretical implications},
	year = {1985}
}

@phdthesis{Richardson2003,
	author = {Richardson, Kylie Rachel},
	school = {Harvard},
	title = {The case for meaningful case: {{T}}he interaction of tense, aspect, and case in {R}ussian},
	year = {2003}
}

@phdthesis{ParkSY2008,
	author = {Park, So-Young},
	school = {University of {Southern California}},
	title = {Functional Categories: {{T}}he syntax {{DP}} and {{DegP}}},
	year = {2008}
}

@phdthesis{ParkK1992,
	author = {Park, Kabyong},
	school = {University of {North Carolina} at {C}hapel {H}ill},,
	title = {Light verb constructions in {{Korean}} and {{Japanese}}},
	year = {1992}
}

@phdthesis{Park1990,
	author = {Park, Jun-Eon},
	school = {University of Illinois at Urbana Champaign},,
	title = {{Korean}-{English} intrasentential code-switching: {{M}}atrix language assignment and linguistic constraints},
	year = {1990}
}

@phdthesis{Nishimura1985,
	author = {Nishimura, Miwa},
	school = {University of Pennsylvania},
	title = {Intrasentential code-switching in {{Japanese}} and {{English}}},
	year = {1985}
}

@phdthesis{Nediger2017,
	author = {Nediger, Will Alexander},
	school = {University of Michigan},
	title = {Unifying Structure-Building in Huma Language: {{T}}he {Minimalist} Syntax of Idioms},
	year = {2017},
}

@phdthesis{Mahootian1993,
	author = {Mahootian, Shahrzad},
	school = {Northwestern University.},
	title = {A null theory of code switching},
	year = {1993},
}

@phdthesis{Lieber1980,
	author = {Lieber, Rochelle},
	school = {Massachusetts Institute of Technology},
	title = {On the organization of the lexicon.},
	year = {1980}
}

@phdthesis{Lee1991,
	address = {Stony Brook},,
	author = {Lee, Mee Hwa},
	school = {{State University of New York}},
	title = {A parametric approach to code-mixing},
	year = {1991}
}

@phdthesis{Koike1999,
	author = {Koike, Satoshi},,
	school = {{CUNY}},
	title = {A monosemy approach to the {J}apanese particle \textit{no}: {{F}}unctional categories as linkers and antisymmetry in natural language},
	year = {1999}
}

@phdthesis{Kim1991,
	author = {Kim, Chŏng-nyŏl},
	school = {University of {Hawaii at M}anoa},,
	title = {A Lexical Functional Grammar Account of Light Verbs},
	year = {1991}
}

@phdthesis{KarimiDoostan1997,
	author = {Karimi-Doostan, Gholamhossein},
	school = {University of {Essex}},
	title = {Light Verb Constructions in {{Persian}}},
	year = {1997}
}

@phdthesis{Kakegawa2003,
	author = {Kakegawa, Tomomi},
	school = {Michigan State University},,
	title = {The analysis of {{Japanese}} case particles as determiners},
	year = {2003}
}

@phdthesis{Jun2003,
	author = {Jun, Jong Sup},
	school = {Brandeis University},
	title = {Syntactic and Semantic Bases of Case Assignment: {{A}} Study of Verbal Nouns},
	year = {2003},
}

@phdthesis{Jonsson1996,
	author = {Jónsson, Johannes Gisli},
	school = {University of {M}assachusetts at {A}mherst},,
	title = {Clausal Architecture and Case in {I}celandic},
	year = {1996}
}

@phdthesis{Huang1982,
	author = {Huang, James},
	school = {Massachusetts Institute of Technology},
	title = {Logical relations in {{Chinese}} and the theory of grammar},
	year = {1982}
}

@phdthesis{Hoshi1994,
	author = {Hoshi, Hiroto},
	school = {University of {C}onnecticut},,
	title = {Passive Causative, and Light Verbs: {{A}} study of Theta role assignment},
	year = {1994}
}

@phdthesis{Holmberg1986,
	author = {Holmberg, Anders},
	school = {Stockholm University},
	title = {Word order and syntactic features},
	year = {1986},
}

@phdthesis{Hiraiwa2005,
	author = {Hiraiwa, K},
	school = {Massachusetts Institute of Technology},
	title = {Dimensions of symmetry in syntax: {{A}}greement and clausal architecture},
	year = {2005}
}

@phdthesis{Harley1995,
	author = {Harley, Heidi},
	school = {Massachusets {I}nstitute of {T}echnology},
	title = {Subjects, Events and Licensing},
	year = {1995}
}

@phdthesis{Furuya2009,
	author = {Furuya, Kaori},
	school = {{CUNY} Graduate Center},,
	title = { The {{DP}}  hypothesis through the lens of {{Japanese}} nominal collocation constructions},
	year = {2009}
}

@phdthesis{Fukui1986,
	author = {Fukui, Naoki},
	school = {MIT},,
	title = {A theory of category projection and its \textit{applications}},
	year = {1986}
}

@phdthesis{Campbell1989,
	author = {Campbell, Richard},
	note = {The Grammatical Structure of Verbal Predicates},
	school = {{UCLA}},
	year = {1989}
}

@phdthesis{Bak2011,
	author = {Bak, Jaehee},
	school = {Doctoral dissertation. University of {T}oronto},
	title = {The light verb constructions in {{Korean}}},
	year = {2011}
}

@phdthesis{Ahn1991,
	author = {Ahn, Hee-Don},
	school = {University of Wisconsin-Madison},,
	title = {Light verbs, {{VP}}-movement, negation and clausal architecture in {{Korean}} and {{English}}.},
	year = {1991}
}

@phdthesis{Abney1987,
	author = {Abney, Steven Paul},
	school = {MIT},,
	title = {The {{English}} Noun Phrase in its Sentential Aspect},
	year = {1987}
}

@phdthesis{Abels2003,
	author = {Abels, Klaus},
	school = {University of Connecticut},
	title = {Successive cyclicity, anti-locality, and adposition stranding},
	year = {2003}
}

@online{DenDikken2016,
	author = {Den Dikken, Marcel},
	title = {From {{GB}} to Minimalism},
	url = {http://www.eggschool.org/earlier-schools/egg-2016-tbilisi-georgia/classes-egg16/den-dikken-from-gb-to-minimalism/},
	year = {2016},
}

@online{Butt2003,
	author = {Butt, Miriam},
	title = {The light verb jungle},
	url = {http://www.ai.mit.edu/people/jimmylin/papers/Butt03.pdf},,
	year = {2003}
}

@misc{Verkuyl1993,
	address = {Cambridge},
	author = {Verkuyl, Henk J},
	publisher = {Cambridge University Press},
	title = {The Interaction between Temporal and Atemporal Structure: {{A}} Theory of Aspectuality},
	year = {1993}
}

@misc{ShimNakajima2012,
	author = {Shim, Ji Young and Nakajima, Takashi},
	note = {Paper presented at the 8th Workshop on Altaic Formal Linguistics {(WAFL8)}},,
	title = {A unified decompositional approach to {J}apanese and {K}orean causatives and passives},
	year = {2012}
}

@misc{OGradyEtAl1997,
	address = {New York},
	author = {O’Grady, William and Archibald, John and Aronoff, Mark and Rees-Miller, Janie},
	publisher = {St. Martin’s},,
	title = {Contemporary linguistics},
	year = {1997}
}

@misc{Nunberg1978,
	author = {Nunberg, Geoffrey},
	note = {Indiana University Linguistics Club},
	title = {The pragmatics of reference},
	year = {1978}
}

@misc{Matsuda1995,
	author = {Matsuda, Kenjirô},
	school = {University of Pennsylvania},
	title = {Variable zero-marking of {(o)} in {Tokyo} {{Japanese}}},
	year = {1995}
}

@misc{Kim1993,
	address = {Seoul},
	author = {Kim, Dae-Bin},
	publisher = {Taehaksa},,
	title = {The specificity/non-specificity distinction and scrambling theory},
	year = {1993}
}

@misc{Kamwangamalu1989,
	author = {Kamwangamalu, Nkonko M},
	journal = {Chicago Linguistics Society 25:  Parasession on language in context},
	pages = {157--170},,
	title = {The morphosyntactic aspects of {F}rench/{{{E}}}nglish-{B}antu code-mixing: {{{{E}}}}vidence for universal constraint},
	year = {1989}
}

@misc{GibbsEtAl1989,
	author = {Gibbs, Raymond W and Nayak, Nandini, P. and Bolton, John L. and Keppel, Melissa E},
	journal = {Memory and Cognition},
	note = {Speakers’ assumptions about the lexical flexibility of idioms},
	pages = {58--68},,
	volume = {17},
	year = {1989}
}

@misc{FoxPesetsky2005,
	author = {Fox, Danny and Pesetsky, David},
	journal = {Theoretical Linguistics},
	pages = {1--46},,
	title = {Cyclic linearization of syntactic structure},
	volume = {31},
	year = {2005}
}

@misc{Chae1996,
	author = {Chae, Hee-Rahk},
	journal = {Language, Information and Computation},
	pages = {99--107},
	title = {Light Verb Constructions and Structural Ambiguity},
	year = {1996}
}

@misc{CacciariGlucksberg1995,
	address = {Hillsdale, NJ/Hove, UK},,
	author = {Cacciari, Cristina and Sam Glucksberg},
	booktitle = {Idioms: {{S}}tructural and psychological perspectives},
	editors = {Martin Everaert and Erik-Jan van der Linden and Andre Schenk and Robert Schreuder},
	pages = {43--59},
	publisher = {Lawrence Erlbaum Associates},
	title = {Imaging idiomatic expressions: {{L}}iteral or figurative meanings?},
	year = {1995}
}

@misc{BestenWebelhuth1987,
	author = {Den Besten, Hans and Webelhuth, Gert},
	note = {Paper presented at the {GLOW} Colloquium: Venice},,
	title = {Remnant topicalization and the constituent structure of {{VP}} in the {G}ermanic languages},
	year = {1987}
}

@misc{Ahn2002Honorification,
	author = {Ahn, Sung-Ho},
	note = {Seoul National University},,
	title = {Honorification and {{AgrP}}},
	year = {2002}
}

@mastersthesis{Takita2006,
	author = {Takita, Kensuke},
	school = {Keio University},,
	title = {{{Japanese}} Honorifics: {{I}}ts syntax and morphology},
	year = {2006}
}

@mastersthesis{Dehdari2006,
	author = {Dehdari, Jonathan},
	school = {Brigham Young University},,
	title = {Crossing dependencies in {{Persian}}},
	year = {2006}
}

@inproceedings{Vicente2004,
	author = {Vicente, Luis},
	booktitle = {Proceedings of {{WCCFL}} 24},
	pages = {361--369},,
	title = {Licensing objects with or without movement},
	year = {2004}
}

@inproceedings{VanHoutRoeper1998,
	author = {Van Hout, Angeliek and Roeper, Thomas},
	booktitle = {Papers from the {{UP}enn/{MIT}} Roundtable on Argument Structure and Aspect ({{MITWPL}}32)},
	editor = {Harley, Heidi},
	pages = {175--200},,
	title = {Events and aspectual structure in derivational morphology},
	year = {1998}
}

@inproceedings{Travis1994,
	author = {Travis, Lisa deMena},
	booktitle = {{Proceedings of the Annual Conference of the  \textit{{Canadian}} Linguistics Association}},
	editors = {Koskinen, Paivi},
	note = {Toronto Working Papers in Linguistics},,
	pages = {559--570},
	title = {Event Phrase and a Theory of Functional Categories},
	year = {1994}
}

@inproceedings{Svenonius2002,
	author = {Svenonius, Peter},
	booktitle = {Working Papers in {{Scandinavian}} Syntax},
	pages = {121--146},,
	title = {Strains of negation in {{Norwegian}}},
	volume = {69},
	year = {2002}
}

@inproceedings{ShimadaKordoni2003,
	author = {Shimada, Atsuko and Kordoni, Valia},
	booktitle = {Proceedings of the workshop on {M}ulti-{V}erb constructions},
	editors = {In Beermann, Dorothtee and Lars Hellan, Lars},
	note = {Paper presented at the{~}Workshop on Multi-verb Constructions in Constraint-Based Grammar in macro- and micro-typological perspectives.},
	title = {{{Japanese}} verbal noun and \textit{suru} constructions},
	year = {2003}
}

@inproceedings{Shaer2003,
	address = {Berkeley, CA},
	author = {Shaer, Benjamin},
	booktitle = {Proceedings of twenty-ninth annual meeting of the {B}erkley {L}iguistics {S}ociety},
	editors = {In Nowak, Pawel M and Yoquelet, Corey and Mortensen, David},
	pages = {379--390},
	publisher = {Berkeley Linguistics Society, Inc},,
	title = {On the syntactic status of certain fronted adverbials in {{English}}},
	year = {2003}
}

@inproceedings{Sells2000,
	author = {Sells, Peter},
	booktitle = {Proceedings of {{LFG}}-00, University of {California}, {Berkeley}},
	editors = {Butt, Miriam and Holloway King, Tracy},
	pages = {244--263},
	publisher = {{CSLI} publications},,
	title = {Negation in {S}wedish: {{W}}here it’s not at},
	year = {2000}
}

@inproceedings{Runner1995,
	address = {Boomington, {IN}},
	author = {Runner, Jeffrey T},
	booktitle = {Proceedings of the Sixth Annual Meeting of the Formal Linguistics Society of\textit{{Mid-America}}},
	editor = {Gabriele, Leslie and Hardison, Debra and Westmoreland, Robert},
	publisher = {{IULC} Publication},,
	title = {Overt and {{LF}} Object Positions in {{English}}},
	year = {1995}
}

@inproceedings{Rognvaldsson1987,
	address = {London},
	author = {Rögnvaldsson, Eiríkur},
	booktitle = {{Proceedings of the Seventh Biennial Conference of Teachers of {{Scandinavian}} Studies in {Great {Britain}} and {{Northern} {Ireland}}}},
	editors = {Allan, Robin D S and Barnes, Michael P},
	pages = {33--49},,
	publisher = {University College},
	title = {{{OV}} Word Order in {I}celandic},
	year = {1987}
}

@inproceedings{NevinsAnand2003,
	address = {Somerville, MA},
	author = {Nevins, Andrew and Anand, Pranav},
	booktitle = {{{{WCCFL}} 22 Proceedings}},
	editors = {In Gardina, Gina and Tsujimura, Mimu},
	pages = {101--114},
	publisher = {Cascadilla Press},,
	title = {Some {{AGREE}}ment matters},
	year = {2003}
}

@inproceedings{Muller1998,
	address = {Dordrecht},,
	author = {Müller, Gereon},
	publisher = {Kluwer},
	title = {Incomplete category fronting: {{A}} derivational approach to remnant movement in {G}erman},
	year = {1998}
}

@inproceedings{Marantz1997,
	author = {Marantz, Alec},
	booktitle = {{U}. {{P}}enn Working Papers in Linguistics},
	editor = {Dimitriadis, Alexis and Laura Siegel and Clarissa Surek-Clark and Alexander Williams},
	number = {2},
	pages = {201--225},
	title = {{No} Escape from Syntax: {{D}}on't Try Morphological Analysis in the Privacy of Your Own Lexicon},
	volume = {4},
	year = {1997},
}

@inproceedings{Kearns1989,
	author = {Kearns, Kate},
	booktitle = {{{MIT}} Working Papers in Linguistics},
	editors = {Laka, Itziar and Mahajan, Anoop},,
	pages = {123--134},
	title = {Predicate nominals in complex predicates},
	volume = {10},
	year = {1989}
}

@inproceedings{Kawakami2017,
	author = {Kawakami, Msahiro},
	inbook = {{ICU} Working Papers in Linguistics},
	pages = {21--34},,
	title = {Object Raising in {{English}} Double Object Constructions},
	year = {2017}
}

@inproceedings{Jung2003,
	author = {Jung, Dukkyo},
	booktitle = {Proceedings from the Annual Meeting of the {{Chicago}} Linguistic Society},
	issue = {1},,
	pages = {423--440},
	title = {\textit{{Ha}} as \textit{v} of \textit{v}{P}-{{EPP}} featured Phrase},
	volume = {39},
	year = {2003}
}

@inproceedings{Joshi1985,
	author = {Joshi, Aravind K},
	booktitle = {Natural language parsing: {{P}}sycholinguistic, computational and theoretical perspectives},
	editors = {Dowty, David and Karttunen, Lauri and Zwicky, Arnold},
	pages = {190--200},
	publisher = {Cambridge: Cambridge University Press},
	title = {Processing of sentences with intra-sentential code-switching},
	year = {1985}
}

@inproceedings{JonasBobaljik1993,
	author = {Jonas, Dianne and Bobaljik, Jonathan David},
	booktitle = {{{MIT}} working papers in linguistics: {{P}}apers on Case and Agreement I},
	editors = {Bobaljik, Jonathan David and Phillips, Colin},
	pages = {59--98},
	title = {Specs for subjects: {{T}}he role of {{TP}} in {I}celandic},
	volume = {18},
	year = {1993}
}

@inproceedings{Hiraiwa2001,
	author = {Hiraiwa, Ken},
	booktitle = {{Proceedings of the 1st {{HUMIT}} Student Conference in Language Research ({{HUMIT}}2000)}},
	editors = {In Matsushansky, Ora and Adam Szczegielniak, Adam},
	pages = {67--80},
	title = {Multiple Agree and Defective Intervention Constraint in {{Japanese}}},
	volume = {40},,
	year = {2001}
}

@inproceedings{Henderson2006,
	address = {Somerville, {MA}},
	author = {Henderson, Brent},
	booktitle = {{Selected Proceedings of the 36th Annual Conference ona {{African}} Linguistics}},
	editors = {Arasanyin, Olaoba F and Pemberton, Michael A},
	pages = {60--65},,
	publisher = {Cascadilla Proceedings Project},
	title = {Multiple agreement, Concord and Case checking in {{Bantu}}},
	year = {2006}
}

@inproceedings{Harley1999,
	author = {Harley, Heidi},
	booktitle = {Papers from the {{UP}enn/{MIT}} Roundtable on the Lexicon},
	editors = {Pylkkanen, Liina and Hout  Angeliek van and Harley, Heidi},
	pages = {73--85},,
	title = {Denominal verbs and aktionsart},
	volume = {35},
	year = {1999}
}

@inproceedings{Harley1997,
	address = {Stanford},,
	author = {Harley, Heidi},
	booktitle = {{Proceedings of the 15th {West} Coast Conference on Formal Linguistics}},
	publisher = {CSLI},
	title = {If you {Have}, You Can Give},
	year = {1997}
}

@inproceedings{HalleMarantz1993,
	address = {Cambridge, MA},
	author = {Halle, Morris and Marantz, Alec},
	booktitle = {The view from building 20: {{{E}}}ssays in Linguistics in Honor of {S}ylvain {B}romberger},
	editor = {Hale, Kenneth Locke and Keyser, Samuel Jay},
	pages = {111--176},
	publisher = {MIT Press},
	title = {{D}istributed {M}orphology and the Pieces of Inflection},
	year = {1993},
}

@inproceedings{Embick1998,
	author = {Embick, David},
	booktitle = {Papers from the {{UP}enn/{MIT}} Roundtable on Argument Structure and Aspect, ({{MITWPL}}32)},
	editor = {Heidi Harley},
	pages = {41--72},,
	title = {Voice Systems and the Syntax/Morphology Interface},
	year = {1998}
}

@inproceedings{Deprez1989,
	author = {Deprez, Viviane},
	booktitle = {{Proceedings of the fifth {Eastern} states Conference on Linguistics ({{ESCOL}}5)}},
	editor = {Joyce Powers},
	pages = {71--82},
	title = {Stylistic inversion and verb movement},
	volume = {88},
	year = {1988}
}

@inproceedings{Chomsky2008,
	author = {Chomsky, Noam},
	booktitle = {Foundational Issues in Linguistic Theory},
	editor = {Robert Freidin, Carlos P. Otero, and Maria Luisa Zubizarreta},
	pages = {133--166},
	publisher = {MIT press},
	series = {Current Studies in Linguistics},
	title = {On phases},
	volume = {45},
	year = {2008}
}

@inproceedings{Chomsky2001,
	address = {Cambridge, MA},
	author = {Chomsky, Noam},
	booktitle = {Ken Hale: {{A}} life in language},
	editor = {Kenstowicz, Michael J.},
	pages = {1--52},
	publisher = {MIT Press},
	series = {Current Studies in Linguistics},
	title = {Derivation by Phase},
	year = {2001},
}

@inproceedings{BiberauerEtAl2008,
	author = {Biberauer, Theresa and Holmberg, Anders and Roberts, Ian},
	booktitle = {Proceedings of the 26th west coast conference on formal linguistics},
	editors = {Chang, CB and Haynie, H J},
	organization = {Cascadilla Press Somerville, MA},
	pages = {96--104},
	title = {Structure and linearization in disharmonic word orders},
	year = {2008}
}

@inproceedings{Arad1999,
	author = {Arad, Maya},
	booktitle = {{{MIT}} Working Papers in Linguistics},
	issue = {1},
	title = {On “little \textit{v}”},
	volume = {33},
	year = {1999}
}

@incollection{MyersScotton2007,
	address = {London/New York},
	author = {Myers-Scotton, Carol},
	booktitle = {The Bilingualism Reader},
	editor = {Wei, Li},
	pages = {97--122},,
	publisher = {Routledge},
	title = {Code-switching as indexical of social negotiations},
	year = {2007}
}

@incollection{Muysken1995,
	address = {Cambridge},
	author = {Muysken, Pieter},
	booktitle = {{One} Speaker, Two Languages: {{C}}ross-Disciplinary Perspectives on Code-Switching},
	editor = {Milroy, Lesley and Muysken, Pieter},
	pages = {177--198},,
	publisher = {Cambridge University Press},
	title = {Code-switching and grammatical theory},
	year = {1995}
}

@incollection{Chung2012,
	address = {Bristol, {UK}},
	author = {Chung, Jeehyae},
	booktitle = {Bilingual Community Education and Multilingualism: {{B}}eyond Heritage Languages in a Global City},
	editor = {Ofelia García and Zeena Zakharia and Bahar Otcu},
	pages = {87--98},
	publisher = {Multilingual Matters},
	title = {Hidden efforts, visible challenges: {P}romoting bilingualism in {{Korean}}-{{America}}},
	year = {2012}
}

@incollection{ButtGeuder2001,
	address = {Berlin},,
	author = {Butt, Miriam and Wilhelm Geuder},
	booktitle = {\biberror{no booktitle}},
	editor = {\biberror{no editor}},
	editors = {Corver, Norbert and van Riemsdijk,  Henk C},
	journal = {Semilexical Categories: On the content of function words and the function of content words},
	pages = {323--370},
	publisher = {Mouton De Gruyter},
	title = {On the (semi) lexical status of light verbs},
	year = {2001}
}

@inbook{Zwart2011,
	address = {Oxford},
	author = {Zwart, Jan-Wouter},
	booktitle = {The {O}xford handbook of linguistic minimalism},
	editor = {Boecks, Cedric},
	pages = {96--118},
	publisher = {Oxford University Press},,
	title = {Structure and order: {{A}}symmetric merge},
	year = {2011}
}

@inbook{Urushibara1993,
	author = {Urushibara, Saeko},
	booktitle = {Studies in {{Korean}} Linguistics},
	pages = {423--435},
	title = {Nonagentive light verb constructions: {{Korean}} vs {J}apanese},
	volume = {5},
	year = {1993}
}

@inbook{Travis2000,
	address = {Stanford},
	author = {Travis, Lisa deMena},
	booktitle = {Events as Grammatical Objects},
	editors = {Tenny, Carol L and Pustejovsky, James},
	pages = {145--185},
	publisher = {Center for the Study of Language and Information},,
	title = {Event structure in syntax},
	year = {2000}
}

@inbook{Tomioka2003,
	address = {Amsterdam/Philadelphia},,
	author = {Tomioka, Satoshi},
	editors = {Schwabe, Kerstin and Winkler,  Susanne },
	journal = {The interfaces: Deriving and interpreting omitted structures},
	pages = {321--339},
	publisher = {John Benjamins},
	series = {Linguistics Today},
	title = {The semantics of {{Japanese}} null pronouns and its cross-linguistic implications},
	volume = {61},
	year = {2003}
}

@inbook{Thrainsson1996,
	address = {Amsterdam/Philadelphia},
	author = {Thráinsson, Hökudur},
	booktitle = {The Handbook of Contemporary Syntactic Theory},
	editor = {Baltin, Mark and Collins, Chris},
	editors = {Abraham, Werner and Epstein,  Samuel David and Thráinsson, Hökudur and Zwart, Jan-Wouter},
	pages = {148--202},
	publisher = {Wiley-Blackwell},,
	title = {Object shift and scrambling},
	year = {1996},
	}    @inbook{thráinsson2003,         author = {Thráinsson, Hökudur}
}

@inbook{Taraldsen2000,
	address = {Amsterdam/Philadelphia},
	author = {Taraldsen, Knut Tarald},
	booktitle = {The derivation of {{VO}} and {{OV}}},
	editor = {Svenonius, Peter},
	pages = {97--122},,
	publisher = {John Benjamins},
	title = {The derivation of {{VO}} and {{OV}}},
	year = {2000}
}

@inbook{Suh2005,
	author = {Suh, Eugenia},
	booktitle = {{Toronto} working papers in Linguistics},
	pages = {10--19},,
	title = {The nominal phrase in {Korean}: {{T}}he role of {D} in a ``determiner-less'' language},
	volume = {25},
	year = {2005}
}

@inbook{ShimDenDikken2011,
	address = {Mwunhwasa},,
	author = {Shim, Ji Young and den Dikken, Marcel},
	booktitle = {Linguistics theories and their application},
	editor = {Yoon, Jong Yurl},
	publisher = {Hankook},
	title = {Feature inheritance, {{EPP}} and the lexical/functional},
	year = {2011}
}

@inbook{Shim2011,
	author = {Shim, Ji Young},
	booktitle = {{{Japanese}/{Korean}} Linguistics},
	editors = {den Dikken, Marcel and McClure, William},
	pages = {345--355},
	publisher = {University of {C}hicago Press},
	title = {Light switches between {J}apanese/{K}orean and {{E}}nglish},
	volume = {18},,
	year = {2011}
}

@inbook{Shim2008,
	address = {Seoul},,
	author = {Shim, Ji Young},
	booktitle = {Minimalist Explorations of the Syntax-Lexicon Interface},
	editor = {Kim, Young-Sun},
	pages = {221--241},
	publisher = {Hankuk},
	title = {Unifying {Korean} \textit{–i//hi/li/ki} constructions},
	year = {2008}
}

@inbook{Schenk1995,
	address = {Hillsdale, NJ},,
	author = {Schenk, Andre},
	booktitle = {Idioms: {{S}}tructural and psychological perspectives},
	editors = {Everaert, Martin and van der Linden, Erik-Jan and Schenk, Andre and Schreuder, Rob},
	pages = {253--272},
	publisher = {Lawrence Erlbaum Hillsdale},
	title = {The syntactic behavior of idioms},
	year = {1995}
}

@inbook{SaitoHoshi2000,
	address = {Cambridge, {MA}},,
	author = {Saito, Mamoru and Hoshi, Horoshi},
	booktitle = {Step by Step: {{{E}}}ssays in {M}inimalist Syntax in Honor of {H}oward {L}asnik},
	editor = {Martin, Robert and Michaels, David and Uriagereka, Juan},
	publisher = {{MIT} press},
	title = {The {Japanese} light verb construction and the minimalist program},
	year = {2000}
}

@inbook{Ruwet1991,
	address = {Chicago},,
	author = {Ruwet, Nicholas},
	booktitle = {Syntax and human experience},
	editors = {Goldsmith, John A.},
	pages = {171--251},
	publisher = {University of {C}hicago Press},
	title = {On the use and abuse of idioms},
	year = {1991}
}

@inbook{RitterRosen2000,
	address = {Stanford},,
	author = {Ritter, Elizabeth and Rosen, Sara},
	booktitle = {Events as Grammatical Objects},
	editors = {Tenny, Carol L and Pustejovsky, James},
	pages = {187--238},
	publisher = {Center for the Study of Language and Information},
	title = {Event structure and ergativity},
	year = {2000}
}

@inbook{RichardsBiberauer2005,
	address = {Amsterdam/Philadelphia},
	author = {Richards, Marc D and Biberauer, Theresa},
	booktitle = {The function of function words and functional categories},
	editors = {Den Dikken, Marcel and Tortora, Christina},
	pages = {115--154},
	publisher = {John Benjamins},,
	title = {Explaining \textit{Expl}},
	year = {2005}
}

@inbook{PesetskyTorrego2004,
	address = {Cambridge, {MA}},
	author = {Pesetsky, David and Torrego, Esther},
	booktitle = {The syntax of time},
	editors = {Guéron, Jacqueline and Lecarme, Jacqueline},,
	publisher = {{MIT} Press},
	title = {Tense, case, and the nature of syntactic categories},
	year = {2004}
}

@inbook{PesetskyTorrego2001,
	address = {Cambridge, {MA}},,
	author = {Pesetsky, David and Torrego, Esther},
	booktitle = {Ken {H}ale: {{A}} life in language},
	editors = {Kenstowicz, Michael},
	pages = {355--426},
	publisher = {{MIT} Press},
	title = {{T-to-C} movement: {{C}}auses and consequences},
	year = {2001}
}

@inbook{Ouali2008,
	address = {Berlin},
	author = {Ouali, Hamid},
	booktile = {Agreement restrictions},
	editors = {D'Alessandro, Roberta and Fischer, Susan and Hrafn, Gunnar},,
	pages = {159--180},
	publisher = {de Gruyter},
	title = {On C-to-T $\phi$-feature transfer: {{T}}he nature of Agreement and Anti-Agreement in {B}erber},
	year = {2008}
}

@inbook{Nishimura1986,
	address = {Hillsdale, {NJ}},
	author = {Nishimura, Miwa},
	booktitle = {Language processing in bilinguals: {{P}}sycholinguistic and neuropsychological perspectives},
	editors = {Vaid, Jyotsna },
	pages = {123--144},
	publisher = {Lawrence Erlbaum},
	title = {Intersentential code-switching: {{T}}he case of language assignment},
	year = {1986},
}

@inbook{Nagai2010,
	address = {{J}apanese multi nominative constructions},
	author = {Nagai, Miho},
	booktitle = {Proceedings of the  33rd Annual {Penn}  Linguistics Colloquium},
	pages = {146--155},
	title = {The view of antisymmetry},
	volume = {16},
	year = {2010}
}

@inbook{Mohanan2006,
	author = {Mohanan, Tara},
	booktitle = {The {{Blackwell}} companion to syntax},
	editor = {In Everaert, Martin and van Riemsdijk, Henk},
	pages = {459--492},
	publisher = {Blackwell},,
	title = {Grammatical verbs (with special reference to light verbs)},
	year = {2006}
}

@inbook{Massam2001,
	address = {Amsterdam},
	author = {Massam, Diane},
	booktitle = {Objects and other subjects},
	editors = {Davies, William D  and  Dubinsky, Stanley},
	pages = {225--246},
	publisher = {Kluwer Publishing},
	title = {n predication and the status of subjects in Niuean},
	year = {2001},
}

@inbook{Massam2000,
	address = {Cambridge},
	author = {Massam, Diane},
	booktitle = {The syntax of verb initial languages},
	editors = {Carnie, Andrew and Guilfoyle, Eithne},
	pages = {97--117},
	publisher = {Oxford University Press},
	title = {{{VSO}} is {{VOS}}: {{A}}spects of {N}iuean word order},
	year = {2000}
}

@inbook{Mahootian1996,
	address = {Stanford},
	author = {Mahootian, Shahrzad},
	booktitle = {Sociolinguistic variation: {{D}}ata, theory and analysis},
	editors = {Arnold, Jennifer and  Blake, Renée and Davidson, Brad and Schwenter, Scott and Solomon, Julie},
	pages = {387--400},
	publisher = {{CSLI}},
	title = {A competence model of codeswitching},
	year = {1993},
}

@inbook{Lance1975,
	address = {Arlington, {VA}},
	author = {Lance, Donald M},
	booktitle = {El Lenguage de los {C}hicanos: {{R}}egional and social characteristics of language used by {M}exican {A}mericans},
	editors = {Hernández-Chavez, Eduardo and Cohen, Andrew D and Beltramo Anthony F},
	publisher = {Center for Applied Linguistics},
	title = {{{Spanish}}-{{English}} code-switching},
	year = {1975}
}

@inbook{Kratzer1996,
	address = {Dordrecht},,
	author = {Kratzer, Angelika},
	booktitle = {Phrase Structure and the Lexicon},
	editors = {Rooryck, Johan and Zaring, Laurie},
	pages = {109--137},
	publisher = {Kluwer},
	title = {Severing the external argument from its verb},
	year = {1996}
}

@inbook{Holmberg2000,
	address = {Amsterdam/Philadelphia},
	author = {Holmberg, Anders},
	booktitle = {The derivation of {{VO}} and {{OV}}},
	editor = {Svenonius, Peter},
	pages = {123--152},,
	publisher = {John Benjamins},
	title = {Deriving {{OV}} order in {F}innish},
	year = {2000}
}

@inbook{Harley2003,
	address = {Amsterdam/Philadelphia},,
	author = {Harley, Heidi},
	booktitle = {Linguistic Variation Yearbook},
	editors = {Pica, Pierre and Rooryck, Johan},
	pages = {31--70},
	publisher = {John Benjamins},
	title = {Possession and the Double Object Construction},
	volume = {2},
	year = {2003}
}

@inbook{Harada1976,
	address = {New York},
	author = {Harada, Shin-Ichi},
	booktitle = {Syntax and Semantics},
	editors = {Shibatani, Masayoshi},
	pages = {111--176},,
	publisher = {Academic Press},
	series = {Japanese Generative Grammar},
	title = {Honorifics},
	volume = {5},
	year = {1976}
}

@inbook{HaleKeyser1993,
	address = {Cambridge, {MA}},
	author = {Hale, Kenneth Locke and Keyser, Samuel Jay},
	booktitle = {The view from building 20: {{{E}}}ssays in Linguistics in Honor of {S}ylvain {B}romberger},
	editor = {Hale, Kenneth Locke and Keyser, Samuel Jay},
	pages = {53--109},
	publisher = {MIT Press},
	title = { On argument structure and lexical expression of syntactic relations},
	year = {1993}
}

@inbook{Haider2000,
	address = {Amsterdam/Philadelphia},
	author = {Haider, Hubert},
	booktitle = {The derivation of {{VO}} and {{OV}}},
	editor = {Svenonius, Peter},
	pages = {45--67},
	publisher = {John Benjamins},
	title = {{{OV}} is more basic than {{VO}}},
	year = {2000}
}

@inbook{Haider1992,
	address = {Amsterdam/Philadelphia},
	author = {Haider, Hubert},
	booktitle = {Lexical specification and insertion [reprinted 2000]}, pages = {135--164},
	editors = {P. Coopmans and M. Everaert and J. Grimshaw},
	publisher = {John Benjamins},
	title = {Branching and discharge [{A}rbeitspapiere des {S}onderforschungsbereiches 340]: {{U}}niversity of {S}tuttgart},
	year = {1992}
}

@inbook{Haegeman1991,
	address = {Tokyo},
	author = {Haegeman, Liliane},
	booktitle = {Aspects of  modern {{English}} Linguistics: {{P}}apers presented to {M}asatomo {{U}}kaji on his 60th birthday},
	editor = {Chiba, Shuki and Ogawa, Akira and Fuiwara, Yasuaki and Yamada, Norio and Koma, Osamu and Yagi, Takao},
	pages = {232--253},
	title = {Parenthetical adverbials: {{T}}he radical orphanage approach},
	year = {1991}
}

@inbook{Haeberli2003,
	address = {Stanford},
	author = {Haeberli, Eric},
	booktitle = {New perspectives on Case theory},
	pages = {89--126},
	publisher = {{CSLI} Publications},,
	title = {Categorial features as the source of {{EPP}} and abstract Case phenomena},
	year = {2003}
}

@inbook{GrohmannEtAl2000,
	address = {Somerville, {MA}},
	author = {Grohmann, Kleanthes K and Drury, John and Castillo, Juan Carlos},
	booktitle = {{Proceedings of the 19th {{West}}  {Coast} Conference on Formal Linguistics}},
	editors = {Billerey, Roger and Lillehaugen, Brook Danielle},
	pages = {153--166},
	publisher = {Cascadilla Press},,
	title = {{No} more {{EPP}}},
	year = {2000}
}

@inbook{FolliHarley2004,
	address = {Dordrecht},
	author = {Folli, Raffaella and Heidi Harley},
	booktitle = {Aspectual Inquiries},
	editors = {Paula Kempchinsky and Roumyana Slabakova},
	pages = {95--120},
	publisher = {Kluwer},
	title = {Flavors of \textit{v}: {{C}}onsuming results in {I}talian and {{E}}nglish},
	year = {2004},
}

@inbook{Ferguson1996,
	address = {Amsterdam/Philadelphia},
	author = {Ferguson, K. Scott},
	editors = {Werner Abraham and Samuel David Epstein and Höskuldur Thráinsson and Jan-Wouter Zwart},
	pages = {97--111},
	publisher = {John Benjamins},,
	title = {Minimal Ideas: {{S}}yntactic studies in the minimalist framework},
	year = {1996}
}

@inbook{Epsteinetal1996,
	address = {Amsterdam/Philadelphia},
	author = {Epstein, Samuel David and Thráinsson, Höskuldur and Zwart, Jan-Wouter},
	editors = {Werner Abraham and Epstein, Samuel David and  Thráinsson, Höskuldur and Zwart, Jan-Wouter},
	pages = {1--66},
	publisher = {John Benjamins},,
	title = {Minimal Ideas: {{S}}yntactic studies in the minimalist framework},
	year = {1996}
}

@inbook{DenDikkenShim2011,
	author = {Den Dikken, Marcel and Ji Young Shim},
	booktitle = {{{Proceedings from the 7th Workshop on {Altaic} Formal Linguistics ({{WAFL}} 7)}}},
	editor = {Andrew Simpson},
	series = {{MIT} working papers in linguistics},
	title = {Feature inheritance and {{EPP}}},
	volume = {62},,
	year = {2011}
}

@inbook{DenDikken2014,
	address = {Amsterdam/Philadelphia},,
	author = {Den Dikken, Marcel},
	booktitle = {Minimalism and beyond: {{R}}adicalizing the interfaces},
	editors = {Peter Kosta and Steven L. Franks, Teodora Radeva-Bork and Lilia Schurcks},
	pages = {37--55},
	publisher = {John Benjamins},
	title = {On feature interpretability and inheritance},
	year = {2014}
}

@inbook{DenBesten1983,
	address = {Amsterdam/Philadelphia},
	author = {Den Besten, Hans},
	booktitle = {On the formal syntax of {Westergermania}},
	editor = {Werner Abraham},
	pages = {47--132},
	publisher = {John Benjamins},
	title = {On the interaction of root transformations and lexical deletive rules},
	year = {1983}
}

@inbook{Chomsky2009,
	address = {Oxford},,
	booktitle = {Of minds and language: {{A}} dialogue with {Noam C}homsky in the {B}asque Country},
	editors = {Massimo Piattelli-Palmarini and Juan Uriagereka and Pello Salaburu},
	publisher = {Oxford University Press},
	title = {Conclusion},
	year = {2009}
}

@inbook{Chomsky2000,
	author = {Chomsky, Noam},
	booktitle = {Step by step: {{{E}}}ssays on minimalist syntax in honor of Howard Lasnik},
	editors = {Martin, R E A},
	pages = {89--155},
	publisher = {MIT press},
	title = {Minimalist inquiries: {{T}}he framework},
	year = {2000}
}

@inbook{Barbiers2000,
	address = {Amsterdam/Philadelphia},,
	author = {Barbiers, Sjef},
	booktitle = {The Derivation of {{VO}} and {{OV}}},
	editor = {Svenonius, Peter},
	pages = {181--218},
	publisher = {John Benjamins},
	title = {The right periphery in {{SOV}} languages},
	year = {2000}
}

@inbook{Baker2008,
	address = {Amsterdam/Philadelphia},,
	author = {Baker, Mark C},
	booktitle = {The limits of syntactic variation},
	editor = {Theresa Biberauer},
	pages = {351--374},
	publisher = {John Benjamins},
	title = {The macroparameter in a microparametric world},
	year = {2008}
}

@inbook{Bach1968,
	address = {New York},,
	author = {Bach, Emmon},
	booktitle = {Universals in Linguistic Theory},
	editors = {Emmon Bach and Robert Thomas Harms},
	pages = {92--124},
	publisher = {Holt, Rinehart, and Winston},
	title = {Nouns and noun phrases},
	year = {1968}
}

@inbook{Auer1995,
	address = {The pragmatics of code-switching: a sequential approach},
	author = {Auer, Peter},
	booktitle = {{One} speaker, two languages, cross-disciplinary perspectives},
	editors = {Lesley Milroy and Pieter Muysken},
	pages = {115--135},
	publisher = {Cambridge University Press},,
	year = {1995}
}

@inbook{Abeille1995,
	address = {Hillsdale, NJ -- Hove, UK},
	author = {Abeill{\'e}, Anne},
	booktitle = {Idioms: {{S}}tructural and psychological perspective},
	editors = {Everaert, Martin and van der Linden, Erik-Jan and Schreuder, Rob},
	pages = {15--42},
	publisher = {Lawrence Erlbaum Associates},
	title = {The flexibility of {F}rench idioms: {{A}} representation with lexicalized {Tree Adjoining Grammar}},
	year = {1995}
}

@book{Zentella1995,
	address = {MA},,
	author = {Zentella, Ana Celia},
	publisher = {Blackwell Malden},
	title = {Growing up bilingual: {Puerto Rican} children in {{New York}}},
	year = {1995}
}

@book{Verkuyl1972,
	address = {Dordrecht},
	author = {Verkuyl, Henk J},
	publisher = {Reidel Publishing},,
	title = {On the Compositional Nature of the Aspects},
	year = {1972}
}

@book{VanVoorst1988,
	address = {Amsterdam/Philadelphia},
	author = {Van Voorst, Jan},
	publisher = {John Benjamins},
	title = {Event Structure},
	year = {1988}
}

@book{Ura2000,
	address = {New York},
	author = {Ura, Horoyuki},
	publisher = {Oxford University Press},
	title = {Checking theory and grammatical functions in universal grammar},
	year = {2000}
}

@book{Travis2010,
	address = {Dordrecht},
	author = {Travis, Lisa deMena},
	publisher = {Springer},
	title = {Inner Aspect: {{T}}he articulation of {{VP}}},
	year = {2010}
}

@book{TennyPustejovsky2000,
	address = {Stanford, CA},
	author = {Tenny, Carol L and Pustejovsky, James},
	publisher = {Center for the Study of Language and Information},
	title = {Events as Grammatical Objects: {{T}}he converging perspectives of lexical semantics and syntax},
	year = {2000}
}

@book{Tenny1994,
	address = {Dordrecht},
	author = {Tenny, Carol L},
	publisher = {Kluwer},,
	title = {Aspectual Roles and the Syntax-Semantics Interface},
	year = {1994}
}

@book{Svenonius2000,
	address = {Amsterdam/Philadelphia},
	author = {Svenonius, Peter},
	publisher = {John Benjamins},
	title = {The derivation of {{VO}} and {{OV}}},
	year = {2000}
}

@book{Ramchand2008,
	address = {\biberror{no address}},
	author = {Ramchand, Gillian},
	publisher = {{C}ambridge {U}niversity {P}ress},
	title = {Verb Meaning and the Lexicon},
	year = {2008}
}

@book{Poutsma1926,
	address = {Groningen},
	author = {Poutsma, H},
	publisher = {P. Noordhof},
	title = {A grammar of late {Modern {English}}: {{P}}art {II}},
	year = {1926}
}

@book{Platzack1998,
	address = {\biberror{no address}},
	author = {Platzack, Christer},
	publisher = {Studentlitteratur},
	title = {Svenskans inre grammatik-det minimalistiska programmet: {{{E}}}n introduktion till modern generativ grammatik},
	year = {1998}
}

@book{Nishimura1997,
	address = {New York},
	author = {Nishimura, Miwa},
	booktitle = {{J}apanese/{{E}}nglish Code-Switching: {{S}}yntax and Pragmatics},
	editor = {Rauch, Irmengard},
	number = {24},
	publisher = {Peter Lang},
	series = {Berkeley Insights in Linguistics and Semiotics},
	title = {{J}apanese/{{E}}nglish Code-Switching: {{S}}yntax and Pragmatics},
	year = {1997}
}

@book{NeelemanWeerman2001,
	address = {Dordrecht},
	author = {Neeleman, Ad and Weerman, Fred},
	publisher = {Springer},
	title = {Flexible Syntax},
	year = {2001}
}

@book{Moro2000,
	address = {Cambridge, {MA}},
	author = {Moro, Andrea},
	publisher = {The {MIT} Press},
	title = {Dynamic Antisymmetry},
	year = {2000}
}

@book{Miyamoto1999,
	address = {Amsterdam/Philadelphia},,
	author = {Miyamoto, Tadao},
	publisher = {John Benjamins},
	title = {The light verb construction in {{Japanese}}: {{T}}he role of the verbal noun},
	year = {1999}
}

@book{MacSwan1999,
	address = {New York},
	author = {MacSwan, Jeff},
	publisher = {Garland Publishing, Inc},
	series = {Outstanding Dissertations in Linguistics},
	title = {A minimalist approach to intrasentential code switching},
	year = {1999}
}

@book{Lopez2020,
	address = {Cambridge},
	author = {López, Luis},
	publisher = {Cambridge University Press},
	sortname = {Lopez, Luis},
	title = {Bilingual grammar: {{T}}oward an integrated model},
	year = {2020}
}

@book{Levin1993,
	address = {Chicago},
	author = {Levin, Beth},
	publisher = {University of Chicago Press},
	title = {{{English}} verb classes and alternations},
	year = {1993},
}

@book{Labov1970,
	address = {Champaign, {IL}},
	author = {Labov, William},
	publisher = {National council of teachers of {E}nglish},
	title = {The study of non-standard {{E}}nglish},
	year = {1970},
}

@book{Koopman1984,
	address = {Dordrecht},,
	author = {Koopman, Hilda},
	publisher = {Foris},
	title = {The Syntax of verbs: {{F}}rom verb movement rules in the {{Kru}} languages to universal grammar},
	year = {1984}
}

@book{Kayne1994,
	address = {Cambridge, MA},
	author = {Kayne, Richard S},
	number = {25},
	publisher = {The MIT Press},
	series = {Linguistic Inquiry Monographs},
	title = {The Antisymmetry of Syntax},
	year = {1994},
}

@book{Kayne1984,
	address = {Dordrecht},
	author = {Kayne, Richard},
	publisher = {Foris},
	title = {Connectedness and Binary Branching},
	year = {1984}
}

@book{Jespersen1965,
	address = {London},
	author = {Jespersen, Otto},
	publisher = {George Allen and Unwin Ltd},,
	title = {A Modern {{English}} Grammar on Historical Principles: {{P}}art {VI}, Morphology},
	year = {1965}
}

@book{Jackendoff1997,
	address = {Cambridge, MA},
	author = {Jackendoff, Ray},
	publisher = {{MIT} press},
	title = {{X-bar} syntax: {{A}} study of phrase structure},
	year = {1997}
}

@book{HuddlestonPullum2002,
	address = {Cambridge},
	author = {Huddleston, Rodney and Pullum, Geoffrey},
	publisher = {Cambridge University Press},,
	title = {The {{Cambridge}} grammar of the  {{English}} language},
	year = {2002}
}

@book{Hook1974,
	address = {Ann Arbor},,
	author = {Hook, Peter Edwin},
	publisher = {Center for {S}outh and {S}outheast {A}sian studies: The University of {M}ichigan},
	title = {The compound verb in {{Hindi}}},
	year = {1974}
}

@book{HolmbergPlatzack1995,
	address = {Oxford/New York},
	author = {Holmberg, Anders and Platzack, Christer},
	publisher = {Oxford University Press},,
	title = {The Role of Inflection in {{Scandinavian}} Syntax},
	year = {1995}
}

@book{Haider2013,
	address = {Cambridge},
	author = {Haider, Hubert},
	publisher = {Cambridge University Press},
	title = {Symmetry breaking in syntax},
	year = {2013}
}

@book{Haegeman1995,
	address = {Cambridge},
	author = {Haegeman, Liliane},
	publisher = {Cambridge University Press},
	title = {The Syntax of Negation},
	year = {1995}
}

@book{Grohmann2003,
	address = {Amsterdam/Philadelphia},
	author = {Grohmann, Kleanthes K},
	publisher = {John Benjamins},
	title = {Prolific domains  on the anti-locality of movement dependencies},
	year = {2003}
}

@book{Georgopoulos1991,
	address = {\biberror{no address}},
	author = {Georgopoulos, Carol},
	publisher = {Springer Science \& Business Media},
	title = {Syntactic variables: {{R}}esumptive pronouns and A′ binding in {Palauan}},
	volume = {24},
	year = {1991}
}

@book{Gallego2010,
	address = {Amsterdam/Philadelphia},
	author = {Gallego, Àngel J},
	publisher = {John Benjamins},
	sortname = {Gallego, Angel J},
	title = {Phase theory},
	year = {2010}
}

@book{EpsteinSeely2006,
	address = {Cambridge},,
	author = {Epstein, Samuel David and T. Daniel Seely},
	publisher = {Cambridge University},
	title = {Derivations in Minimalism},
	year = {2006}
}

@book{Dubinsky1994,
	address = {\biberror{no address}},
	author = {Dubinsky, Stanley},
	note = {{MIT} working papers in linguistics},
	pages = {61--81},
	publisher = {A minimalist approach to light verbs},
	title = {Syntactic underspecification},
	volume = {24},
	year = {1994}
}

@book{Dowty1979,
	address = {Dordrecht},
	author = {Dowty, David R.},
	publisher = {D. Reidel},
	title = {Word meaning and {Montague} grammar},
	year = {1979}
}

@book{DenDikken1995,
	address = {New York/Oxford},
	author = {Den Dikken, Marcel},
	publisher = {Oxford University Press},
	title = {Particles},
	year = {1995}
}

@book{Chomsky2015,
	address = {Cambridge, MA},
	author = {Chomsky, Noam},
	publisher = {MIT Press},
	title = {The {M}inimalist {P}rogram (1995): 20$^{th}$ anniversary edition},
	year = {2015}
}

@book{Chomsky2006,
	address = {Cambridge},
	author = {Chomsky, Noam},
	publisher = {Cambridge University Press},
	title = {Language and Mind},
	year = {2006}
}

@book{Chomsky1998,
	address = {New York},,
	author = {Chomsky, Noam and Ronat, Mitsou},
	publisher = {New Press, The},
	title = {On language: {C}homsky's classic works language and responsibility and reflections on language in one volume},
	year = {1998}
}

@book{Chomsky1995,
	address = {Cambridge, MA},
	author = {Noam Chomsky},
	publisher = {MIT Press},
	title = {The {M}inimalist {P}rogram},
	year = {1995}
}

@book{Chomsky1986,
	address = {New York},,
	author = {Chomsky, Noam},
	publisher = {Greenwood Publishing Group},
	title = {Knowledge of language: {{I}}ts nature, origin, and use},
	year = {1986}
}

@book{Chomsky1982,
	address = {Cambridge,MA},
	author = {Chomsky, Noam},
	publisher = {MIT press},
	title = {Some concepts and consequences of the theory of government and binding},
	year = {1982}
}

@book{Chomsky1981,
	address = {Dordrecht},
	author = {Chomsky, Noam},
	publisher = {Foris},
	title = {Lectures on Government and Binding},
	year = {1981}
}

@book{Chomsky1957,
	address = {The Hague},
	author = {Noam Chomsky},
	publisher = {Mouton},
	title = {Syntactic structures},
	year = {1957}
}

@book{Chan2003,
	address = {New York},
	author = {Chan, Brian Hok-Shing},
	publisher = {Peter Lang},
	title = {Aspects of the syntax, the pragmatics, and the production of code-switching: {C}antonese and {{E}}nglish},
	year = {2003}
}

@book{Cattell1984,
	address = {Sydney},
	author = {Cattell, Ray},
	publisher = {Academic Press},
	title = {Composite Predicates in {{English}}},
	year = {1984}
}

@book{Butt1995,
	address = {Stanford},
	author = {Butt, Miriam},
	publisher = {{CSLI} Publications},
	title = {The Structure of Complex Predicates in {{Urdu}}},
	year = {1995}
}

@book{Borer1998,
	address = {\biberror{no address}},
	author = {Borer, Hagit},
	booktitle = {Morphology and its relation to Phonology and Syntax},
	editors = {Steven G. Lapointe and Diane K. Brentari and Patrick M. Farrell},
	pages = {60--99},
	publisher = {na},
	title = {Deriving passive without theta roles},
	year = {1998}
}

@book{Borer1984,
	address = {Dordrecht},,
	author = {Borer, Hagit},
	publisher = {Foris},
	title = {Parametric syntax: {{C}}ase studies in {S}emitic and {R}omance languages},
	year = {1984}
}

@book{Boeckx2008,
	address = {Oxford},,
	author = {Boeckx, Cedric},
	publisher = {Blackwell},
	title = {Understanding minimalist syntax: {{L}}essons from locality in long-distance dependencies},
	year = {2009}
}

@book{Benveniste1966,
	address = {Paris},
	author = {Benveniste, Emile},
	publisher = {Gallimard},
	title = {Problèmes de linguistique générale},
	year = {1966}
}

@book{Barker1972,
	address = {\biberror{no address}},
	author = {Barker, George C.},
	publisher = {University of Arizona Press},,
	title = {Social functions of language in a {Mexican {American}} community},
	year = {1972}
}

@book{Aissen2003,
	address = {\biberror{no address}},
	author = {Aissen, Judith},
	issue = {3},
	journal = {Natural Language \& Linguistic Theory},
	pages = {435--483},
	publisher = {\biberror{no publisher}},
	title = {Differential Object Marking: {{I}}conicity vs. {{{E}}}conomy },
	volume = {21},
	year = {2003}
}

@book{Adger2003,
	address = {Oxford},
	author = {Adger, David},
	publisher = {Oxford university press},
	title = {Core Syntax},
	year = {2003}
}

@book{Aboh2004,
	address = {Oxford},
	author = {Aboh, Enoch Olad{\'e}},
	publisher = {Oxford University Press},
	sortname = {Aboh, Enoch Olad{e}},
	title = {The morphosyntax of complement-head sequences: {{C}}lause structure and word order patterns in {K}wa},
	year = {2003}
}

@article{Woolford1983,
	author = {Woolford, Ellen},
	journal = {Linguistic Inquiry},
	number = {3},
	pages = {520--536},
	title = {Bilingual Code-Switching and Syntactic Theory},
	volume = {14},
	year = {1983},
}

@article{Wittenberg2016,
	author = {Wittenberg, Eva},
	journal = {{Potsdam} Cognitive Science Series},
	pages = {\biberror{no pages}},
	title = {With light verb constructions from syntax to concepts},
	volume = {7},
	year = {2016}
}

@article{Williams1981,
	author = {Williams, Edwin},
	journal = {Linguistic Inquiry},
	pages = {245--274},,
	title = {On the notions 'lexically related' and 'head of a word'},
	volume = {12},
	year = {1981}
}

@article{Vendler1957,
	author = {Vendler, Zeno},
	journal = {The Philosophical Review},
	pages = {143--160},
	title = {Verbs and times},
	volume = {66},
	year = {1957}
}

@article{UchidaNakayama1993,
	author = {Uchida, Yoshiko and Nakayama, Mineharu},
	journal = {Linguistics},
	pages = {623--666},
	title = {{Japanese} verbal noun constructions},
	volume = {31},
	year = {1993}
}

@article{TitoneConnine1999,
	author = {Debra A and Connine, Cynthia M},
	journal = {Journal of Pragmatics},
	pages = {1655--1674},,
	title = {On the compositional and noncompositional nature of    idiomatic expressions},
	volume = {31},
	year = {1999}
}

@article{TitoneConnine1994,
	author = {Titone, Debra A and Connine, Cynthia M},
	journal = {Journal of Experimental Psychology},
	pages = {1126--1138},,
	title = {Comprehension of idiomatic expressions: {{{E}}}ffect of predictability and literality},
	volume = {20},
	year = {1994}
}

@article{Tateishi1987,
	author = {Tateishi, Koichi},
	journal = {North East Linguistics Society},
	number = {2},
	pages = {404--417},
	title = {Subjects, {{SPEC}}, and {{DP}} in {J}apanese},
	volume = {18},
	year = {1987}
}

@article{TabossiEtAl2009,
	author = {Tabossi, Patrizia and Wolf, Kinou and Koterle, Sara},
	journal = {Journal of Memory and Language},
	pages = {77--96},,
	title = {Idiom syntax: {{I}}diosyncratic or principled?},
	volume = {61},
	year = {\biberror{no year}}
}

@article{TabossiEtAl2008,
	author = {Tabossi, Patrizia and Fanari, Rachele and Wolf, Kinou},
	journal = {Journal of Experimental Psychology: Learning, Memory, \& Cognition},
	pages = {313--327},,
	title = {Processing idiomatic expressions: {{{E}}}ffects of semantic compositionality},
	volume = {34},
	year = {2009}
}

@article{Stadthagenetal2018,
	address = {Amsterdam/Philadelphia},
	author = {Stadthagen-Gonz{\'a}lez, Hans and L{\'o}pez, Luis and Parafita Couto, Maria del Carmen and P{\'a}rraga, C Alejandro},
	journal = {Linguistic Approaches to Bilingualism},
	number = {1},
	pages = {67--97},
	publisher = {John Benjamins},
	sortname = {Stadthagen-Gonz{a}lez, Hans and L{o}pez, Luis and Parafita Couto, Maria del Carmen and P{a}rraga, C Alejandro},
	title = {Using two-alternative forced choice tasks and {T}hurstone's law of comparative judgments for code-switching research},
	volume = {8},
	year = {2018}
}

@article{SridharSridhar1980,
	author = {Sridhar, Shikaripur N and Shridhar, Kamal},
	journal = {Canadian Journal of Psychology},
	pages = {407--416},,
	title = {The syntax and psycholinguistics of bilingual code-switching},
	volume = {\biberror{no volume}},
	year = {1980}
}

@article{Sigurdsson2004,
	author = {Sigurdsson, Halldór Ármann},
	journal = {Linguistic Variation Yearbook},
	pages = {235--259},
	sortname = {Sigurdsson, Halldor Armann},
	title = {Meaningful silence, meaningless sounds},
	volume = {4},
	year = {2004}
}

@article{Shim2016,
	author = {Shim, Ji Young},
	issue = {8},
	journal = {Languages},
	pages = {\biberror{no pages}},
	title = {Mixed verbs in code-switching: {{T}}he syntax of light verbs},
	volume = {1},
	year = {2016}
}

@article{SenerTakahashi2009,
	author = {Şener, Serkan and Takahashi, Daiko},
	journal = {Linguistics},
	note = {\textit{Nanzan}},
	pages = {79--99},,
	sortname = {Sener, Serkan and Takahashi, Daiko},
	title = {Ellipsis of arguments in {{Japanese}} and {{Turkish}}},
	volume = {6},
	year = {2009}
}

@article{SellsKim2007,
	author = {Kim, Jong-Bok and Sells, Peter},
	journal = {Journal of {East} {Asian} Linguistics},
	pages = {303--336},
	title = {{Korean} honorification: {{A}} kind of expressive meaning},
	volume = {16},
	year = {2007}
}

@article{Sells1995,
	author = {Sells, Peter},
	issue = {2},
	journal = {Linguistic Inquiry},
	pages = {277--325},,
	title = {{{Korean}} and {{Japanese}} Morphology from a Lexical Perspective},
	volume = {26},
	year = {1995}
}

@article{SankoffPoplack,
	author = {Sankoff, David and Poplack, Shana},
	journal = {Papers in Linguistics: International Journal of Human Communication},
	number = {1},
	pages = {3--46},
	title = {A Formal Grammar for Code-Switching},
	volume = {12},
	year = {1981},
}

@article{SaitoFukui1998,
	author = {Saito, Mamoru and Fukui, Naoki},
	journal = {Linguistic Inquiry},
	pages = {439--474},,
	title = {Order in phrase structure and movement},
	volume = {29},
	year = {1998}
}

@article{Saito2011,
	author = {Saito, Mamoru},
	journal = {Nanzan Linguistics},
	pages = {43--61},
	title = {Two notes on feature inheritance: {{A}} parametric variation in the distribution of the {{EPP}}},
	volume = {7},
	year = {2011}
}

@article{Saito2007,
	author = {Saito, Mamoru},
	journal = {Language Research},
	pages = {203--227},
	title = {Notes on {{East}} {{Asian}} Argument Ellipsis},
	volume = {43},
	year = {2007}
}

@article{Richards2007,
	author = {Richards, Marc D},
	journal = {Linguistic inquiry},
	number = {3},
	pages = {563--572},
	publisher = {MIT Press},
	title = {On feature inheritance: {{A}}n argument from the {P}hase {I}mpenetrability {C}ondition},
	volume = {38},
	year = {2007}
}

@article{Poplack1980,
	author = {Poplack, Shana},
	journal = {Linguistics},
	pages = {581--618},
	title = {Sometimes {I}'ll start a sentence in {{E}}nglish \textsc{y termino en espa\~{n}ol}: {{T}}oward a typology of code-switching},
	volume = {18},
	year = {1980},
}

@article{ParkK1995,
	author = {Park, Kabyong},
	journal = {Studies in {Generative Grammar}},
	pages = {319--357},
	title = {Verbal nouns and \textit{do}-insertion},
	volume = {5},
	year = {1995},
}

@article{OsborneEtAl2011,
	author = {Osborne, Timothy and Putnam, Michael and Gross, Thomas M.},
	journal = {The Linguistic Review},
	note = {Bare phrase structure, label-less trees, and specifier-less syntax. Is {M}inimalism becoming a dependency grammar?},
	pages = {315--364},,
	title = {\biberror{no title}},
	volume = {28},
	year = {2011}
}

@article{Ochi2009,
	author = {Ochi, Masao},
	journal = {Syntax},
	number = {4},
	pages = {324--362},
	title = {Overt object shift in {{Japanese}}},
	volume = {12},
	year = {2009}
}

@article{NunbergEtAl1994,
	author = {Nunberg, Geoffrey and Sag, Ivan A and Wasow, Thomas},
	journal = {Language},
	number = {3},
	pages = {491--538},
	title = {Idioms},
	volume = {70},
	year = {1994},
}

@article{NishimuraYoon1998,
	author = {Nishimura, Miwa and Kim-Yoon, Keumsil},
	journal = {Japanese/Korean linguistics},
	note = {Head directionality and intrasentential code-switching: A study of {J}apanese {C}anadians and {K}orean {A}mericans’ bilingual speech},
	pages = {121--130},
	title = {\biberror{no title}},
	volume = {8},,
	year = {1998}
}

@article{Nishimura1995,
	author = {Nishimura, Miwa},
	journal = {Language Sciences},
	pages = {123--145},
	title = {Varietal conditioning in {{Japanese}}/{{English}} code-switching},
	volume = {17},,
	year = {1995}
}

@article{Namai2000,
	author = {Namai, Kenichi},
	journal = {Linguistic Inquiry},
	number = {1},
	pages = {170--176},
	title = {Subject honorification in {{Japanese}}},
	volume = {31},
	year = {2000}
}

@article{NagaOzcelik2012,
	author = {Nagai, Miho and Özçelik, Öner},
	journal = {University of Pennsylvania Working Papers in Linguistics},
	number = {1},
	pages = {22},
	sortname = {Nagai, Miho and Ozcelik, Oner},
	title = {Syntactic Positions of Bare {{NP}}s in {T}urkish: {{S}}ome Implications from Aspect and Prosody},
	volume = {18},
	year = {2012},
}

@article{Miyagawa1989,
	author = {Miyagawa, Shigeru},
	journal = {Linguistic Inquiry},
	pages = {659--668},
	title = {Light verbs and the ergative hypothesis},
	volume = {20},
	year = {1989}
}

@article{Miyagawa1987,
	author = {Miyagawa, Shigeru},
	journal = {Lingua},
	pages = {29--51},
	title = {Lexical categories in {{Japanese}}},
	volume = {73},
	year = {1987}
}

@article{Minashima2001,
	author = {Minashima, Hiroshi},
	journal = {Studia Linguistica},
	pages = {175--190},
	title = {On the deletion of accusative case markers in {{Japanese}}},
	volume = {55},
	year = {2001}
}

@article{McIntyre2005a,
	author = {McIntyre, Andrew},
	journal = {Journal of Semantics},
	pages = {401--438},,
	title = {An interaction between the semantic and syntactic decomposition of \textit{get}: {{V}}erb meaning and particle placement},
	volume = {22},
	year = {2005}
}

@article{Lietal2018,
	author = {Li, Rui and Zhang, Zhiyi and Ni, Chuanbin and Xiao, Wei and Wei, Junyan and Dai, Haoyun},
	journal = {Journal of Psycholinguistic Research},
	pages = {1--28},,
	title = {{E}xamining the Functional Category in {{Chinese}-{{E}nglish}} Code-Switching: {{{E}}}vidence from the {E}ye-Movements},
	volume = {47},
	year = {2018}
}

@article{LibbenEtAl2008,
	author = {Libben, Maya R and Titone, Debra A},
	journal = {Memory and Cognition},
	pages = {1103--1121},,
	title = {The multidetermined nature of idiom processing},
	volume = {36},
	year = {2008}
}

@article{LeeH2006b,
	author = {Lee, Hanjung},
	journal = {Journal of {East Asian} Linguistics},
	number = {1},
	pages = {69--96},
	title = {Parallel Optimization in Case Systems: {{{E}}}vidence from Case ellipsis in {{Korean}}},
	volume = {15},
	year = {2006}
}

@article{LeeH2006a,
	author = {Lee, Hanjung},
	journal = {Discourse and Cognition},
	pages = {205--231},,
	title = {Effects of focus and markedness hierarchies on object case ellipsis in {{Korean}}},
	volume = {13},
	year = {2006}
}

@article{LeeCho2003,
	author = {Lee, Wonbin and Cho, Sungeun},
	journal = {Studies in Generative Grammar},
	pages = {39--59},,
	title = {Argument scrambling and object shift},
	volume = {13},
	year = {2003}
}

@article{Lee2006,
	author = {Lee, Hanjung},
	journal = {Journal of East Asian Linguistics},
	number = {1},
	pages = {69--96},
	publisher = {Springer},
	title = {Parallel optimization in case systems: {{{E}}}vidence from case ellipsis in {K}orean},
	volume = {15},
	year = {2006}
}

@article{Larson1988,
	author = {Larson, Richard},
	journal = {Linguistic Inquiry},
	pages = {335--391},
	title = {On the double object construction},
	volume = {19},
	year = {1988}
}

@article{Kuroda1988,
	author = {Kuroda, Sige-Yuki},
	journal = {Lingvisticae Investigationes},
	pages = {1--47},,
	title = {Whether {We} Agree or Not: {{A}} Comparative Syntax of {{E}}nglish and {J}apanese},
	volume = {12},
	year = {1988}
}

@article{Koster1975,
	author = {Koster, Jan},
	journal = {Linguistic analysis},
	pages = {111--136},
	title = {{Dutch} as a {{SOV}} Language},
	volume = {1},
	year = {1975},
}

@article{Koopman2005,
	author = {Koopman, Hilda},
	issue = {4},
	journal = {Linguistic Inquiry},
	pages = {601--633},
	title = {{{Korean}} (and {{Japanese}}) morphology from a syntactic perspective},
	volume = {36},
	year = {2005}
}

@article{Ko2000,
	author = {Ko, Eon-Suk},
	journal = {{J}apanese/{K}orean Linguistics},
	pages = {195--208},,
	title = {A discourse analysis of the realization of objects in {{Korean}}},
	volume = {9},
	year = {2000}
}

@article{Kim2012,
	author = {Kim, Kyumin},
	journal = {Journal of Linguistics},
	pages = {71--105},
	title = {Argument structure licensing and {{English}} \textit{have}},
	volume = {48},
	year = {2012}
}

@article{Kayne2003,
	author = {Kayne, Richard S},
	journal = {English Linguistics},
	number = {1},
	pages = {1--40},
	publisher = {The English Linguistic Society of Japan},
	title = {Antisymmetry and {J}apanese},
	volume = {20},
	year = {2003}
}

@article{Kayne1998,
	author = {Kayne, Richard S},
	journal = {Syntax},
	number = {2},
	pages = {128--191},
	title = {Overt vs Covert Movement},
	volume = {1},
	year = {1998}
}

@article{Kayne1993,
	author = {Kayne, Richard S},
	journal = {Studia Linguistica},
	pages = {3--31},
	title = {Toward a modular theory of auxiliary selection},
	volume = {47},
	year = {1993}
}

@article{Kayne1983,
	author = {Kayne, Richard S},
	journal = {Linguistic inquiry},
	number = {2},
	pages = {223--249},
	title = {Connectedness},
	volume = {14},
	year = {1983}
}

@article{Jun2005,
	author = {Jun, Y},
	journal = {\biberror{no journal}},
	note = {Korean Journal of Linguistics},
	pages = {715--743},,
	title = {On the so-called specificity markers in {{Korean}}},
	volume = {30},
	year = {2005}
}

@article{Johnson1991,
	author = {Johnson, Kyle},
	journal = {Natural Language \& Linguistic Theory},
	number = {4},
	pages = {577--636},
	title = {Object positions},
	volume = {9},
	year = {1991}
}

@article{Horn2003,
	author = {Horn, George M},
	journal = {Journal of Linguistics},
	pages = {245--273},
	title = {Idioms, metaphors and syntactic mobility},
	volume = {39},
	year = {2003}
}

@article{HoesktraEtAl1987,
	author = {Hoesktra, Teun and Lansu, Monic and Westerduin, Marion},
	journal = {{GLOT}},
	pages = {61--78},
	title = {Complex verbs},
	volume = {10},
	year = {1987}
}

@article{Hasegawa2005,
	author = {Hasegawa, Nobuko},
	journal = {Scientific Approaches to Language},
	pages = {33--80},
	title = {The {{EPP}} materialized first, Agree later: {{W}}h-Questions, subjects and {{MO}}-phrases},
	volume = {4},,
	year = {2005}
}

@article{HarleyNoyer1999,
	author = {Harley, Heidi and Noyer, Rolf},
	journal = {Glot International},
	month = {4},
	number = {4},
	pages = {3--9},
	title = {Distributed {M}orphology},
	volume = {4},
	year = {1999},
}

@article{HalleMarantz1994,
	author = {Halle, Morris and Marantz, Alec},
	journal = {MIT working papers in linguistics},
	pages = {275--288},
	title = {Some key features of {Distributed M}orphology},
	volume = {21},
	year = {1994}
}

@article{HaegemanZanuttini1991,
	author = {Haegeman, Liliane and Zanuttini, Raffaella},
	journal = {\biberror{no journal}},
	note = {The Linguistic review},
	pages = {233--251},
	title = {Negative Heads and the {{NEG}} Criterion},
	volume = {8},
	year = {1991}
}

@article{Gumperz1976,
	address = {Thousand Oaks, {CA}},,
	author = {Gumperz, John J},
	journal = {RELC journal},
	number = {2},
	pages = {1--34},
	publisher = {Sage Publications},
	title = {The sociolinguistic significance of conversational code-switching},
	volume = {8},
	year = {1977}
}

@article{Gronemeyer1999,
	author = {Gronemeyer, Claire},
	journal = {Language and Linguistics},
	pages = {1--39},
	title = {On deriving complex polysemy: {{T}}he grammaticalization of \textit{get}},
	volume = {3},
	year = {1999}
}

@article{GrimshawMester1988,
	author = {Grimshaw, Jane and Mester, Armin},
	journal = {Linguistic Inquiry},
	pages = {205--302},
	title = {Light verbs and ${\theta}$-marking},
	volume = {19},
	year = {1988}
}

@article{GonzalezLopez2012,
	author = {Gonz{\'a}lez-Vilbazo, Kay and L{\'o}pez, Luis},
	journal = {Natural Language and Linguistic Theory},
	number = {1},
	pages = {33--77},
	sortname = {Gonz{a}lez-Vilbazo, Kay and L{o}pez, Luis},
	title = {Little \textit{v} and parametric variation},
	volume = {30},
	year = {2012},
}

@article{GonzalezLopez2011,
	author = {González-Vilbazo, Kay and López, Luis},
	journal = {Lingua},
	pages = {832--850},
	sortname = {Gonzalez-Vilbazo, Kay and Lopez, Luis},
	title = {Some properties of light verbs in code-switching},
	volume = {121},
	year = {2011},
}

@article{GibbsNayak1989,
	author = {Gibbs, Raymond W. and Nandini P Nayak},
	journal = {Cognitive Psychology},
	pages = {100--138},,
	title = {Psycholinguistic studies on the syntactic behavior of idioms},
	volume = {21},
	year = {1989}
}

@article{Fiengo1977,
	author = {Fiengo, Robert},
	journal = {Linguistic Inquiry},
	number = {1},
	pages = {35--61},
	publisher = {JSTOR},
	title = {On trace theory},
	volume = {8},
	year = {1977}
}

@article{Dubinsky1997,
	author = {Dubinsky, Stanley},
	journal = {Linguistics},
	pages = {627--672},,
	title = {Syntactic underspecification and light-verb phenomena in {{Japanese}}},
	volume = {35},
	year = {1997}
}

@article{Dryer1992,
	author = {Dryer, Matthew S.},
	journal = {Language},
	pages = {81--138},
	title = {The {{Greenbergian}} Word Order Correlation},
	volume = {68},
	year = {1992}
}

@article{DiSciulloetal1986,
	author = {Di Sciullo, Anne-Marie and Muysken, Pieter and Singh, Rajendra},
	journal = {Journal of Linguistics},
	month = {3},
	number = {1},
	pages = {1--24},
	title = {Government and Code-Mixing},
	volume = {22},
	year = {1986},
}

@article{Cinque2005,
	author = {Cinque, Guglielmo},
	journal = {Linguistic Inquiry},
	pages = {315--332},,
	title = {Deriving {G}reenberg’s universal 20 and its exceptions},
	volume = {36},
	year = {2005}
}

@article{Chomsky2012,
	author = {Chomsky, Noam},
	journal = {Studies in {Chinese} Linguistics},
	pages = {3--16},
	title = {Poverty of the stimulus: {{{U}}}nfinished Business},
	volume = {33},
	year = {2012}
}

@article{Chomsky2007,
	author = {Chomsky, Noam},
	journal = {Biolinguistics},
	pages = {9--27},
	title = {Of minds and language},
	volume = {1},
	year = {2007}
}

@article{Chomsky1976,
	author = {Chomsky, Noam},
	journal = {Linguistic Analysis},
	pages = {303--351},
	title = {Conditions on rules of grammar},
	volume = {2},
	year = {1976}
}

@article{ChoiWeschler2001,
	author = {Choi, Incheol and Stephen Weschler},
	journal = {Proceedings of the {HPSG} conference},
	pages = {\biberror{no pages}},
	title = {Mixed Categories and Argument Transfer in the {K}orean Light Verb Construction},
	volume = {\biberror{no volume}},
	year = {2001},
}

@article{Choi1991,
	author = {Choi, Jae Oh},
	journal = {Linguistics},
	pages = {877--902},
	title = {{Korean}-{English} code switching: {{S}}witch-alpha and linguistic constraints},
	volume = {29},
	year = {1991}
}

@article{Choe2004,
	author = {Choe, Jae-Woong},
	journal = {Studies in {Generative}{Grammar}},
	number = {4},
	pages = {545--559},
	title = {Obligatory honorification and the honorific feature},
	volume = {14},
	year = {2004}
}

@article{Chierchia1988,
	author = {Chierchia, Gennaro},
	journal = {Natural language semantics},
	number = {4},
	pages = {339--405},
	publisher = {Springer},
	title = {Reference to kinds across language},
	volume = {6},
	year = {1998}
}

@article{Chan2008,
	author = {Chan, Brian Hok-Shing},
	journal = {Lingua},
	number = {6},
	pages = {777--809},
	title = {Code-switching, word order and the lexical/functional distinction},
	volume = {118},
	year = {2008},
}

@article{Boskovic2002,
	author = {Bo{\v{s}}kovi{\'c}, {\v{Z}}eljko},
	journal = {Syntax},
	number = {3},
	pages = {167--218},
	publisher = {Wiley Online Library},
	sortname = {Boskovi{c}, Zeljko},
	title = {A--movement and the {{EPP}}},
	volume = {5},
	year = {2002}
}

@article{Boskovic1999,
	author = {Boskovic, Zeljko},
	journal = {Current Studies in Linguistics Series},
	pages = {159--188},
	publisher = {{MIT} press},
	title = {On multiple feature checking: {{M}}ultiple \textit{wh}-fronting and multiple head movement},
	volume = {32},
	year = {1999}
}

@article{BoeckxNiinuma2004,
	author = {Boeckx, Cedric and Fumikazu Niinuma},
	journal = {Natural Language \& Linguistic Theory},
	number = {3},
	pages = {453--480},
	publisher = {Springer},
	title = {Conditions on agreement in {Japanese}},
	volume = {22},
	year = {2004}
}

@article{Boeckx2006,
	author = {Boeckx, Cedric},
	journal = {Natural Language \& Linguistic Theory},
	number = {2},
	pages = {385--398},
	publisher = {Springer},
	title = {Honorification as agreement},
	volume = {24},
	year = {2006}
}

@article{Boeckx2004,
	author = {Boeckx, Cedric},
	journal = {Studia linguistica},
	number = {1},
	pages = {23--36},
	publisher = {Wiley Online Library},
	title = {Long-distance agreement in {H}indi: {{S}}ome theoretical implications},
	volume = {58},
	year = {2004}
}

@article{Belazietal1994,
	author = {Belazi, Heidi M. and Edward J. Rubin and Almeida Jacqueline Toribio},
	journal = {Linguistic Inquiry},
	number = {2},
	pages = {221--237},
	title = {Code Switching and {X}-bar {T}heory: {{T}}he Functional Head Constraint},
	volume = {25},
	year = {1994},
}

@article{Barrie2012,
	author = {Barrie, Michael},
	journal = {Language and Linguistics Compass},
	number = {1},
	pages = {21--35},
	publisher = {Wiley Online Library},
	title = {Antisymmetry and dynamic antisymmetry},
	volume = {6},
	year = {2012}
}

@article{Bach1962,
	author = {Bach, Emmon},
	journal = {Language},
	pages = {263--269},,
	title = {The order of elements in a transformational grammar of {{German}}},
	volume = {28},
	year = {1962}
}

@article{AhnCho2007,
	author = {Ahn, Hee-Don and Sungeun Cho},
	journal = {The Association for Computational Linguistics},
	pages = {57--66},,
	title = {A syntactic account of the properties of bare nominal in discourse.},
	volume = {\biberror{no volume}},
	year = {2007}
}

@article{Ahn2002LVC,
	author = {Ahn, Sung-Ho},
	journal = {Studies in {G}enerative {G}rammar},
	pages = {441--465},,
	title = {The state-event distinction and the light verb construction},
	volume = {12},
	year = {2002}
}

@article{AckermanWebelhuth1997,
	author = {Ackerman, Farrell and Webelhuth, Gert},
	journal = {Acta Linguistica Hungarica},
	pages = {317--340},
	publisher = {JSTOR},
	title = {The composition of (dis) continuous predicates: {{L}}exical or syntactic?},
	volume = {\biberror{no volume}},
	year = {1997}
}

@book{Comrie1981,
	address = {Oxford},
	author = {Bernard Comrie},
	publisher = {Basil Blackwell},
	title = {Language Universals and Linguistic Typology},
	year = {1981}
}