% Include entries that you actually cite. Do not copy here your whole bib-file.

@article
 {heng2022, 
 title={Quexistentials and focus}, 
 journal={Linguistic Inquiry}, 
 author={Hengeveld, Kees and Iatridou, Sabine and Roelofsen, Floris}, 
 year={2022}, 
 pages={1–54}} 
 
 @misc{heng2018,
  author = {Hengeveld, Kees and Iatridou, Sabine and Roelofsen, Floris},
  title = {Quexistentials {I}},
  year = {2018},
note = {Handout, UvA \& MIT},
  url = {http://lingphil.scripts.mit.edu/papers/iatridou/Quexistentials_I.pdf}
}

@inproceedings{yan2005,
  title={Choice-functional series of indefinite pronouns and {H}amblin semantics},
  author={Yanovich, Igor},
  booktitle={Semantics and {L}inguistic {T}heory 15},
  editor = {Efthymia Georgala and Jonathan Howell},
  pages={309--326},
  year={2005},
  doi={10.3765/salt.v15i0.2921}
}

@article{paducheva2016,
  title={Mestoimenija tipa \textit{\v{c}to-nibud'} v otricatel'nom predlo\v{z}enii},
  author={Padu\v{c}eva, Elena V.},
  journal={Voprosy jazykoznanija},
  number={3},
  pages={22--36},
  year={2016},
  doi={10.31857/S0373658X0001000-9}
}

@phdthesis{Fitzgibbons,
year={2010},
title={Licensers and Meanings: {S}tructural Properties of Dependent Indefinites},
author={Fitzgibbons, Natalia},
school = {University of Connecticut},
address = {Storrs, CT},
}

@incollection{pereltsvaig2008,
    author={Pereltsvaig, Asya},
  year={2008},
  title={Russian \textit{nibud’}-series as markers of co-variation},
  booktitle={Proceedings of the 27th {W}est {Co}ast {C}onference on {F}ormal {L}inguistics},
  pages={370--378},
    editor={Natasha Abner and Jason Bishop},
  publisher={Cascadilla Proceedings Project},
  address={Somerville, MA},
url = {https://www.lingref.com/cpp/wccfl/27/paper1852.pdf},
}



@incollection{giannakidou2013inquisitive,
   author={Giannakidou, Anastasia},
   year={2013},
   title={Inquisitive assertions and nonveridicality},
   booktitle={The dynamic, inquisitive, and visionary life of $\varphi$: {A} {F}estschrift for {J}eroen {G}roenendijk, {M}artin {S}tokhof, and {F}rank {V}eltmanof},
   editor = {Maria Aloni and Michael Franke and Floris Roelofsen},
   pages={115--126},
   publisher={ILLC},
   address={Amsterdam}
   }


@article{Ershler,
author = {David Erschler},
year = 2023,
title = {Colloquial emphatic negation in {R}ussian and morphology of negative concord},
journal={Journal of Slavic Linguistics},
volume = {31},
number = {FASL 30 issue},
pages = {1--18},
url = {http://ojs.ung.si/index.php/JSL/article/view/171},
}


@misc{drubig2001syntactic,
  author    = {Drubig, Hans Bernhard},
  title     = {On the syntactic form of epistemic modality},
  note      = {Ms. University of T{\"u}bingen},
  year      = {2001},
  url       = {https://www.lingexp.uni-tuebingen.de/sfb441/b2/papers/DrubigModality.pdf},
}


@article{butler2003minimalist,
  title={A minimalist treatment of modality},
  author={Butler, Jonny},
  journal={Lingua},
  volume={113},
  number={10},
  pages={967--996},
  year={2003},
  publisher={Elsevier},
  doi={10.1016/S0024-3841(02)00146-8}
}

@incollection{cormack2002modals,
  title={Modals and negation in {E}nglish},
  author={Cormack, Annabel and Smith, Neil},
  booktitle={Modality and its interaction with the verbal system},
  pages={133--163},
  year={2002},
  editor={Sjef Barbiers and Frits Beukema and Wim van der Wurff},
  publisher={John Benjamins},
  address={Amsterdam},
  doi={10.1075/la.47.08cor}
}


@incollection{bhatt2017conditionals,
  title={Conditionals},
  author={Bhatt, Rajesh and Pancheva, Roumyana},
  booktitle={The {W}iley {B}lackwell companion to syntax (second edition)},
  pages={1--48},
  year={2017},
  editor={Martin Everaert and {Henk C.} van Riemsdijk},
  publisher={John Wiley \& Sons},
  address={Hoboken},
doi = {10.1002/9781118358733.wbsyncom119},
}



@incollection{giannakidou2013two,
  title={A two dimensional analysis of the future: modal adverbs and speaker’s bias},
  author={Giannakidou, Anastasia and Mari, Alda},
  booktitle={Proceedings of the 19th {A}msterdam {C}olloquium},
  year={2013},
  editor = {Maria Aloni and Michael Franke and Floris Roelofsen},
  pages={115--122},
   publisher={ILLC},
   address={Amsterdam}
}

@article{papafragou2006epistemic,
  title={Epistemic modality and truth conditions},
  author={Papafragou, Anna},
  journal={Lingua},
  volume={116},
  number={10},
  pages={1688--1702},
  year={2006},
  publisher={Elsevier},
  doi={10.1016/j.lingua.2005.05.009}
}

@phdthesis{wolf2014degrees,
  title={Degrees of assertion},
  author={Wolf, Lavi},
address = {Beersheba},
  year={2015},
  school={Ben Gurion University of the Negev}
}

@article{ernst2009speaker,
  title={Speaker-oriented adverbs},
  author={Ernst, Thomas},
  journal={Natural Language \& Linguistic Theory},
  volume={27},
  number={3},
  pages={497--544},
  year={2009},
  publisher={Springer},
  doi={10.1007/s11049-009-9069-1}
}

@incollection{krifka2019layers,
  title={Layers of assertive clauses: Propositions, judgements, commitments, acts},
  author={Krifka, Manfred},
  booktitle={{P}ropositional Arguments in Cross-Linguistic Research: {Theoretical} and Empirical Issues},
  year={2022},
  editor={{Jutta M.} Hartmann and Angelika W{\"o}llstein},
  address={T{\"u}bingen},
  publisher={Narr},
}

@misc{krifka2017assertions,
  title={Assertions and judgements, epistemics, and evidentials},
  author={Krifka, Manfred},
  note={Paper given at \textit{Speech Acts: Meanings, Uses, Syntactic and Prosodic Realizations}. Handout.},
  year={2017},
  url={https://www.leibniz-zas.de/fileadmin/Archiv2019/veranstaltung_zas/workshops/samusar/Krifka.pdf}
}

@incollection{giannakidou2016emotive,
  title={Emotive predicates and the subjunctive: {A} flexible mood OT account based on (non)veridicality},
  author={Giannakidou, Anastasia and Mari, Alda},
  booktitle={Proceedings of the 20th {S}inn und {B}edeutung},
  pages={288--305},
  editor={Nadine Bade and Polina Berezovskaya and Anthea Sch{\"o}ller},
  year={2016},
  url={https://ojs.ub.uni-konstanz.de/sub/index.php/sub/issue/view/7}
}

@article{AnandPranav2013Eaa,
journal = {Semantics and {P}ragmatics},
pages = {1--59},
volume = {6},
year = {2013},
title = {Epistemics and attitudes},
author = {Anand, Pranav and Hacquard, Valentine},
doi={10.3765/sp.6.8}
}

@incollection{farkas1992semantics,
  title={On the semantics of subjunctive complements},
  author={Farkas, Donka},
  booktitle={Romance languages and modern linguistic theory: {S}elected papers from the {XX} {L}inguistic {S}ymposium on {R}omance Languages, {U}niversity of {O}ttawa},
  pages={69--104},
  year={1992},
  publisher={John Benjamins},
  editor= {Paul Hirschb{\"u}hler and E.F.K. Koerner},
  address= {Amsterdam},
  doi={10.1075/cilt.91.07far}
}



@article{heim1992presupposition,
  title={Presupposition projection and the semantics of attitude verbs},
  author={Heim, Irene},
  journal={Journal of Semantics},
  volume={9},
  number={3},
  pages={183--221},
  year={1992},
  publisher={Oxford University Press},
  doi={10.1093/jos/9.3.183}
}

@inproceedings{villalta2000spanish,
  title={Spanish subjunctive clauses require ordered alternatives},
  author={Villalta, Elisabeth},
  booktitle={Semantics and {L}inguistic {T}heory 10},
  pages={239--256},
  year={2000},
  editor={Brendan Jackson and Tanya Matthews},
  doi={10.3765/salt.v10i0.3123}
}

@article{villalta2008mood,
  title={Mood and gradability: {An} investigation of the subjunctive mood in {S}panish},
  author={Villalta, Elisabeth},
  journal={Linguistics and {P}hilosophy},
  volume={31},
  number={4},
  pages={467--522},
  year={2008},
  publisher={Springer},
  doi={10.1007/s10988-008-9046-x}
}

@article{nilsson2012peculiarities,
  title={Peculiarities of expressing the apprehensive in {R}ussian},
  author={Nilsson, Nadezhda Zorikhina},
  journal={Oslo Studies in Language},
  volume={4},
  number={1},
  year={2012},
  pages={53--70},
  doi={10.5617/osla.164}
}

@article{abels2005,
  title={``{E}xpletive negation" in {R}ussian: {A} conspiracy theory},
  author={Abels, Klaus},
  journal={Journal of Slavic {L}inguistics},
  pages={5--74},
  year={2005},
  volume={13},
  number={1},
  publisher={JSTOR},
  url={https://www.jstor.org/stable/24599547}
}

@article{brown1995,
  title={Asymmetries in the scope of {R}ussian negation},
  author={Brown, Sue and Franks, Steven},
  journal={Journal of {S}lavic {L}inguistics},
  pages={239--287},
  year={1995},
  volume={3},
  number={2},
  publisher={JSTOR},
  url={https://www.jstor.org/stable/24598950}
}

@phdthesis{yoon2011not,
  title={``{N}ot" in the {M}ood: {T}he Syntax, Semantics, and Pragmatics of {E}valuative {N}egation},
  author={Yoon, Suwon},
  year={2011},
  school={The University of Chicago},
address = {Chicago, IL},
}

@article{makri2016not,
  title={What `not' might mean. {E}xpletive {N}egation in attitude contexts},
  author={Makri, Maria Margarita},
  journal={Rivista di Grammatica Generativa},
  volume={38},
  pages={187--200},
  year={2016},
url={https://api.semanticscholar.org/CorpusID:73710352}
}

@book{haspelmath1997indefinite,
  title={Indefinite pronouns},
  author={Haspelmath, Martin},
  year={1997},
  publisher={Oxford University Press},
  address={Oxford}
}


@book{kaufmann2012interpreting,
  title={Interpreting imperatives},
  author={Kaufmann, Magdalena},
  year={2012},
  publisher={Springer},
  address={Dordrecht}
}

@article{giannakidou2007landscape,
  title={The landscape of {EVEN}},
  author={Giannakidou, Anastasia},
  journal={Natural Language \& Linguistic Theory},
  volume={25},
  number={1},
  pages={39--81},
  year={2007},
  publisher={Springer},
  doi={10.1007/s11049-006-9006-5}
}

@incollection{ramchand2004two,
  title={Two types of negation in {B}engali},
  author={Ramchand, Gillian Catriona},
  booktitle={Clause Structure in {S}outh {A}sian Languages. {S}tudies in {N}atural {L}anguage and {L}inguistic {T}heory},
  pages={39--66},
  volume={61},
  year={2004},
  editor={V. Dayal and A. Mahajan},
  publisher={Springer},
  address={Dordrecht}
}

@inproceedings{condoravdi2012imperatives,
  title={Imperatives: Meaning and illocutionary force},
  author={Condoravdi, Cleo and Lauer, Sven},
  booktitle={Empirical {I}ssues in {S}yntax and {S}emantics 9},
  pages={37--58},
  year={2012},
  publisher={CNRS},
address = {Paris},
  editor={Christopher Piñón},
  url={http://www.cssp.cnrs.fr/eiss9/}
}



@book{PaduchevaE.V.ElenaViktorovna1974Oss:,
publisher = {URSS},
year = {2007},
title = {O semantike sintaksisa: {M}aterialy k transformacionnoj grammatike russkogo jazyka},
address = {Moskva},
edition = {Second edition},
author = {Padu\v{c}eva, Elena V.},
keywords = {Russian language -- Semantics; Russian language -- Syntax; Russian language -- Grammar Generative},
lccn = {74343506},
}



@article{hengeveld2022quexistentials,
  title={Quexistentials and focus},
  author={Hengeveld, Kees and Iatridou, Sabine and Roelofsen, Floris},
  journal={Linguistic Inquiry},
  pages={1--54},
  year={2022},
  publisher={MIT Press journals-info@ mit. edu},
  doi={10.1162/ling_a_00441}
}

@inproceedings{haida2008indefiniteness,
  title={The indefiniteness and focusing of question words},
  author={Haida, Andreas},
  booktitle={Semantics and {L}inguistic {T}heory 18},
  pages={376--393},
  editor={Tova Friedman and Satoshi Ito},
  year={2008},
  doi={10.3765/salt.v18i0.2510}
}

@book{yokoyama1987discourse,
  title={Discourse and word order},
  author={Yokoyama, Olga T.},
  title={Discourse and Word Order},
  year={1987},
  publisher={John Benjamins},
  address={Amsterdam}
}

@article{gribanova2009structural,
  title={Structural adjacency and the typology of interrogative interpretations},
  author={Gribanova, Vera},
  journal={Linguistic Inquiry},
  volume={40},
  number={1},
  pages={133--154},
  year={2009},
  publisher={MIT press},
  doi={10.1162/ling.2009.40.1.133}
}

@phdthesis{paperno2012semantics,
  title={Semantics and syntax of non-standard coordination},
  author={Paperno, Denis},
  year={2012},
  school={UCLA}, 
address = {Los Angeles, CA}
}

@article{StepanovArthur2020WaWW,
issn = {0024-3892},
journal = {Linguistic Inquiry},
pages = {410--423},
volume = {51},
number = {2},
year = {2020},
title = {When a Wh-Word Refuses to Stay in Situ},
copyright = {Copyright © The Massachusetts Institute of Technology.},
author = {Stepanov, Arthur and Moussaoui, Ali Al},
doi={10.1162/ling_a_00345}
}

@incollection{citko2013puzzles,
  title={The puzzles of wh-questions with coordinated wh-pronouns},
  author={Citko, Barbara},
  booktitle={Challenges to linearization},
  pages={295--329},
  year={2013},
  editor={Theresa Biberauer and Ian Roberts},
  publisher={Mouton de Gruyter},
  address={Berlin},
doi = {10.1515/9781614512431.295},
}

@book{king1993configuring,
  title={Configuring topic and focus in {R}ussian},
  author={King, Tracy Holloway},
  year={1993},
  publisher={CSLI},
  address={Stanford}
}

@incollection{sode2018verb,
  title={Verb position, verbal mood, and root phenomena in {G}erman},
  author={Sode, Frank and Truckenbrodt, Hubert},
  booktitle={Non-canonical verb positioning in main clauses},
  pages={91--135},
  editor={{Mailin Antomo} and {Sonja Müller}},
  address={Hamburg},
  publisher={Helmut Buske},
  year={2018}
}

@inproceedings{vsimik2010interpretation,
  title={Interpretation of multiple interrogatives: An information structure sensitive account},
  author={{\v{S}}im{\'\i}k, Radek},
  booktitle={Proceedings of the 18th {F}ormal {A}pproaches to {S}lavic {L}anguages},
  pages={486--501},
  year={2010},
publisher={Michigan Slavic Publications},
  address={Ann Arbor, MI},
editor={Wayles Browne and Adam Cooper and Alison Fisher and Esra Kesici and Nikola
Predolac and Draga Zec}
}

@article{mivsmavs2017slovenian,
  title={Slovenian questions with short wh-movement and the low periphery},
  author={Mi{\v{s}}ma{\v{s}}, Petra},
  journal={Slovenski jezik/Slovene Linguistic Studies},
  volume={11},
  year={2017},
  pages={111--126},
  doi={10.17161/1808.25034}
}

@inproceedings{vsimik2009hamblin,
  title={Hamblin pronouns in modal existential wh-constructions},
  author={{\v{S}}im{\'\i}k, Radek},
  booktitle={Proceedings of the 17th {F}ormal {A}pproaches to {S}lavic {L}anguages},
  pages={187--202},
  year={2009},
  publisher={Michigan Slavic Publications},
  address={Ann Arbor, MI},
  editor={Jodi Reich and Darya Kavitskaya}
}

@incollection{vsimik2017existential,
  title={Existential wh-constructions},
  author={{\v{S}}im{\'\i}k, Radek},
  booktitle={Oxford bibliographies in linguistics, vol. 10},
editor={Mark Aronoff},
  year={2017},
  doi={10.1093/OBO/9780199772810-0162}
}

@inproceedings{rudin2007multiple,
  title={Multiple wh-relatives in {S}lavic},
  author={Rudin, Catherine},
  booktitle={Proceedings of the 15th {F}ormal {A}pproaches to {S}lavic {L}anguages},
  pages={282--307},
  year={2007},
  publisher={Michigan Slavic Publications},
  editor={Richard Compton and Magdalena Goledzinowska and Ulyana Savchenko},
  address={Ann Arbor, MI}
}

@incollection{Citko2009,
    author = {Citko, Barbara},
    title = {What don’t wh-questions, free relatives, and correlatives have in common?},
    booktitle = {Correlatives cross-linguistically},
    year={2009},
    publisher={John Benjamins},
   address ={Amsterdam},
    editor={Anikó Lipt{\'a}k},
    pages={49--79},
   doi={10.1075/lfab.1.04cit}
}

@incollection{caponigro2022semantics,
  title={The semantics of {R}udin constructions in {R}omanian},
  author={Caponigro, Ivano and F{\u a}l{\u a}u{\c s}, Anamaria},
  booktitle={Proceedings of the 23rd {A}msterdam {C}olloquium},
  editor={Marco Degano, Tom Roberts, Giorgio Sbardolini and Marieke Schouwstra},
  pages={55--61},
  year={2022},
  address={Amsterdam},
  publisher={ILLC}
}




@article{belyaev2020genesis,
  title={The genesis and typology of correlatives},
  author={Belyaev, Oleg and Haug, Dag},
  journal={Language},
  volume={96},
  number={4},
  pages={874--907},
  year={2020},
  publisher={Linguistic Society of America},
  doi={10.1353/lan.2020.0065}
}

@incollection{kratzer2017indeterminate,
  title={Indeterminate pronouns: {T}he view from {J}apanese},
  author={Kratzer, Angelika and Shimoyama, Junko},
  booktitle={Contrastiveness in information structure, alternatives and scalar implicatures},
series = {Studies in Natural Language and Linguistic Theory},
number = {91},
  editor={Chungmin Lee and Ferenc Kiefer and Manfred Krifka},
  pages={123--143},
  year={2017},
  publisher={Springer},
address = {Leiden},
  doi={10.1007/978-3-319-10106-4_7}
}

@article{postma1994indefinite,
  title={The indefinite reading of WH},
  author={Postma, Gertjan},
  journal={Linguistics in the Netherlands},
  volume={11},
  number={1},
  pages={187--198},
  year={1994},
  publisher={John Benjamins},
address = {Amsterdam},
  doi={10.1075/avt.11.19pos}
}

@article{bruening2007wh,
  title={Wh-in-situ does not correlate with wh-indefinites or question particles},
  author={Bruening, Benjamin},
  journal={Linguistic Inquiry},
  volume={38},
  number={1},
  pages={139--166},
  year={2007},
  publisher={MIT press},
  doi={10.1162/ling.2007.38.1.139}
}

@incollection{lin2014wh,
  title={Wh-expressions in {M}andarin {C}hinese},
  author={Lin, Jo-Wang},
  editor={{C.-T. James} Huang and {Y.-H. Audrey} Li and Andrew Simpson},
  booktitle={The handbook of {C}hinese linguistics},
  pages={180--207},
  year={2014},
  publisher={Wiley Online Library},
doi = {10.1002/9781118584552.ch8},
}

@incollection{chierchia2015,
    author = {Chierchia, Gennaro and Hsiu-Chen Daphne Liao} ,
    title = {Where do {Chinese} wh-items fit?},
    booktitle = {Epistemic Indefinites: {E}xploring Modality Beyond the Verbal Domain},
    publisher = {Oxford University Press},
    address={Oxford},
    year = {2015},
    editor={Luis Alonso-Ovalle and Paula Men{\'e}ndez-Benito},
    pages={31--59},
    doi={10.1093/acprof:oso/9780199665297.003.0002
}
}

@misc{giannakidou2016mandarin,
  title={The {M}andarin {NPI} \textit{shenme} is not exhaustive: {A} reply to {C}hierchia and {L}iao (2015)},
  author={Giannakidou, Anastasia and Lin, Jing},
  note={University of Chicago. Ms.},
  year={2016},
url={https://home.uchicago.edu/~giannaki/pubs/Final.LinGianna.Mar.11.2016.pdf}
}

@inproceedings{liu2021modal,
  title={Modal wh-indefinites in {M}andarin},
  author={Liu, Mingming and Yu’an Yang},
  booktitle={Proceedings of the 25th {S}inn und {B}edeutung},
  editor={{Patrick Georg} Grosz and Luisa Martí and Hazel Pearson and Yasutada Sudo and Sarah Zobel},
  pages={581--599},
  year={2021},
  doi={10.18148/sub/2021.v25i0.955}
}

@book{bhat2004pronouns,
  title={Pronouns},
  author={Bhat, Darbhe Narayana Shankara},
  year={2004},
  publisher={Oxford University Press},
  address={Oxford}
}

@incollection{CardinalettiStarke1999,
title = {The typology of structural deficiency: {A} case study of the three classes of pronouns},
booktitle = {5 Clitics in the Languages of {E}urope ({V}olume 5): {C}litics in the Languages of {E}urope (Part 1)},
author = {Anna Cardinaletti and Michal Starke},
editor = {Henk van Riemsdijk},
publisher = {De Gruyter Mouton},
address = {Berlin},
pages = {145--234},
doi = {10.1515/9783110804010.145},
isbn = {9783110804010},
year = {1999},
}

@incollection{arsenijevic2009relative,
  title={$\{$Relative $\{$conditional $\{$correlative clauses$\}$$\}$$\}$},
  author={Arsenijević, Boban},
  pages={131--156},
  year={2009},
 booktitle = {Correlatives cross-linguistically} ,
    year={2009},
    publisher={John Benjamins},
   address ={Amsterdam},
    editor={Anikó Lipt{\'a}k},
doi = {10.1075/lfab.1.06ars},
}

@article{lin2020correlatives,
  title={Correlatives},
  author={Lin, Jo-Wang},
  journal={The Wiley Blackwell Companion to Semantics},
  pages={1--25},
  year={2020},
  publisher={Wiley Online Library},
 doi={10.1002/9781118788516.sem062}
}

@inproceedings{izvorski1996syntax,
  title={The syntax and semantics of correlative proforms},
  author={Izvorski, Roumyana},
  booktitle={Proceedings of the 26th {N}orth {E}ast {L}inguistics {S}ociety},
  pages={133-147},
  year={1996},
  editor={Kiyomi Kusumoto},
  publisher={GLSA},
  address={Amherst},
  url={https://scholarworks.umass.edu/nels/vol26/iss1/11}
}

@article{Gartner2009,
title = {More on the indefinite-interrogative affinity: {The} view from embedded non-finite interrogatives},
author = {Gärtner, Hans-Martin},
pages = {1--37},
volume = {13},
number = {1},
journal = {Linguistic Typology},
doi = {10.1515/LITY.2009.001},
year = {2009},
lastchecked = {2023-09-20}
}