@incollection{Armoskaite2008,
  author    = {Armoškaitė, Solveiga and Marina Sherkina-Lieber},
  sortname  = {Armoskaite, Solveiga and Marina Sherkina-Lieber},
  title     = {Event number suffixes in {Russian} and {Lithuanian}},
  year      = {2008},
  booktitle = {Formal {Approaches} to {Slavic} {Linguistics} 16: {The} {Stony} {Brook} {Meeting} 2007},
  pages     = {1--15},
  editor    = {Andrei Antonenko and John F. Bailyn and Christina Y. Bethin},
  address   = {Ann Arbor, MI},
  publisher = {Michigan Slavic Publications}
}

@book{Arsenijevic2006,
  author    = {Arsenijević, Boban},
  sortname  = {Arsenijevic, Boban}, 
  title     = {Inner Aspect and Telicity},
  year      = {2006},
  address   = {Utrecht},
  publisher = {LOT},
  series    = {LOT Dissertation Series},
  number    = {142}  
}

@inproceedings{Arsenijevic2017,
  author    = {Arsenijević, Boban},
  sortname  = {Arsenijevic, Boban}, 
  title     = {Gender, like classifiers, specifies the type of partition: {Evidence} from {Serbo}-{Croatian}},
  editor    = {Jessica Kantarovich and Tran Truong and Orest Xherija},
  year      = {2017},
  booktitle = {Proceedings from the {Annual} {Meeting} of the {Chicago} {Linguistic} {Society} 52},
  pages     = {21--37},
  publisher = {Chicago Linguistic Society},
  address   = {Chicago, IL}
}

@misc{database_Lanko,
 title = {Database of the {Western South Slavic} Verb {HyperVerb} 1.0},
 author = {Maru{\v s}i{\v c}, Franc Lanko and {\v Z}aucer, Rok and Mi{\v s}ma{\v s}, Petra and Arsenijevi{\'c}, Boban and Simonovi{\'c}, Marko and Milosavljevi{\'c}, Stefan and Gomboc {\v C}eh, Katarina and Simi{\'c}, Jelena},
 url = {http://hdl.handle.net/11356/1683},
 note = {Slovenian language resource repository {CLARIN}.{SI}},
 copyright = {Creative Commons - Attribution-{ShareAlike} 4.0 International ({CC} {BY}-{SA} 4.0)},
 issn = {2820-4042},
 year = {2022} }

@incollection{Arsenijevic2022,
  author    = {Arsenijević, Boban},
  sortname  = {Arsenijevic, Boban}, 
  title     = {Adjectives as a Lexical Category: {A} Story of Striving for Extension},
  year      = {2022},
  booktitle = {A°: {The} Lexical Status of Adjectives},
  editor    = {Phoevos Panagiotidis and Moreno Mitrović},
  pages     = {121--152},
  publisher = {John Benjamins},
  address   = {Amsterdam},
  doi       = {10.1075/lfab.17.04ars}
}

@incollection{Arsenijevic2023,
  author    = {Arsenijević, Boban},
  sortname  = {Arsenijevic, Boban}, 
  title     = {Specification of telicity in {Serbo}-{Croatian}, without null prefixes},
  year      = {2023},
  booktitle = {Advances in formal {Slavic} linguistics 2021},
  editor    = {Olav Mueller-Reichau and Petr Biskup and Marcel Börner and Iuliia Shcher\-bina},
  publisher = {Language Science Press},
  address   = {Berlin},
  pages     = {1--37},
  doi       = {10.5281/zenodo.10123627}
}

@misc{database_Boban, 
title = {Database of the {W}estern {S}outh {S}lavic {V}erb {HyperVerb} 2.0 -- {We{S}o{S}la{V}}},
author = {Arsenijevi{\'c}, Boban and Gomboc {\v C}eh, Katarina and Maru{\v s}i{\v c}, Franc Lanko and Milosavljevi{\'c}, Stefan and Mi{\v s}ma{\v s}, Petra and Simi{\'c}, Jelena and Simonovi{\'c}, Marko and {\v Z}aucer, Rok}, 
url = {http://hdl.handle.net/11356/1846}, 
note = {Slovenian language resource repository {CLARIN}.{SI}}, 
copyright = {Creative Commons - Attribution 4.0 International ({CC} {BY} 4.0)}, 
issn = {2820-4042},
year = {2024} }

@misc{database,
  author    = {Arsenijević, Boban and Gomboc Čeh, Katarina and Marušič, Franc Lanko and Milosavljević, Stefan and Mišmaš, Petra and Simić, Jelena and Simonović, Marko and Žaucer, Rok},
  sortname  = {Arsenijevic, Boban and Gomboc Ceh, Katarina and Marusic, Franc Lanko and Milosavljevic, Stefan and Mismas, Petra and Simic, Jelena and Simonovic, Marko and Zaucer, Rok},
  title     = {{WeSoSlaV}: {Database} of the {Western} {South} {Slavic} verbal system},
  year      = {2022},
  note      = {In preparation},
  institution = {University of Graz / University of Nova Gorica},
  type      = {Database},
  url       = {https://hyper-verb.ung.si/wiki/doku.php},
}

@misc{data_nV,
    author = {Štarkl, Ema and Milosavljević, Stefan and Simonović, Marko and Arsenijević, Boban},
    title = {The {W}estern {S}outh {S}lavic verbal suffix -nV/-ne},
    type = {Database},
    doi = {10.5281/zenodo.13912034},
    year = {2024},
}

@article{ArsenijevicHinzen2012,
  author    = {Arsenijević, Boban and Hinzen, Wolfram},
  sortname  = {Arsenijevic, Boban and Hinzen, Wolfram}, 
  title     = {On the absence of {X}-within-{X} recursion in human grammar},
  year      = {2012},
  journal   = {Linguistic Inquiry},
  volume    = {43},
  number    = {3},
  pages     = {423--440},
  issn      = {0024-3892},
  doi       = {10.1162/LING_a_00095},
}

@unpublished{ArsenijevicEtAl2023,
  author    = {Arsenijević, Boban and Milosavljević, Stefan and Simonović, Marko},
  sortname  = {Arsenijevic, Boban and Milosavljevic, Stefan and Simonovic, Marko},
  title     = {Secondary imperfectivisation is reverbalisation is addition of theme vowels},
  year      = {2023},
  howpublished = {Presented at the 56th Annual Meeting of the Societas Linguistica Europaea (SLE 56), Workshop Inflection and derivation in the Slavic verb, National and Kapodistrian University of Athens, August 29--September 1, 2023}
}

@article{Bacz2012,
  author     = {Bacz, Barbara},
  title      = {Reflections on Semelfactivity in {Polish}},
  year       = {2012},
  journal    = {Studies in Polish Linguistics},
  pages      = {107--128},
  volume     = {7},
  number     = {1}
}

@book{BaricEtAl1997,
  author    = {Barić, Eugenija and Mijo Lončarić and Dragica Malić and Slavko Pavešić and Mirko Peti and Vesna Zečević and Marija Znika},
  sortname  = {Baric, Eugenija and Mijo Loncaric and Dragica Malic and Slavko Pavesic and Mirko Peti and Vesna Zecevic and Marija Znika},
  title     = {Hrvatska gramatika},
  year      = {1997},
  publisher = {Školska knjiga},
  address   = {Zagreb}
}

@article{Beslin2023,
  author    = {Bešlin, Maša},
  sortname  = {Beslin, Masa}, 
  title     = {Passive {vP} is not phasal in {Bosnian}/{Croatian}/{Serbian}},
  year      = {2023},
  journal   = {Proceedings of the {Linguistic} {Society} of {America}},
  volume    = {8},
  number    = {1},
  pages     = {5499},
  doi       = {10.3765/plsa.v8i1.5499}
}

@book{Biskup2019,
  author    = {Biskup, Petr},
  title     = {Prepositions, case and verbal prefixes: {The} case of {Slavic}},
  year      = {2019},
  publisher = {John Benjamins},
  address   = {Amsterdam},
  doi       = {10.1075/la.255},
  series    = {Linguistik Aktuell/Linguistics Today},
  number    = {255},
  doi       = {10.1075/la.255}
}

@incollection{sta+:Biskup2020,
  author    = {Biskup, Petr},
  year      = {2024},
  title     = {An {Agree} analysis of the morphological aspect in {Slavic}},
  booktitle = {Strictly cycling},
address = {Leipzig},
publisher = {Institut für Linguistik, Universität Leipzig},
pages = {55--74},
editor = {Silke Fischer and Doreen Georgi and Fabian Heck and Johannes Hein and Anke Himmelreich and Andrew Murphy and Philipp Weisser},
  url       = {https://www.philol.uni-leipzig.de/fileadmin/Fakult%C3%A4t_Philo/Linguistik/Forschung/LAB/LAB_97/LAB97_04_biskup.pdf}
}

@incollection{Biskup2023,
  author    = {Biskup, Petr},
  title     = {Aspect separated from aspectual markers in {Russian} and {Czech}},
  year      = {2023},
  booktitle = {Advances in formal {Slavic} linguistics 2021},  
  editor    = {Olav Mueller-Reichau and Petr Biskup and Marcel Börner and Iuliia Shcher\-bi\-na},
  publisher = {Language Science Press},
  address   = {Berlin},
  pages     = {61--98},
  doi       = {10.5281/zenodo.10123631}
}

@incollection{Biskup2023Matryoshka,
  author    = {Biskup, Petr},
  title     = {Deriving morphological aspect in {Russian: {A} matryoshka way}},
  booktitle = {Linguistische {Beiträge} zur {Slavistik: XXIX}. {JungslavistInnen-Treffen} vom 09. bis 10. {September} 2021 an der {Ruhr-Universität Bochum}},
  editor    = {Christina Clasmeier and Julia Golbekand},
  pages     = {9--30},
  year      = {2023},
  address   = {Berlin, Frankfurt am Main},
  publisher = {Peter Lang}
}

@incollection{Borer2005,
  author    = {Borer, Hagit},
  title     = {Some notes on the syntax of quantity},
  year      = {2005},
  booktitle = {Aspectual Inquiries},
  editor    = {Paula Kempchinsky and Roumyana Slabakova},
  pages     = {41--68},
  publisher = {Springer},
  address   = {Dordrecht},
  series    = {Studies in Natural Language and Linguistic Theory},
  number    = {62},
  doi       = {10.1007/1-4020-3033-9_3},
}

@book{Borer2005Structuring,
  author    = {Borer, Hagit},
  title     = {Structuring sense, vol. 2: {The} Normal Course of Events},
  year      = {2005},
  publisher = {Oxford University Press},
  address   = {Oxford},
}

@book{Breznik1934,
  author    = {Breznik, Anton},
  title     = {Slovenska slovnica za srednje šole},
  year      = {1934},
  publisher = {Založila Družba sv. Mohorja},
  address   = {Celje},  
}

@phdthesis{Caha2009,
  author    =   {Caha, Pavel},
  title     =   {The nanosyntax of case},
  year      =   {2009},
  school    =   {University of Tromsø},
  address   =   {Tromsø},
}

@inproceedings{DeBelder2008,
  author    = {Marijke {De Belder}},
  year      = {2008},
  pages     = {116--122},
  title     = {Size matters: {Towards} a syntactic decomposition of countability},
  editor    = {Abner, Natasha and Bishop, Jason},
  address   = {Somerville, MA},
  publisher = {Cascadilla Proceedings Project},
  booktitle = {{WCCFL} 27: {Proceedings} of the 27th {West} {Coast} {Conference} on {Formal} {Linguistics}},
  url       = {http://www.lingref.com/cpp/wccfl/27/paper1823.pdf}
}

@article{DeBelder2011,
  author    = {Marijke {De Belder}},
  year      = {2011}, 
  title     = {A morphosyntactic decomposition of countability in {Germanic}},
  journal   = {Journal of Comparative Germanic Linguistics},
  volume    = {14},
  number    = {3},
  pages     = {173--202},
  doi       = {10.1007/s10828-011-9045-0}
}

@incollection{DeBelderEtAl2014,
  author    = {De Belder, Marijke and Noam Faust and Nicola Lampitelli},
  year      = {2014},
  title     = {On a low and a high diminutive: {Evidence} from {Italian} and {Hebrew}},
  booktitle = {The Syntax of Roots and the Roots of Syntax},
  pages     = {149--163},
  editor    = {Alexiadou, Artemis and Hagit Borer and Florian Schäfer},
  publisher = {Oxford University Press},
  address   = {Oxford},
  doi       = {10.1093/acprof:oso/9780199665266.003.0007},
}

@article{DickeyJanda2009,
  author    = {Dickey, Stephen M. and Laura A. Janda},
  year      = {2009},
  title     = {Хохомнул, Схимрил: {The} Relationship between Semelfactives Formed with \emph{-nu-} and \emph{s-} in {Russian}},
  journal   = {Russian Linguistics},
  volume    = {33},
  number    = {3},
  pages     = {229--248},
  doi       = {10.1007/s11185-009-9044-9},
}

@article{Diesing1998,
  author    = {Diesing, Molly},
  year      = {1998},
  title     = {Light verbs and the syntax of aspect in {Yiddish}},
  journal   = {The Journal of Comparative Germanic Linguistics},
  volume    = {1},
  pages     = {119--156},
  doi       = {10.1023/A:1009751908064}
}

@phdthesis{FarrisTrimble2008,
  author    = {Farris-Trimble, Ashley W.},
  year      = {2008},
  title     = {Cumulative faithfulness effects in phonology},  
  school    = {Indiana University}
}

@article{Gladney2013,
  author    = {Gladney, Frank Y.},
  year      = {2013},
  title     = {On the syntax, morphology, and semantics of {Russian} verbal aspect},
  journal   = {Slavic and East European Journal},
  volume    = {57},
  number    = {4},
  pages     = {628--648},
  url       = {https://www.jstor.org/stable/24642488}
}

@book{Isacenko1962,
  author    = {Isačenko, Aleksandr V.},
	 sortname  = {Isacenko, Aleksandr V.},
  year      = {1962},
  title     = {Die russische {Sprache} der {Gegenwart}: {Teil I:} {Formenlehre}},
  address   = {Halle (Saale)},
  publisher = {Niemeyer},
}

@book{IvsicEtAl1970,
  author    = {Ivšić, Stjepan and Josip Vrana and Radoslav Katičić},
  sortname  = {Ivsic, Stjepan and Josip Vrana and Radoslav Katicic},
  year      = {1970},
  title     = {Slavenska poredbena gramatika},
  address   = {Zagreb},
  publisher = {Školska knjiga},
}

@phdthesis{Jablonska2007,
  author    =   {Jabłońska, Patrycja},
  sortname  =   {Jablonska, Patrycja},
  title     =   {Radical decomposition and argument structure},
  year      =   {2007},
  school    =   {University of Tromsø},
  address   =   {Tromsø},
}

@article{Janda2007,
  author    = {Janda, Laura A.},
  year      = {2007},
  title     = {Aspectual clusters of {Russian} verbs},
  journal   = {Studies in Language},
  volume    = {31},
  number    = {3},
  pages     = {607--648},
  doi       = {10.1075/sl.31.3.04jan},
}

@incollection{Kagan2008,
  author    = {Kagan, Olga},
  year      = {2008},
  title     = {On the semantics of aspect and number},
  editor    = {Andrei Antonenko and John F. Bailyn and Christina Y. Bethin},
  booktitle = {Formal {Approaches} to {Slavic} {Linguistics} 16: {The} {Stony} {Brook} {Meeting} 2007},
  pages     = {185--198},
  address   = {Ann Arbor, MI},
  publisher = {Michigan Slavic Publications},
}

@incollection{Kagan2010,
  author    = {Kagan, Olga},
  year      = {2010},
  title     = {Russian aspect as number in the verbal domain},
  booktitle = {Layers of aspect},
  editor    = {Laca, Brenda and Patricia Hofherr},
  pages     = {91–112},
  address = {Stanford, CA},
  publisher = {CSLI Publications},
}

@article{KlimekEtAl2018,
  author    = {Klimek-Jankowska, Dorota and Anna Czypionka and Wojciech Witkowski and Joanna Bła\-szczak},
  year      = {2018},
  title     = {The Time Course of Processing Perfective and Imperfective Aspect in {Polish}: {Evidence} from Self-Paced Reading and Eye-Tracking Experiments},
  journal   = {Acta Linguistica Academica},
  volume    = {65},
  number    = {2--3},
  pages     = {293--351},
  doi       = {10.1556/2062.2018.65.2-3.4},
}

@article{KovacevicEtAl2024,
  author    = {Kovačević, Peđa and Stefan Milosavljević and Marko Simonović},
  sortname  = {Kovacevic, Peda and Stefan Milosavljevic and Marko Simonovic},
  year      = {2024},
  title     = {Theme-vowel minimal pairs show argument structure alternations},
  journal   = {Journal of Linguistics},
  note      = {Advance online publication},
  doi       = {10.1017/S0022226723000415},
  pages     = {1--30}
}

@article{KuznetsovaMakarova2012,
  author    = {Kuznetsova, Julia and Anastasia Makarova},
  year      = {2012},
  title     = {Distribution of Two Semelfactives in {Russian}: -nu- and -anu-},
  journal   = {Oslo Studies in Language},
  volume    = {4},
  number    = {1: The Russian Verb},
  note      = {Atle Grønn and Anna Pazelskaya (issue eds.)},
  pages     = {155--176},
  doi       = {10.5617/osla.231}
}

@incollection{Kwapiszewski2020,
  author    = {Kwapiszewski, Arkadiusz},
  year      = {2020},
  title     = {Aspect and Verbalising Morphology in {Polish} Nominalisations},
  booktitle = {Proceedings of {ConSOLE} {XXVIII}},
  editor    = {Astrid van Alem and Mirella De Sisto and Elisabeth J. Kerr and Joanna Wall},
  publisher = {Leiden University Centre for Linguistics},
  address = {Leiden},
  pages = {75--99},
}

@phdthesis{Kwapiszewski2022,
  author    = {Kwapiszewski, Arkadiusz},
  year      = {2022},
  title     = {Aspect and Event Structure: {The} Morphosyntax of {Polish} Verbs from a Cross-Linguistic Perspective},
  school    = {University of Oxford},
  address   = {Oxford}
}

@article{Landman2011,
  author    = {Landman, Fred},
  year      = {2011},
  title     = {Count nouns, mass nouns, neat nouns, mess nouns},
  journal   = {Baltic International Yearbook of Cognition, Logic and Communication},
  volume    = {6},
  number    = {1},
  pages     = {1--67},
  doi       = {10.4148/biyclc.v6i0.1579}
}

@phdthesis{Lazorczyk2010,
  author    = {Łazorczyk, Agnieszka Agata},
  sortname  = {Lazorczyk, Agnieszka Agata},
  year      = {2010},
  title     = {Decomposing {Slavic} Aspect: {The} Role of Aspectual Morphology in {Polish} and Other {Slavic} Languages},
  school    = {University of Southern California},
  address   = {Los Angeles, CA},
}

@inproceedings{LjubesicKlubicka2014,
  author    = {Ljubešić, Nikola and Klubička, Filip},
  sortname  = {Ljubesic, Nikola and Klubicka, Filip},
  year      = {2014},
  title     = {{bs,hr,sr}{WaC} - Web Corpora of {Bosnian}, {Croatian} and {Serbian}},
  booktitle = {Proceedings of the 9th {Web} as {Corpus} {Workshop} ({WaC-9})},
  editor    = {Bildhauer, Felix and Schäfer, Roland},
  address   = {Gothenburg, Sweden},
  publisher = {Association for Computational Linguistics},
  pages     = {29--35},
  doi       = {10.3115/v1/W14-0405},
}

@inproceedings{Logar-BergincEgAl2012,
  author    = {Logar-Berginc, Nataša and Krek, Simon and Erjavec, Tomaž and Grčar, Miha and Halozan, Peter and Šuster, Simon},
  year = {2012},
  title = {Referenčni korpusi slovenskega jezika {(cc)Gigafida} in {(cc)KRES}},
  url   = {https://nl.ijs.si/isjt12/proceedings/isjt2012_11.pdf},
  booktitle = {Zbornik {O}sme konference Jezikovne tehnologije, 8. do 12. oktober 2012: zbornik 15. mednarodne multikonference {I}nformacijska družba},
  volume = {C},
  pages = {57--62},
}

@article{MakarovaJanda2009,
  author    = {Makarova, Anastasia and Laura A. Janda},
  year      = {2009},
  title     = {Do It Once: {A} Case Study of the {Russian} \emph{-nu-} Semelfactives},
  journal   = {Scando-Slavica},
  volume    = {55},
  number    = {1},
  pages     = {78--99},
  doi       = {10.1080/00806760903175417},
}

@inproceedings{Markman2008,
  author    = {Markman, Vita G},
  year      = {2008},
  title     = {On {Slavic} semelfactives and secondary imperfectives: {Implications} for the split ‘{AspP}'},
  booktitle = {Proceedings of the 31st {Annual} {Penn} {Linguistics} {Colloquium}},
  series    = {University of {Pennsylvania} {Working} {Papers} in {Linguistics} 14(1)},
  address   = {Philadelphia, PA},
  publisher = {Penn Graduate Linguistics Society},
  pages     = {255--268},
  url       = {https://repository.upenn.edu/handle/20.500.14332/44670},
}

@article{Mathieu2012,
  author    = {Mathieu, Éric},
  year      = {2012},
  title     = {Flavors of division},
  journal   = {Linguistic Inquiry},
  volume    = {43},
  number    = {4},
  pages     = {650--679},
  doi       = {10.1162/ling_a_00110},
}

@article{Milosavljevic2019,
  author    = {Milosavljević, Stefan},
  sortname  = {Milosavljevic, Stefan},
  year      = {2019},
  title     = {O upotrebi iterativnih glagola u perfektu za označavanje izbrojivog mnoštva radnji i njihovoj konkurenciji sa svršenim glagolima (na primerima iz novinarskog stila srpskog jezika)},
  journal   = {Naučni sastanak slavista u Vukove dane},
  volume    = {48},
  number    = {3},
  pages     = {149--191},
  doi       = {10.18485/msc.2019.48.3.ch8},
}

@inproceedings{Milosavljevic2022,
  author    = {Milosavljević, Stefan},
  sortname  = {Milosavljevic, Stefan},
  year      = {2022},
  title     = {The delimitative prefix \emph{po-}, durative adverbials, and {Slavic} aspectual composition},
  booktitle = {Proceedings of {ConSOLE} {XXX}},
  editor    = {Annie Holtz and Iva Kovač and Rasmus Puggaard-Rode},
  publisher     = {Leiden University Centre for Linguistics},
  address = {Leiden},
  pages = {17--42},
}

@incollection{Milosavljevic2023Advances,
  author    = {Milosavljević, Stefan},
  sortname  = {Milosavljevic, Stefan},
  year      = {2023},
  title     = {Simple imperfective verbs, the sequence of similar events interpretation, and {Slavic} aspectual composition},
  booktitle = {Advances in formal {Slavic} linguistics 2021},
  editor    = {Olav Mueller-Reichau and Petr Biskup and Marcel Börner and Iuliia Shcherbina},
  address   = {Berlin},
  publisher = {Language Science Press},
  pages     = {265--292},
  doi       = {10.5281/zenodo.10123645},
}

@phdthesis{Milosavljevic2023PhD,
  author    = {Milosavljević, Stefan},
  sortname  = {Milosavljevic, Stefan},
  year      = {2023},
  title     = {Specification of event duration and aspectual composition in {Slavic}},
  school    = {University of Graz},
  address   = {Graz}
}

@article{MilosavljevicArsenijevic2022,
  author    = {Milosavljević, Stefan and Arsenijević, Boban},
  sortname  = {Milosavljevic, Stefan and Arsenijevic, Boban},
  year      = {2022},
  title     = {What differentiates {Serbo}-{Cro\-atian} verbal theme vowels: Content or markedness?},
  journal   = {Glossa: a journal of general linguistics},
  volume    = {7},
  number    = {1},
  pages     = {1--36},   
  doi       = {10.16995/glossa.8535},
}

@misc{WeSoSlaV_derivation,
  author    = {Milosavljević, Stefan and Mišmaš, Petra and Simonović, Marko and Arsenijević, Boban and Gomboc Čeh, Katarina and Marušić, Franc Lanko and Simić, Jelena and Žaucer, Rok},
  sortname  = {Milosavljevic, Stefan and Mismas, Petra and Simonovic, Marko and Arsenijevic, Boban and Gomboc Ceh, Katarina and Marusic, Franc Lanko and Simic, Jelena and Zaucer, Rok},
  year      = {2023},
  title     = {Database of the {Western} {South} {Slavic} {Verb} {HyperVerb} -- Derivation},
  url       = {http://hdl.handle.net/11356/1855},
  note      = {Slovenian language resource repository {CLARIN}.{SI}},
  copyright = {Creative Commons - Attribution-{ShareAlike} 4.0 International ({CC} {BY}-{SA} 4.0)},
  issn      = {2820-4042},
}

@article{Nesset2012,
  author    = {Nesset, Tore},
  year      = {2012},
  title     = {One or Several Categories? {The} {Old} {Church} {Slavonic} \textit{nǫ}-Verbs and Linguistic Profiling},
  journal   = {Russian Linguistics},
  volume    = {36},
  number    = {3},
  pages     = {285--303},
  doi       = {10.1007/s11185-012-9093-3},
}

@article{Nesset2013,
  author    = {Nesset, Tore},
  year      = {2013},
  title     = {The History of the {Russian} Semelfactive: {The} Development of a Radial Category},
  journal   = {Journal of Slavic Linguistics},
  volume    = {21},
  number    = {1},
  pages     = {123--169},
  url       = {https://www.jstor.org/stable/24600451}
}

@phdthesis{Nordrum2019,
  author    = {Nordrum, Maria},
  year      = {2019},
  title     = {Together and Apart: {Perfective} Verbs with a Prefix and the Semelfactive Suffix \emph{-nu-} in {Contemporary} {Standard} {Russian}},
  school    = {UiT The Arctic University of Norway},
  address   = {Tromsø},
  url       = {https://hdl.handle.net/10037/17718}
}

@article{Ott2011,
  author    = {Ott, Dennis},
  year      = {2011},
  title     = {Diminutive-formation in {German}: {Spelling} out the classifier analysis},
  journal   = {Journal of Comparative Germanic Linguistics},
  volume    = {14},
  number    = {1},
  pages     = {1--46},
  doi       = {10.1007/s10828-010-9040-x},
}

@book{Pietroski2005,
  author    = {Pietroski, Paul M.},
  year      = {2005},
  title     = {Events and Semantic Architecture},
  publisher = {Oxford University Press},
  address   = {Oxford}
}

@book{Progovac2005,
  author    = {Progovac, Ljiljana},
  year      = {2005},
  title     = {A Syntax of {Serbian}: {Clausal} Architecture},
  address   = {Bloomington, IN},
  publisher = {Slavica Publishers},
}

@article{Rijkhoff1991,
  author    = {Rijkhoff, Jan N.M.},
  year      = {1991},
  title     = {Nominal aspect},
  journal   = {Journal of Semantics},
  volume    = {8},
  number    = {4},
  pages     = {291--309},
  doi       = {10.1093/jos/8.4.291},
}

@incollection{Rothstein2008Telicity,
  author    = {Rothstein, Susan},
  year      = {2008},
  title     = {Telicity, Atomicity and the {Vendler} Classification of Verbs},
  booktitle = {Theoretical and Crosslinguistic Approaches to the Semantics of Aspect},
  editor    = {Susan Rothstein},
  series    = {Linguistik Aktuell/Linguistics Today},
  number    = {110},
  address   = {Amsterdam},
  publisher = {John Benjamins},
  pages     = {43--77},
  doi    = {10.1075/la.110.04rot}
}

@incollection{Rothstein2008Puzzles,
  author    = {Rothstein, Susan},
  year      = {2008},
  title     = {Two Puzzles for a Theory of Lexical Aspect: {Semelfactives} and Degree Achievements},
  booktitle = {Event Structures in Linguistic Form and Interpretation},
  editor    = {Johannes Dölling and Tatjana Heyde-Zybatow and Martin Schäfer},
  address   = {Berlin / New York},
  publisher = {Walter de Gruyter},
  pages     = {175--198},
  doi       = {10.1515/9783110925449.175}
}

@InProceedings{Sauerland2003,
  author    = {Sauerland, Uli},
  year      = {2003},
  title     = {A new semantics for number},
  booktitle = {{SALT} 13: {Proceedings} of the 13th {Semantics} and {Linguistic} {Theory} {Conference}},
  editor    = {Robert B. Young and Yuping Zhou},
  publisher = {CLC Publications},
  address   = {Ithaca, NY},
  pages     = {258--275},
  doi       = {10.3765/salt.v13i0.2898},
}

@incollection{Schoorlemmer1997,
  author    = {Schoorlemmer, Maaike},
  year      = {1997},
  title     = {The role of the internal argument in the {Russian} aspectual system},
  booktitle = {Formale {Slavistik}},
  editor    = {Junghanns, Uwe and Zybatow, Gerhild},
  publisher = {Vervuert Verlag},
  address = {Frankfurt am Main},
  pages     = {229--238},
}

@incollection{Schoorlemmer2004,
  author    = {Schoorlemmer, Maaike},
  year      = {2004},
  title     = {Syntactic Unaccusativity in {Russian}},
  booktitle = {The Unaccusativity puzzle: {Explorations} of the Syntax--Lexicon Interface},
  editor = {Alexiadou, Artemis and Anagnostopoulou, Elena and Everaert, Martin},
  publisher = {Oxford University Press},
  address   = {Oxford},
}

@book{Simonovic2015,
  author    = {Simonović, Marko},
  sortname  = {Simonovic, Marko},
  year      = {2015},
  title     = {Lexicon immigration service: {Prolegomena} to a Theory of Loanword Integration},
  address   = {Utrecht},
  publisher = {LOT},
  series    = {LOT Dissertation Series},
  number    = {393}  
}

@article{SimonovicEtAl2021,
  author    = {Simonović, Marko and Stefan Milosavljević and Boban Arsenijević},
  sortname  = {Simonovic, Marko and Stefan Milosavljevic and Boban Arsenijevic},
  year      = {2023},
  title     = {Serbo-{Croatian} secondary imperfectivisers consist of theme vowels},
  journal   = {Journal of Slavic linguistics},
  volume    = {31},
  number    = {FASL 30 issue},
  pages     = {1--27},
  url       = {http://ojs.ung.si/index.php/JSL/article/view/178}
}

@book{Smith1997,
  author    = {Smith, Carlota S.},
  year      = {1997},
  edition   = {2},
  title     = {The Parameter of Aspect},
  publisher = {Kluwer},
  address   = {Dordrecht}
}

@incollection{Sokolova2015,
  author    = {Sokolova, Svetlana},
  year      = {2015},
  title     = {Rabotnul Na Slavu-Gul’ni Smelo!: {-NU-} as a Universal aspectual Marker in Non-Standard {Russian}},
  booktitle = {Aspektual’naja Semanti\v{c}eskaja Zona: {Tipologija} Sistem i Scenarii Diaxroni\v{c}eskogo Razvitija. {Sbornik} statej {V} {Me\v{z}dunarodnoj} Konferencii {Komissii} Po Aspektologii Me\v{z}dunarodnogo Komiteta Slavistov},
  editor    = {Misushi Kitajo},
  address   = {Kyoto},
  pages     = {271--277},
  publisher = {Tanaka Print},
}

@book{StanojcicPopovic2008,
  author    = {Stanojčić, Živojin and Ljubomir Popović},
  sortname  = {Stanojcic, Zivojin and Ljubomir Popovic},
  year      = {2008},
  title     = {Gramatika srpskog jezika (za gimnazije i srednje škole)},
  publisher = {Zavod za Udžbenike},
  address   = {Beograd},
}

@article{Starke2009,
  author    =   {Starke, Michal},
  title     =   {Nanosyntax: {A} short primer to a new approach to language},
  year      =   {2009},
  journal   =   {Nordlyd},
  volume    =   {36},
  number    =   {1: Special issue on Nanosyntax},
  pages     =   {1--6},
  doi       =   {10.7557/12.213}
}

@book{Stevanovic1986,
  author    = {Stevanović, Mihailo},
  sortname  = {Stevanović, Mihailo},
  year      = {1986},
  title     = {Savremeni srpskohrvatski jezik I},
  publisher = {Naučna knjiga},
  address   = {Beograd},
}

@phdthesis{Stojanović2016,
  author    = {Stojanović, Milica},
  year      = {2016},
  title     = {Poliprefigirani glagoli u srpskom jeziku},
  school    = {University of Belgrade},
  address   = {Belgrade},
  url       = {https://hdl.handle.net/21.15107/rcub_nardus_8566}
}

@article{Svenonius2004,
  author    = {Svenonius, Peter},
  year      = {2004},
  title     = {{Slavic} prefixes and morphology: {An} introduction to the {Nordlyd} volume},
  journal   = {Nordlyd},
  volume    = {32},
  number    = {2},
  pages     = {177--204},
  doi       = {10.7557/12.67},
}

@Article{TaraldsenMedovaWiland2019,
  author    = {Lucie {Taraldsen Medová} and Bartosz Wiland},
  sortname  = {Taraldsen Medova, Lucie and Bartosz Wiland},
  year      = {2019},
  title     = {Semelfactives are bigger than degree achievements: The nanosyntax of {Czech} and {Polish} semelfactive and degree achievement verb stems},
  journal   = {Natural Language \& Linguistic Theory},
  volume    = {37},
  number    = {4},
  pages     = {1463--1513},
  doi       = {10.1007/s11049-018-9434-z}
}

@book{Toporisic2000,
  author    = {Toporišič, Jože},
  sortname  = {Toporisic, Joze},
  year      = {2000},
  title     = {Slovenska slovnica},
  publisher = {Založba Obzorja},
  address   = {Maribor}
}

@book{Townsend1968,
  author    = {Townsend, Charles E.},
  year      = {1968},
  title     = {{Russian} Word-Formation},
  publisher = {McGraw-Hill},
  address    = {New York, NY}
}

@book{Vidovic2011,
  author    = {Vidovič Muha, Ada},
  sortname  = {Vidovic Muha, Ada},
  year      = {2011},
  title     = {Slovensko skladenjsko besedotvorje},
  publisher = {Znanstvena založba Filozofske fakultete Univerze v Ljubljani},
  address   = {Ljubljana}
}

@book{Wiland2019,
  author    = {Wiland, Bartosz},
  year      = {2019},
  title     = {The Spell-out Algorithm and Lexicalization Patterns: {Slavic} Verbs and Complementizers},
  series    = {Open Slavic Linguistics},
  number    = {2},
  address   = {Berlin},
  publisher = {Language Science Press},
  doi       = {10.5281/zenodo.2636394}
}

@incollection{Wiltschko2006,
  author    = {Wiltschko, Martina},
  year      = {2006},
  title     = {Why should diminutives count?},
  booktitle = {Organizing Grammar: {Linguistic} Studies in Honor of {Henk} van {Riemsdijk}},
  editor    = {Broekhuis, Hans and Corver, Norbert and Huybregts, Riny and Kleinhenz, Ursula and Koster, Jan},
  publisher = {Mouton de Gruyter},
  address   = {Berlin},
  pages     = {669--678},
  doi       = {10.1515/9783110892994.669},
}

@article{Zdziebko2017,
  author    = {Zdziebko, Sławomir},
  year      = {2017},
  title     ={ On the structure and interpretation of {Polish} passives},
  journal   = {Acta Linguistica Academica},
  volume    = {64},
  number    = {4},
  pages     = {563--617},
  doi       = {10.1556/2062.2017.64.4.4}
}

@incollection{sta+:Arsenijevic2022,
  author    = {Arsenijević, Boban},
  sortname  = {Arsenijevic, Boban}, 
  title     = {Adjectives as a Lexical Category: {A} Story of Striving for Extension},
  year      = {2022},
  booktitle = {A°: {The} Lexical Status of Adjectives},
  editor    = {Phoevos Panagiotidis and Moreno Mitrović},
  pages     = {121--152},
  publisher = {John Benjamins},
  address   = {Amsterdam},
  doi       = {10.1075/lfab.17.04ars}
}

@incollection{sta+:Biskup2023,
  author    = {Biskup, Petr},
  title     = {Aspect separated from aspectual markers in {Russian} and {Czech}},
  year      = {2023},
  booktitle = {Advances in formal {Slavic} linguistics 2021},  
  editor    = {Olav Mueller-Reichau and Petr Biskup and Marcel Börner and Iuliia Shcher\-bi\-na},
  publisher = {Language Science Press},
  address   = {Berlin},
  pages     = {61--98},
  doi       = {10.5281/zenodo.10123631}
}

@phdthesis{sta+:Lazorczyk2010,
  author    = {Łazorczyk, Agnieszka Agata},
  sortname  = {Lazorczyk, Agnieszka Agata},
  year      = {2010},
  title     = {Decomposing {Slavic} Aspect: {The} Role of Aspectual Morphology in {Polish} and Other {Slavic} Languages},
  school    = {University of Southern California},
  address   = {Los Angeles, CA},
}

@inproceedings{sta+:Milosavljevic2022,
  author    = {Milosavljević, Stefan},
  sortname  = {Milosavljevic, Stefan},
  year      = {2022},
  title     = {The delimitative prefix \emph{po-}, durative adverbials, and {Slavic} aspectual composition},
  booktitle = {Proceedings of {ConSOLE} {XXX}},
  editor    = {Annie Holtz and Iva Kovač and Rasmus Puggaard-Rode},
  publisher     = {Leiden University Centre for Linguistics},
  address = {Leiden},
  pages = {17--42},
}

@book{sta+:Progovac2005,
  author    = {Progovac, Ljiljana},
  year      = {2005},
  title     = {A Syntax of {Serbian}: {Clausal} Architecture},
  address   = {Bloomington, IN},
  publisher = {Slavica Publishers},
}

@book{sta+:Stevanovic1986,
  author    = {Stevanović, Mihailo},
  sortname  = {Stevanović, Mihailo},
  year      = {1986},
  title     = {Savremeni srpskohrvatski jezik I},
  publisher = {Naučna knjiga},
  address   = {Beograd},
}

@article{sta+:Svenonius2004,
  author    = {Svenonius, Peter},
  year      = {2004},
  title     = {{Slavic} prefixes and morphology: {An} introduction to the {Nordlyd} volume},
  journal   = {Nordlyd},
  volume    = {32},
  number    = {2},
  pages     = {177--204},
  doi       = {10.7557/12.67},
}

@book{sta+:Toporisic2000,
  author    = {Toporišič, Jože},
  sortname  = {Toporisic, Joze},
  year      = {2000},
  title     = {Slovenska slovnica},
  publisher = {Založba Obzorja},
  address   = {Maribor}
}



