@book{langsci-current-book, author = {Zrinka Kolaković and Edyta Jurkiewicz-Rohrbacher and Björn Hansen and Dušica Filipović Đurđević and Nataša Fritz}, title = {{Clitics in the wild}}, subtitle = {{Empirical studies on the microvariation of the pronominal, reflexive and verbal clitics in Bosnian, Croatian and Serbian}},year = {2022}, series = {Open Slavic Linguistics}, number = {7}, location = {Berlin}, publisher = {Language Science Press}, options = {dataonly=true} } 
