@book{BHMV99,
 author = {Barić, Eugenija and Lana Hudeček and Milica Mihaljević and Luka Vukojević},
 title = {Hrvatski jezični savjetnik},
 publisher = {Institut za hrvatski jezik i jezikoslovlje},
 address = {Zagreb},
 year = {1999}
}

@phdthesis{simik11,
	author = {Radek {Šimík}},
	school = {University of Groningen},
	title = {Modal existential wh-constructions},
	year = {2011}
}

@phdthesis{VuksaNahod14,
	author = {Vukša Nahod, Perina},
	school = {Filozofski fakultet Sveučilišta u Rijeci},
	title = {Fonologija i morfologija mjesnih govora {S}livanjskoga područja},
	year = {2014},
}

@phdthesis{Todorovic12,
	author = {Todorović, Nataša},
	school = {University of Illinois at Chicago},
	title = {The indicative and subjunctive da-complements in {S}erbian: {A} syntactic-semantic approach},
	url = {http://indigo.uic.edu/bitstream/handle/10027/9600/Todorovic,%20Natasa.pdf?sequence=1},
	urldate = {2017-05-16},
	year = {2012}
}

@phdthesis{Thorpe91,
	author = {Thorpe, Alana I.},
	school = {Providence, RI Brown University},
	title = {Clitic placement in complex sentences in {C}zech},
	year = {1991},
}

@phdthesis{Sinnemaki11,
	author = {Sinnemäki, Kaius},
	school = {University of Helsinki},
	title = {Language universals and linguistic complexity: {T}hree case studies in core argument marking},
	year = {2011},
}

@phdthesis{Shriberg94,
	author = {Shriberg, Elizabeth},
	school = {University of California at Berkeley, CA},
	title = {Preliminaries to a theory of speech disfluencies},
	year = {1994},
}

@phdthesis{Runic14,
	author = {Jelena Runić},
	school = {University of Connecticut},
	title = {A new look at clitics, clitic doubling, and argument ellipsis: {{E}}vidence from {S}lavic},
	year = {2014},
}

@phdthesis{Ross67,
	author = {Ross, John R.},
	school = {MIT},
	title = {Constraints on variables in syntax},
	year = {1967},
}

@phdthesis{RadanovicKocic88,
	author = {{Ra\-da\-no\-vić-Ko\-cić}, Vesna},
	school = {University of Illinois at Urbana-Champaign},
	title = {The grammar of {S}erbo-{C}roatian clitics: {A} synchronic and diachronic perspective},
	year = {1988},
}

@phdthesis{Moulton15,
	author = {Moulton, Erin Elizabeth},
	school = {University of Kansas},
	title = {Rethinking reflexivity: {{SJA}}/{{SE}}-verbs in {R}ussian and {B}osnian/{C}roatian/{S}erbian},
	year = {2015},
}

@phdthesis{KurtovicBudja09,
	author = {Kurtović Budja, Ivana},
	school = {Filozofski fakultet Sveučilišta u Zagrebu},
	title = {Govori {M}akarskoga primorja ({F}onologija i morfologija)},
	year = {2009},
}

@phdthesis{Kucanda98,
	author = {Kučanda, Dubravko},
	school = {Filozofski fakultet. Sveučilište u Zagrebu},
	title = {Rečenični subjekt u hrvatskom i engleskom jeziku},
	year = {1998},
}

@phdthesis{Keller00,
	author = {Keller, Frank},
	school = {University of Edinburgh},
	title = {Gradience in grammar: {{E}}xperimental and computational aspects of degrees of grammaticality},
	year = {2000},
}

@phdthesis{Horvat18,
	author = {Horvat, Joža},
	school = {Filozofski fakultet Sveučilišta u Rijeci},
	title = {Toponimija ludbreške {P}odravin},
	year = {2018},
}

@phdthesis{Hana07,
	author = {Hana, Jiřka},
	school = {Charles University in Prague},
	title = {{Czech} clitics in higher order grammar},
	year = {2007},
}

@phdthesis{Curkovic14,
	author = {Ćurković, Dijana},
	school = {Filozofski fakultet Sveučilišta u Rijeci},
	title = {Govor {B}itelića},
	year = {2014},
}

@phdthesis{Cavar99,
	author = {Ćavar, Damir},
	school = {University of Postdam},
	title = {Aspects of the syntax-phonology interface},
	year = {1999},
}

@phdthesis{Boskovic77ff,
	author = {Bošković, Željko},
	school = {University of Connecticut},
	title = {The syntax of non-finite complementation},
	year = {1977},
}

@phdthesis{Bonet91,
	author = {Bonet, Eulàlia},
	school = {Department of Linguistics and Philosophy, Massachusetts Institute of Technology},
	title = {Morphology after syntax: {P}ronominal clitics in {R}omance},
	year = {1991},
}

@misc{filipovic21,
	address = {Belgrade},
	author = {Filipović Đurđević, Dušica},
	doi = {10.5281/zenodo.4748564},
	publisher = {University of Belgrade, School of Electrical Engineering and Academic Mind},
	title = {Slobodni i otvoreni softver u laboratorijskim i mrežnim istraživanjima u eksperimentalnoj psihologiji},
	year = {2021}
}

@misc{eagles96,
	author = {{EAGLES (Expert Advisory Group on Language Engineering Standards)}},
	shortauthor = {EAGLES},
	title = {{E}{{AGL{E}S}}. {P}reliminary recommendations on text typology. [{{{E}AGL{E}S}} Document  {{{E}AG}-{TCWG}-{TTYP}/P}]},
	year = {1996}
}

@misc{Zasina18,
	address = {Prague},
	author = {Zasina, Adrian J. and Lukeš, David and Komrsková, Zuzana and Poukarová, Petra and Řehořková, Anna},
	publisher = {Ústav Českého národního korpusu FF UK},
	title = {Koditex: {K}orpus diverzifikovaných textů},
	url = {http://www.korpus.cz},
	year = {2018}
}

@misc{Wallis14,
	author = {Wallis, Sean},
	title = {Coping with imperfect data},
	url = {corplingstats.wordpress.com/2014/04/10/imperfect-data/},
	urldate = {2017-01-31},
	year = {2014}
}

@misc{Vukovic21,
	author = {Vuković, Teodora},
	journal = {Language Resources and Evaluation},
	title = {Representing variation in a spoken corpus of an endangered dialect: {T}he case of {T}orlak},
	url = {10.1007/s10579-020-09522-4},
	year = {2021},
}

@misc{Team17,
	address = {Vienna, Austria},
	author = {R Core Team},
	publisher = {R Foundation for Statistical Computing},
	title = {R: {A} language and environment for statistical computing},
	url = {https://www.R-project.org/},
	year = {2017}
}

@misc{RosenHana17,
	author = {Rosen, Alexandr and Jiřka Hana},
	month = {10},
	note = {{P}resentation at Round table on Mechanisms and Constraints on Clitic Climbing, University of Regensburg, Germany},
	title = {{Czech} clitics: {Word} order and haplology},
	year = {2017},
}

@misc{R2017,
	address = {Vienna, Austria},
	author = {R Core Team},
	organization = {R Foundation for Statistical Computing},
	title = {R: {A} Language and Environment for Statistical Computing.},
	url = {https://www.R-project.org/},
	year = {2017}
}

@misc{Progovac93c,
	address = {Wayne State University},
	author = {Progovac, Ljiljana},
	title = {Clitics in {S}erbian/{C}roatian: {C}omp as the second position},
	year = {1993},
}

@misc{BKVB15,
	author = {Bates, Douglas and Reinhold Kliegl and Shravan Vasishth and Baayen, R. Harald},
	title = {Parsimonious mixed models},
	url = {https://arxiv.org/abs/1506.04967},
	year = {2015}
}

@mastersthesis{Dotlacil04,
	author = {Dotlačil, Jakub},
	school = {University in Tromsø},
	title = {The syntax of infinitives in {C}zech},
	year = {2004},
}

@inproceedings{TiedmannLjubesic12,
	author = {Tiedemann, Jörg and Nikola Ljubešić},
	booktitle = {Proceedings of the 24th international conference on Computational Linguistics. {{COLING}} 2012},
	editor = {Martin Kay and Christian Boitet},
	pages = {2619--2633},
	publisher = {Indian Institute of Technology Bombay},
	title = {Efficient discrimination between closely related languages},
	year = {2012}
}

@inproceedings{Santos98,
	author = {Santos, Diana},
	booktitle = {Proceedings of The first international conference on language resources and evaluation ({G}ranada, 28--30 {M}ay 1998)},
	pages = {475--481},
	title = {Providing access to language resources through the world wide web: {T}he {O}slo Corpus of {B}osnian texts},
	year = {1998}
}

@inproceedings{Progovac98,
	author = {Progovac, Ljiljana},
	booktitle = {Proceedings of {ESCOL}},
	number = {14},
	pages = {161--169},
	title = {Clitic clusters and coordination},
	year = {1998}
}

@inproceedings{Popovic10,
	author = {Popović, Zoran},
	booktitle = {I{{NFO}}theca: {J}ournal of informatics \& librarianship},
	number = {2},
	pages = {21--38},
	title = {The world wide web as corpus},
	volume = {11},
	year = {2010}
}

@inproceedings{LjubesicKranjcic14,
	address = {Ljubljana},
	author = {Ljubešić, Nikola and Denis Kranjčić},
	booktitle = {Language technologies: {P}roceedings of the 17th international multiconference {I}nformation {S}ociety {{IS}} 2014},
	pages = {90--94},
	title = {Discriminating between {{VERY}} similar languages among {T}witter user},
	year = {2014}
}

@inproceedings{LelandToman76,
	address = {Chicago, IL},
	author = {George, Leland and Jindřich Toman},
	booktitle = {Papers from the 12th regional meeting {C}hicago Linguistic Society},
	editor = {Salikoko S. Mufwene and Carol A. Walker and Sanford B. Steever},
	pages = {235--249},
	publisher = {Chicago Linguistic Society},
	title = {{Czech} clitics in universal grammar},
	year = {1976}
}

@inproceedings{LKAJ16,
	address = {Paris},
	author = {Ljubešić, Nikola and Filip Klubička and Željko Agić and Ivo-Pavao Jazbec},
	booktitle = {Proceedings of the tenth international {C}onference on {L}anguage {R}esources and {{E}}valuation ({{LR{E}C}} 2016)},
	pages = {4264--4270},
	publisher = {ELRA},
	title = {New inflectional lexicons and training corpora for improved morphosyntactic annotation of {C}roatian and {S}erbian},
	year = {2016}
}

@inproceedings{LFE14,
	address = {Reykjavik},
	author = {Ljubešić, Nikola and Darja Fišer and Tomaž Erjavec},
	booktitle = {Proceedings of the ninth international {C}onference on {L}anguage {R}esources and {{E}}valuation ({{LR{E}C}}’14)},
	editor = {Nicoletta Calzolari and Khalid Choukri and Thierry Declerck and Hrafn Loftsson and Bente Maegaard and Joseph Mariani and Asuncion Moreno and Jan Odijk and Stelios Piperidis},
	pages = {2279--2283},
	title = {Tweet{C}a{T}: {A} tool for building {T}witter corpora of smaller languages},
	year = {2014}
}

@inproceedings{HKJ16,
	author = {Björn Hansen and Zrinka Kolaković and Edyta Jurkiewicz-Rohrbacher},
	booktitle = {Clitic climbing in complement taking predicates in {S}erbian: {A} study on clause integration. {V}ariation in space and time: {C}lausal complementation in {S}outh {S}lavic},
	month = mar,
	venue = {Zurich, Switzerland},
	title = {Clitic climbing in complement taking predicates in {S}erbian: {A} study on clause integration. {V}ariation in space and time: {C}lausal complementation in {S}outh {S}lavic},
	year = {2016}
}

@inproceedings{FranksProgovac94,
	author = {Franks, Steven and Ljiljana Progovac},
	booktitle = {{Proceedings of the 9th Biennial Conference on {B}alkan and {S}outh {S}lavic Linguistics, Literature and {Folklore}}},
	number = {69-78},
	series = {Indiana Slavic Studies},
	title = {On the placement of {S}erbo-{C}roatian Clitics},
	year = {1994}
}

@inproceedings{FranksPeti06,
	address = {University of Nova Gorica},
	author = {Franks, Steven and Anita Peti-Stantić},
	booktitle = {Presented at {{FDSL}} 6.5},
	title = {Splitting puzzles in {S}outh {S}lavic},
	year = {2006},
}

@inproceedings{CavarSeiss11,
	author = {Ćavar, Damir and Melanie Seiss},
	booktitle = {Proceedings of the {{LFG}}11 conference},
	editor = {Miriam Butt and Tracy H. King},
	pages = {131--151},
	publisher = {CSLI Publications},
	title = {Clitic placement, syntactic discontinuity and information structure},
	url = {http://web.stanford.edu/group/cslipublications/cslipublications/LFG/16/lfg11.pdf},
	year = {2011}
}

@inproceedings{Aljovic04,
	author = {Aljović, Nadira},
	booktitle = {Proceedings of {{JEL}}’2004 {D}omain(e)s},
	editor = {Olivier Crouzet and Hamida Demirdache and Sophie Wauquier-Gravelines},
	pages = {169--175},
	publisher = {Université de Nantes},
	title = {Cliticization domains: {C}litic climbing in {R}omance and in {S}erbo-{C}roatian},
	year = {2004}
}

@inproceedings{Alexander08,
	address = {Bloomington, IN},
	author = {Alexander, Ronelle},
	booktitle = {{American} contributions to the 14th {I}nternational {C}ongress of {S}lavists},
	editor = {Christina Y. Bethin},
	pages = {1--19},
	publisher = {Slavica Publishers},
	title = {Rhythmic structure constituents and clitic placement in {B}osnian, {C}roatian, {S}erbian},
	volume = {1 Linguistics},
	year = {2008}
}

@incollection{Zwicky94,
	address = {Amsterdam},
	author = {Zwicky, Arnold M.},
	booktitle = {Clitics: {A} comprehensive bibliography (1892–1991)},
	editor = {Joel A. Nevis and Brian D. Joseph and {Dieter} {Wanner} and Arnold M. Zwicky},
	pages = {xii-xx},
	publisher = {John Benjamins Publishing Company},
	title = {What is a clitic?},
	year = {1994}
}

@incollection{ZFD17,
	address = {New York},
	author = {Zec, Draga and Dušica Filipović-Đurđević},
	booktitle = {The morphosyntax-phonology connection: {L}ocality and directionality at the interface},
	editor = {Vera Gribanova and Stephanie Shih},
	pages = {171--196},
	publisher = {Oxford University Press},
	sortname = {Zec, Draga and Dusica Filipovic-Durdevic},
	title = {The role of prosody in clitic placement},
	year = {2017}
}

@incollection{Xiao10,
	address = {Boca Raton, FL},
	author = {Xiao, Richard},
	booktitle = {Handbook of natural language processing. {M}achine learning \& pattern recognition series, chapter 7},
	editor = {Nitin Indurkhya and Fred Damerau},
	pages = {147--165},
	publisher = {Taylor \& Francis},
	title = {Corpus creation},
	year = {2003}
}

@incollection{Xiao08,
	address = {Berlin},
	author = {Xiao, Richard},
	booktitle = {Corpus linguistics: {A}n international handbook},
	editor = {Anke Lüdeling and Merja Kytö},
	pages = {987 - 1008},
	publisher = {Mouton de Gruyter},
	title = {Theory-driven corpus research: {{U}}sing corpora to inform aspect theory},
	year = {2008}
}

@incollection{WiemerHansen12,
	address = {Berlin},
	author = {Wiemer, Björn and Björn Hansen},
	booktitle = {Grammatical replication and borrowability in language contact. ({T}rends in {L}inguistics. {S}tudies and {M}onographs 242)},
	editor = {Björn Wiemer and Bernhard Wälchli and Björn Hansen},
	pages = {67--155},
	publisher = {Mouton de Gruyter},
	sortname = {Wiemer, Bjorn and Bjorn Hansen},
	title = {Assessing the range of contact-induced grammaticalization in {S}lavonic},
	year = {2012}
}

@incollection{Walker13,
	address = {Cambridge},
	author = {James Walker},
	booktitle = {Research methods in linguistics},
	editor = {Robert Podesva and Devyani Sharma},
	pages = {440--459},
	publisher = {Cambridge University Press},
	title = {Variation analysis},
	year = {2013}
}

@incollection{VitasKrstev12,
	address = {Newcastle upon Tyne},
	author = {Vitas, Duško and Cvetana Krstev},
	booktitle = {Multilingual processing in eastern and southern {{EU}} languages: {L}ow-resourced technologies and translation},
	editor = {Christina Vertan and Walther v. Hahn},
	pages = {206--226},
	publisher = {Cambridge Scholar Publishing},
	sortname = {Vitas, Dusko and Cvetana Krstev},
	title = {Construction and exploitation of {X}-{S}erbian Bitexts},
	year = {2012}
}

@incollection{VitasKrstev06,
	address = {Sofia},
	author = {Vitas, Duško and Cvetana Krstev},
	booktitle = {Readings in multilinguality. {I}nstitute for parallel processing},
	editor = {Milena Slavcheva and Galia Angelova and Kiril Simov},
	pages = {148--155},
	publisher = {Bulgarian Academy of Sciences},
	sortname = {Vitas, Dusko and Cvetana Krstev},
	title = {Literature and aligned texts},
	year = {2006}
}

@incollection{VitasKrstev05,
	address = {Birmingham},
	author = {Vitas, Duško and Cvetana Krstev},
	booktitle = {Meaningful Texts: {T}he extraction of semantic information from monolingual and multilingual corpora},
	editor = {Geoff Barnbrook and Pernilla Danielsson and Michaela Mahlberg},
	pages = {166--178},
	publisher = {The University of Birmingham Press},
	sortname = {Vitas, Dusko and Cvetana Krstev},
	title = {Structural derivation and meaning extraction: {A} comparative study on {F}rench-{S}erbo-{C}roatian parallel texts},
	year = {2005}
}

@incollection{VPKPO03,
	address = {Seville},
	author = {Vitas, Duško and Gordana Pavlović-Lažetić and Cvetana Krstev and Ljubomir Popović and Ivan Obradović},
	booktitle = {Workshop on {B}alkan language resources and tools. {N}ovembar 2003 {T}hessaloniki},
	editor = {Stelios Piperidis and Vangelis Karkaletsis},
	pages = {97--104},
	publisher = {Incoma},
	sortname = {Vitas, Dusko and Gordana Pavlovic-Lazetic and Cvetana Krstev and Ljubomir Popovic and Ivan Obradovic},
	title = {Processing {S}erbian written texts: {A}n overview of resources and basic tools},
	year = {2003}
}

@incollection{VKP00,
	address = {Belgrade},
	author = {Vitas, Duško and Cvetana Krstev and Gordana Pavlović-Lažetić},
	booktitle = {Proceedings of the symposium “{C}ontemporary {M}athematics”, 18--20 {D}ecember 1998},
	editor = {Neda Bokan},
	pages = {8},
	publisher = {University of Belgrade},
	sortname = {Vitas, Dusko and Cvetana Krstev and Gordana Pavlovic-Lazetic},
	title = {Recent results in {S}erbian computational lexicography},
	year = {2000}
}

@incollection{Todorovic11,
        address = {Chicago},
	publisher = {University of Chicago},
	author = {Todorović, Nataša},
	booktitle = {{{{ICGL}} 2009 Proceedings}},
	editor = {Katerina Chatzopoulou and Alexandra Ioannidou and Suwon Yoon},
	sortname = {Todorovic, Natasa},
	title = {{d}a in the subjunctive and indicative complements},
	year = {2011}
}

@incollection{Tiedemann09,
	address = {Amsterdam, Philadelphia},
	author = {Tiedemann, Jörg},
	booktitle = {Recent advances in natural language processing},
	editor = {Nicolas Nicolov and Galla Angelova and Ruslan Mitkov},
	pages = {237--248},
	publisher = {John Benjamins Publishing Company},
	sortname = {Tiedemann, Jorg},
	title = {News from {{OPUS}} – a collection of multilingual parallel corpora with tools and interfaces},
	volume = {V},
	year = {2009}
}

@incollection{Tadic09,
	address = {Brno},
	author = {Tadić, Marko},
	booktitle = {After half a century of {S}lavonic natural language processing},
	editor = {Dana Hlaváčková and Aleš Horák and Klára Osolsobĕ and Pavel Rychlý},
	pages = {199--205},
	publisher = {Masaryk University},
	sortname = {Tadic, Marko},
	title = {New version of the {C}roatian national corpus},
	year = {2009}
}

@incollection{Tadic02,
	address = {Paris-Las Palmas},
	author = {Tadić, Marko},
	booktitle = {Proceedings of the third international {C}onference on {L}anguage {R}esources and {{E}}valuation ({{LR{E}C}}'02)},
	editor = {González Rodríguez, Manuel and Suarez Araujo, Carmen Paz },
	pages = {441--446},
	publisher = {ELRA},
	sortname = {Tadic, Marko},
	title = {Building the {C}roatian {N}ational {C}orpus},
	volume = {II},
	year = {2002}
}

@incollection{Stjepanovic98,
	address = {Ann Arbor, MI},
	author = {Stjepanović, Sandra},
	booktitle = {Formal approaches to {S}lavic linguistics: {T}he {C}onnecticut {M}eeting 1998},
	editor = {Željko Bošković and Steven Franks and William Snyder},
	pages = {267--286},
	publisher = {Michigan Slavic Publications},
	sortname = {Stjepanovic, Sandra},
	title = {On the placement of {S}erbo-{C}roatian clitics: {{E}}vidence from clitic climbing and {{VP}} ellipsis},
	year = {1998}
}

@incollection{Stiebels15,
	address = {Berlin},
	author = {Stiebels, Barbara},
	booktitle = {Syntax - theory and analysis. {A}n international handbook ({{HSK}} 42)},
	editor = {Tibor Kiss and Artemis Alexiadou},
	pages = {412--446},
	publisher = {Mouton de Gruyter},
	title = {Control},
	year = {2015}
}

@incollection{Stevanovic50,
	address = {Belgrade},
	author = {Stevanović, Mihailo},
	booktitle = {Srpski dijalektološki zbornik},
	editor = {Aleksandar Belić},
	pages = {1--152},
	publisher = {Naučna knjiga},
	sortname = {Stevanovic, Mihailo},
	title = {Đakovački govor},
	volume = {11},
	year = {1950}
}

@incollection{Stefanowitsch03,
	address = {Berlin and New York},
	author = {Stefanowitsch, Anatol},
	booktitle = {Determinants of grammatical variation in {{{E}}}nglish ({T}opics in {{{E}}}nglish linguistics 43)},
	editor = {Günter Rohdenburg and Britta Mondorf},
	pages = {413–444},
	publisher = {Mouton de Gruyters},
	title = {Constructional semantics as a limit to grammatical alternation: {T}he two genitives of {{E}}nglish},
	year = {2003}
}

@book{Simundic71,
	address = {Sarajevo},
	author = {Šimundić, Mate},
	series = {Djela akademije nauka i umjetnosti},
	number = {Knjiga 26},
	publisher = {Akademija nauka i umjetnosti Bosne i Hercegovine},
	sortname = {Simundic, Mate},
	title = {Govor {I}motske krajine i {B}ekije},
	volume = {11},
	year = {1971}
}

@incollection{Silic78,
	address = {Zagreb},
	author = {Silić, Josip},
	booktitle = {Contrastive analysis of {{E}}nglish and {S}erbo-{C}roatian},
	editor = {Rudolf Filipović},
	lastchecked = {},
	pages = {359--393},
	publisher = {Institute of Linguistics. Faculty of Philosophy. University of Zagreb},
	sortname = {Silic, Josip},
	title = {The basic, or grammatical, word order in the {C}roatian literary language},
	url = {},
	volume = {2},
	year = {1978}
}

@incollection{SiewierskaUhlirova98,
	address = {Berlin},
	author = {Siewierska, Anna and Ludmila Uhlířová},
	booktitle = {Constituent order in the languages of {{E}}urope},
	editor = {Anna Siewierska},
	pages = {105-150},
	publisher = {Mouton de Gryter},
	sortname = {Siewierska, Anna and Ludmila Uhlirova},
	title = {An overview of word order in {S}lavic languages},
	year = {1998}
}

@incollection{Sekeres77,
	address = {Zagreb},
	author = {Sekereš, Stjepan},
	booktitle = {Hrvatski dijalektološki zbornik},
	editor = {Božidar Finka},
	pages = {323--484},
	publisher = {Jugoslavenska akademija znanosti i umjetnosti},
	sortname = {Sekeres, Stjepan},
	title = {Govor {H}rvata u južnoj {B}aranji},
	volume = {4},
	year = {1977}
}

@incollection{Sekeres66,
	address = {Zagreb},
	author = {Sekereš, Stjepan},
	booktitle = {Hrvatski dijalektološki zbornik},
	editor = {Mate Hraste},
	pages = {209--301},
	publisher = {Jugoslavenska akademija znanosti i umjetnosti},
	sortname = {Sekeres, Stjepan},
	title = {Govor našičkog kraja},
	volume = {2},
	year = {1966}
}

@incollection{SchutzeSprouse13,
	address = {Cambridge},
	author = {Schütze, Carson T. and Jon Sprouse},
	booktitle = {Research methods in linguistics},
	editor = {Robert J. Podesva and Devyani Sharma},
	pages = {27--50},
	publisher = {Cambridge University Press},
	sortname = {Schutze, Carson T. and Jon Sprouse},
	title = {Judgment data},
	year = {2013}
}

@incollection{Schutze94,
	address = {Cambridge},
	author = {Schütze, Carson T.},
	booktitle = {Papers on phonology and morphology},
	editor = {Andrew Carnie and Heidi Harley and Tony Bures},
	number = {21},
	pages = {373--473},
	publisher = {MIT},
	series = {MIT working papers in linguistics},
	sortname = {Schutze, Carson T.},
	title = {Serbo-{C}roatian second position clitic placement and the phonology-syntax interface},
	url = {http://www.ai.mit.edu/projects/dm/schutze-secondposition.pdf},
	urldate = {2016-08-10},
	year = {1994},
}

@incollection{Rosenbach13,
	address = {Cambridge},
	author = {Rosenbach, Anette},
	booktitle = {Research methods in language variation and change},
	editor = {Manfred Krug and Julia Schlüter},
	pages = {278--294},
	publisher = {Cambridge University Press},
	title = {Combining elicitation data with corpus data},
	year = {2013}
}

@incollection{Rosen14,
	address = {Hokkaido},
	author = {Rosen, Alexandr},
	booktitle = {{Slavic} and {G}erman in Contact: {S}tudies from areal and contrastive linguistics. {S}lavic {{E}}urasian {S}tudies 26},
	editor = {Elżbieta Kaczmarska and Motoki Nomachi},
	pages = {97--116},
	publisher = {Slavic Research Center},
	title = {Haplology of Reflexive Clitics in {C}zech},
	year = {2014}
}

@incollection{Rezac05,
	address = {Amsterdam},
	author = {Rezac, Milan},
	booktitle = {Clitics and affix combinations. {T}heoretical perspectives},
	editor = {Lorie Heggie and Francisco Ordóñez},
	pages = {103--140},
	publisher = {John Benjamins Publishing Company},
	title = {The syntax of clitic climbing in {C}zech},
	year = {2005},
}

@incollection{Remetic85,
	address = {Belgrade},
	author = {Remetić, Slobodan},
	booktitle = {Srpski dijalektološki zbornik},
	editor = {Pavle Ivić},
	pages = {189--374},
	publisher = {Srpska akademija nauka i umetnosti i Institut za srpskohrvatski jezik},
	sortname = {Remetic, Slobodan},
	title = {Govori centralne {Š}umadije},
	year = {1985}
}

@incollection{Reinkowski08,
	address = {Munich},
	author = {Reinkowski, Ljiljana},
	booktitle = {Bosnisch, {K}roatisch, {S}erbisch als {F}remdsprachen an den {{U}}niversitäten der {W}elt},
	editor = {Biljana Golubović and Jochen Raecke},
	pages = {131--141},
	publisher = {Sagner},
	title = {Zum {{{E}}}rlernen der {S}yntax im {K}roatischen: {D}ie {P}roblematik der {{{E}}}nklitika},
	year = {2008}
}

@incollection{Radovanovic06,
	address = {Belgrade},
	author = {Radovanović, Dragana},
	booktitle = {Srpski dijalektološki zbornik},
	editor = {Aleksandar Mladenović},
	pages = {189--374},
	publisher = {Srpska akademija nauka i umetnosti i Institut za srpski jezik SANU},
	sortname = {Radovanovic, Dragana},
	title = {Morfološke osobenosti govora srednje {K}olubare},
	year = {2006}
}

@incollection{RadanovicKocic96,
	address = {Stanford, CA},
	author = {{Ra\-da\-no\-vić-Ko\-cić}, Vesna},
	booktitle = {Approaching second: {S}econd position clitics and related phenomena},
	editor = {Aaron Halpern and Arnold M. Zwicky},
	pages = {429--445},
	publisher = {Stanford University Press},
	sortname = {{Ra\-da\-no\-vic-Ko\-cic}, Vesna},
	title = {The placement of {S}erbo-{C}roatian clitics: {A} prosodic Approach},
	year = {1996}
}

@incollection{Progovac96,
	address = {Stanford, CA},
	author = {Progovac, Ljiljana},
	booktitle = {Approaching second: {S}econd position clitics and related phenomena},
	editor = {Aaron Halpern and Arnold M. Zwicky},
	pages = {411--428},
	publisher = {Stanford University Press},
	title = {Clitics in {S}erbian/{C}roatian: {C}omp as the second position},
	year = {1996}
}

@incollection{Piper09,
	address = {Belgrade},
	author = {Piper, Predrag},
	booktitle = {Južnoslovenski jezici: {G}ramatičke strukture i funkcije},
	editor = {Vjara Maldžijeva and Zuzana Topolinjska and Maja Đukanović and Predrag Piper},
	pages = {538--552},
	publisher = {Beogradska knjiga},
	title = {O prirodi gramatičkih razlika srpskog i hrvratskog jezika},
	year = {2009}
}

@incollection{PetiStantic07b,
	address = {Osijek, Zagreb},
	author = {Peti-Stantić, Anita},
	booktitle = {Sintaktičke kategorije},
	editor = {Branko Kuna},
	pages = {173--187},
	publisher = {Filozofski fakultet/Institut za hrvatski jezik i jezikoslovlje},
	sortname = {Peti-Stantic, Anita},
	title = {Wackernagelovo pravilo – norma ili mogućnost},
	year = {2007}
}

@incollection{PetiStantic07a,
	address = {Osijek, Zagreb},
	author = {Peti-Stantić, Anita},
	booktitle = {Sintaktičke kategorije: {Z}bornik radova znanstvenog skupa s međunarodnim sudjelovanjem {H}rvatski sintaktički dani, {O}sijek, 11. {{I}} 12.06.2006},
	editor = {Branko Kuna},
	lastchecked = {},
	publisher = {Filozofski fakultet/Institut za hrvatski jezik i jezikoslovlje},
	sortname = {Peti-Stantic, Anita},
	title = {Wackernagel - dobar domaćin ili naporan gost?},
	url = {},
	year = {2017a}
}

@incollection{PetiStantic07,
	address = {Osijek, Zagreb},
	author = {Peti-Stantić, Anita},
	booktitle = {Sintaktičke kategorije},
	editor = {Branko Kuna},
	pages = {173--187},
	publisher = {Filozofski fakultet and Institut za hrvatski jezik i jezikoslovlje},
	sortname = {Peti-Stantic, Anita},
	title = {Wackernagelovo pravilo – norma ili mogućnost},
	year = {2007}
}

@incollection{PetiStantic05,
	address = {Zagreb},
	author = {Peti-Stantić, Anita},
	booktitle = {{Od} fonetike do etike: {Z}bornik o sedamdesetogodišnjici prof. {{D}}r. {J}osipa {S}ilića},
	editor = {Ivo Pranjković},
	pages = {207--216},
	publisher = {Disput},
	sortname = {Peti-Stantic, Anita},
	title = {Neobvezatnost reda riječi},
	year = {2007}
}

@incollection{PetiStantic02,
	address = {Belgrade},
	author = {Peti-Stantić, Anita},
	booktitle = {Važno je imati stila},
	editor = {Krešimir Bagić},
	pages = {165--179},
	publisher = {Institut za Srpski Jezik SANU},
	sortname = {Peti-Stantic, Anita},
	title = {Sintaksa savremenoga srpskog jezika},
	year = {2005},
}

@incollection{Pesikan65,
	address = {Belgrade},
	author = {Pešikan, Mitar B.},
	booktitle = {Srpski dijalektološki zbornik},
	editor = {Mihailo Stevanović},
	pages = {1--294},
	publisher = {Naučno delo},
	sortname = {Pesikan, Mitar B.},
	title = {Starocrnogorski srednjokatunski i lješanski govori},
	volume = {15},
	year = {1965}
}

@incollection{Peco90,
	address = {Sarajevo},
	author = {Peco, Asim},
	booktitle = {Bosanskohercegovački dijalektološki zbornik},
	editor = {Asim Peco},
	pages = {125--247},
	publisher = {Birografika},
	title = {Govori centralne, jugoistočne i jugozapadne {B}osne. {M}orfološke osobine govora u centralnom pojasu {B}osne},
	volume = {6},
	year = {1990}
}

@incollection{Peco85,
	address = {Sarajevo},
	author = {Peco, Asim},
	booktitle = {Bosanskohercegovački dijalektološki zbornik},
	editor = {Asim Peco},
	pages = {201--336},
	publisher = {RO Minerva},
	title = {Govori sjeverne i sjeveroistočne {B}osne. {M}orfologija},
	volume = {5},
	year = {1985}
}

@incollection{PanevovaSkrabalova17,
	address = {Brno},
	author = {Panevová, Jarmila and Hana Gruet Škrabalová},
	booktitle = {{Czech}{{E}}ncy - nový encyklopedický slovník češtiny},
	editor = {Petr Karlík and Marek Nekula and Jana Pleskalová},
	publisher = {Institut psihologii RAN},
	sortname = {Panevova, Jarmila and Hana Gruet Skrabalova},
	title = {{ELIPSA}},
	url = {https://www.czechency.org/slovnik/ELIPSA},
	urldate = {2018-01-23},
	year = {2017}
}

@incollection{Noonan85,
	address = {Cambridge},
	author = {Noonan, Michael},
	booktitle = {Language typology and syntactic description: {C}omplex constructions},
	editor = {Timothy Shopen},
	pages = {42--140},
	publisher = {Cambridge University Press},
	title = {Complementation},
	year = {1985}
}

@incollection{Nikolic66,
	address = {Belgrade},
	author = {Nikolić, Berislav M.},
	booktitle = {Srpski dijalektološki zbornik},
	editor = {Mihailo Stevanović},
	pages = {181--313},
	publisher = {Naučno delo},
	sortname = {Nikolic, Berislav M.},
	title = {Mačvanski govor},
	volume = {16},
	year = {1966}
}

@incollection{Nikolic64,
	address = {Belgrade},
	author = {Nikolić, Berislav M.},
	booktitle = {Srpski dijalektološki zbornik},
	editor = {Mihailo Stevanović},
	pages = {201--413},
	publisher = {Naučno delo},
	sortname = {Nikolic, Berislav M.},
	title = {Sremski govor},
	volume = {14},
	year = {1964}
}

@incollection{NeelemanKoot06,
	address = {Oxford},
	author = {Neeleman, Ad and Hans {van de Koot}},
	booktitle = {The {B}lackwell companion to syntax},
	editor = {Martin Everaert and Henk {van Riemsdijk}},
	pages = {684--710},
	publisher = {Blackwell Publishers},
	title = {Syntactic haplology},
	volume = {IV},
	year = {2006}
}

@incollection{Myers17,
	address = {Oxford},
	author = {Myers, James},
	booktitle = {{Oxford} research encyclopedia of linguistics},
	editor = {Mark Aronoff},
	doi = {10.1093/acrefore/9780199384655.013.333},
	publisher = {Oxford University Press},
	title = {Acceptability judgments},
	year = {2017}
}

@incollection{MiseskaTomic96,
	address = {Stanford, CA},
	author = {Mišeska Tomić, Olga},
	booktitle = {Approaching second: {S}econd position clitics and related phenomena},
	editor = {Aaron Halpern and Arnold M. Zwicky},
	pages = {511--535},
	publisher = {Stanford University Press},
	sortname = {Miseska-Tomic, Olga},
	title = {The {B}alkan {S}lavic nominal clitics},
	year = {1996}
}

@incollection{MiseskaTomic08,
	address = {Bingley},
	author = {Mišeska Tomić, Olga},
	booktitle = {Microvariation in syntactic doubling},
	editor = {Sjef Barbiers and Olaf Koeneman and Marika Lekakou and Margreet {van der Ham}},
	pages = {443--468},
	publisher = {Emerald},
	sortname = {Miseska Tomic, Olga},
	title = {Variation in clitic-doubling in {S}outh {S}lavic},
	year = {2008}
}

@incollection{Milicevic07,
	address = {Munich},
	author = {Milićević, Jasmina},
	booktitle = {Morphologie à {T}oulouse. {A}ctes du colloque international de morphologie 4e {D}écembrettes},
	editor = {Nabil Nathout and Fabio Montermini},
	pages = {99--121},
	publisher = {Lincom Europa},
	sortname = {Milicevic, Jasmina},
	title = {Co-occurrence of {S}erbian second-position clitics: {S}yntactic and morphonological constraints},
	year = {2007}
}

@incollection{Migdalski20b,
	address = {Oxford},
	author = {Krzysztof Migdalski},
	booktitle = {Rethinking verb second},
	editor = {Rebecca Woods and Sam Wolfe },
	pages = {483--502},
	publisher = {Oxford University Press},
	title = {On a diachronic relation between the richness of tense, force, and second-position effects},
	year = {2020}
}

@incollection{Migdalski20,
	address = {Ann Arbor, MI},
	author = {Krzysztof Migdalski},
	booktitle = {Formal approaches to {S}lavic linguistics: {T}he {{U}}rbana-{C}hampaign {M}eeting 2017},
	editor = {Tania Ionin and Jonathan MacDonald},
	pages = {246–263},
	publisher = {Michigan Slavic Publications},
	title = {The auxiliary ‘be’ as a bundle of phi-features},
	year = {2020}
}

@incollection{Meyer14,
	address = {Cambridge},
	author = {Meyer, Charles F.},
	booktitle = {Developments in {{{{E}}}}nglish: {{{{E}}}}xpanding electronic evidence ({S}tudies in {{{{E}}}}nglish language)},
	editor = {Irma Taavitsainen and Merja Kytö and Claudia Claridge and Jeremy Smith},
	pages = {14--28},
	publisher = {Cambridge University Press},
	title = {Corpus-based and corpus-driven approaches to linguistic analysis: {O}ne and the same?},
	year = {2014}
}

@incollection{MeermannSonnenhauser16,
	address = {Leipzig},
	author = {Meermann, Anastasia and Barbara Sonnenhauser},
	booktitle = {Linguistische {B}eiträge zur {S}lavistik. {{XXII}}. {J}ungslavist{I}nnen-{T}reffen in {M}ünchen 12.-14. {S}eptember 2013},
	editor = {Alena Bazhutkina and Barbara Sonnenhauser},
	pages = {83--110},
	publisher = {Biblion Media},
	title = {Das {P}erfekt im {S}erbischen zwischen slavischer und balkanslavischer {{E}}ntwicklung},
	year = {2016}
}

@incollection{Marle97,
	address = {London, New York},
	author = {van Marle, Jaap},
	booktitle = {Taming the vernacular: {F}rom dialect to written standard language},
	editor = {Jenny Cheshire and Dieter Stein},
	pages = {13--34},
	publisher = {Longman},
	title = {Dialect versus standard language: {N}ature versus culture},
	year = {1997}
}

@incollection{Manning02,
	address = {Cambridge, MA},
	author = {Christopher D. Manning},
	booktitle = {Probabilistic linguistics},
	editor = {Rens Bod and Jennifer Hay and Stefanie Jannedy},
	pages = {289--342},
	publisher = {MIT Press},
	title = {Probabilistic syntax},
	year = {2002}
}

@incollection{MGHMM03,
	address = {Amsterdam},
	author = {Meyer, Charles F. and Roger Grabowski and Hung-Yul Han and Konstantin Mantzouranis and Stephanie Moses},
	booktitle = {Corpus analysis: {L}anguage structure and language use},
	editor = {Pepi Leistyna and Charles Meyer},
	pages = {241--254},
	publisher = {Rodopi},
	title = {The world wide web as corpus},
	year = {2003}
}

@incollection{LjubesicErjavec16,
	address = {Paris, France},
	author = {Ljubešić, Nikola and Tomaž Erjavec},
	booktitle = {Proceedings of the tenth international {C}onference on {L}anguage {R}esources and {{E}}valuation ({{LR{E}C}} 2016)},
	pages = {1527--1531},
	publisher = {ELRA},
	sortname = {Ljubesic, Nikola and Tomaz Erjavec},
	title = {Corpus vs. {{L}}exicon supervision in morphosyntactic tagging: {T}he case of {S}lovene},
	year = {2016}
}

@incollection{LjubesicErjavec11,
	address = {Berlin},
	author = {Ljubešić, Nikola and Tomaž Erjavec},
	booktitle = {Text, Speech and Dialogue. {{TSD}} 2011. {S}eries: {L}ecture notes in computer science},
	editor = {Ivan Habernal and Václav Matoušek},
	pages = {395--402},
	publisher = {Springer},
	sortname = {Ljubesic, Nikola and Tomaz Erjavec},
	title = {hr{W}a{C} and sl{W}a{C}: {C}ompiling web corpora for {C}roatian and {S}lovene},
	volume = {6836},
	year = {2011}
}

@incollection{LesnerovaMalink08,
	address = {Frankfurt am Main},
	author = {Lešnerová, Šárka and Marko Malink},
	booktitle = {Formal description of {S}lavic Languages: {{FDSL}} 5},
	editor = {Gerhild Zybatow and Luka Szucsich and Uwe Junghanns and Roland Meyer},
	pages = {396--407},
	publisher = {Peter Lang},
	sortname = {Lesnerova, Sarka and Marko Malink},
	title = {Clitic climbing and theta-roles in {{U}}pper {S}orbian and {C}zech},
	url = {philosophy.uchicago.edu/faculty/files/malink/14%20Clitic%20Climbing%202008.pdf},
	urldate = {2017-05-16},
	year = {2008}
}

@incollection{Lenertova01,
	address = {Berlin},
	author = {Lenertová, Denisa},
	booktitle = {Current issues in formal {S}lavic linguistics},
	editor = {Gerhild Zybatow and Uwe Junghanns and Grit Mehlhorn and Lika Szucsich},
	pages = {294--305},
	publisher = {Peter Lang},
	sortname = {Lenertova, Denisa},
	title = {On clitic placement, topicalization and {{CP}}-structure in {C}zech},
	year = {2001}
}

@incollection{LMB07,
	author = {Ljubešić, Nikola and Nives Mikelić and Damir Boras},
	booktitle = {Proceedings of the 29th international conference on information technology interfaces},
	lastcheck = {2.12.2015},
	sortname = {Ljubesic, Nikola and Nives Mikelic and Damir Boras},
	title = {Language identification: {H}ow to distinguish similar languages},
	url = {http://nlp.ffzg.hr/data/publications/nljubesi/ljubesic07-language.pdf},
	year = {2007}
}

@incollection{KrugSell13,
	address = {Cambridge},
	author = {Krug, Manfred and Katrin Sell},
	booktitle = {Research methods in language variation and change},
	editor = {Manfred Krug and Julia Schlüter},
	pages = {69--98},
	publisher = {Cambridge University Press},
	title = {Designing and conducting interviews and questionnaires},
	year = {2013}
}

@incollection{KrstevVitas05,
	address = {Birmingham},
	author = {Krstev, Cvetana and Duško Vitas},
	booktitle = {{Proceedings of the Corpus Linguistics Conference 14-17 {J}uly 2005}},
	editor = {Pernilla Danielsson and Martijn Wagenmakers},
	lastcheck = {},
	sortname = {Krstev, Cvetana and Dusko Vitas},
	title = {Corpus and Lexicon - Mutual Incompleteness},
	url = {https://www.birmingham.ac.uk/research/activity/corpus/publications/conference-archives/2005-conf-e-journal.aspx},
	year = {2005}
}

@incollection{KolenicBilic04,
	address = {Vinkovci},
	author = {Kolenić, Ljiljana and Anica Bilić},
	booktitle = {Šokačka rič 2. {Z}bornik radova znanstvenoga skupa slavonski dijalekt},
	editor = {Anica Bilić},
	pages = {5--23},
	publisher = {ZAKUD},
	sortname = {Kolenic, Ljiljana and Anica Bilic},
	title = {Mjesni govor {R}etkovaca},
	year = {2004}
}

@incollection{KlubickaLjubesic14,
	address = {Ljubljana},
	author = {Klubička, Filip and Nikola Ljubešić},
	booktitle = {Language technologies: {P}roceedings of the 17th international multiconference information society},
	pages = {62--68},
	url = {http://nl.ijs.si/isjt14/proceedings/isjt2014_10.pdf},
	sortname = {Klubicka, Filip and Nikola Ljubesic},
	title = {Using crowdsourcing in building a morphosyntactically annotated and lemmatized silver standard corpus of {C}roatian},
	year = {2014}
}

@incollection{Kilgarriff01,
	address = {UK},
	author = {Kilgarriff, Adam},
	booktitle = {{Proceedings of the {C}orpus {L}inguistics Conference ({{CL}} 2001). {{{U}}}niversity Centre for Computer Research on Language technical paper}},
	editor = {Milla Luodonpää-Manni and Esa Penttilä and Johanna Viimaranta},
	pages = {342--344},
	publisher = {Lancaster University},
	title = {Web as corpus},
	volume = {13},
	year = {2001}
}

@incollection{KibrikPodlesskaya06,
	address = {Moskva},
	author = {Kibrik, Andrej A. and Vera I. Podlesskaya},
	booktitle = {Kognitivnye issledovanija 1},
	editor = {Solov'jeva},
	pages = {138--158},
	publisher = {Institut psihologii RAN},
	title = {Problema segmentacii ustnogo diskursa i kognitivnaja sistema govorjaščego},
	url = {http://iling-ran.ru/kibrik/Segmentation_discourse@Cognitive_studies_2006.pdf},
	urldate = {2018-01-21},
	volume = {1},
	year = {2006}
}

@incollection{Kayne89,
	address = {Dordrecht},
	author = {Kayne, Richard S.},
	booktitle = {The null subject parameter},
	editor = {Jaeggli Osvaldo and Safir, Kenneth J.},
	pages = {239--261},
	publisher = {Springer},
	title = {Null subjects and clitic climbing},
	year = {1989}
}

@incollection{Karlik17b,
	address = {Brno},
	author = {Karlík, Petr},
	booktitle = {{Czech}{{E}}ncy - nový encyklopedický slovník češtiny},
	editor = {Petr Karlík and Marek Nekula and Jana Pleskalová},
	sortname = {Karlik, Petr},
	title = {{APOZIOPEZE}},
	url = {https://www.czechency.org/slovnik/APOZIOPEZE},
	urldate = {2019-07-18},
	year = {2017}
}

@incollection{Karlik17a,
	address = {Brno},
	author = {Karlík, Petr},
	booktitle = {{Czech}{{E}}ncy - nový encyklopedický slovník češtiny},
	editor = {Petr Karlík and Marek Nekula and Jana Pleskalová},
	sortname = {Karlik, Petr},
	title = {{ANAKOLUT}},
	url = {https://www.czechency.org/slovnik/ANAKOLUT},
	urldate = {2019-07-18},
	year = {2017}
}

@incollection{KVE04,
	address = {Ljubljana},
	author = {Krstev, Cvetana and Duško Vitas and Tomaž Erjavec},
	booktitle = {Zbornik 7. {{M}}eđnarodne multikonference „{I}nformacijska družba {{IS}} 2004” jezikovne tehnologije},
	editor = {Tomaž Erjavec and Jerneja Ž. Gros},
	lastchecked = {3.11.2015},
	publisher = {Institut „Jozef Stefan”},
	sortname = {Krstev, Cvetana and Dusko Vitas and Tomaz Erjavec},
	title = {M{{ULT{E}XT}}-{{E}}ast resources for {S}erbian},
	url = {http://poincare.matf.bg.ac.rs/~cvetana/biblio/sdjt04-mtesr.pdf},
	year = {2004}
}

@incollection{KMS08,
	address = {Amsterdam, Philadeplhia},
	author = {Karlsson, Fred, Matti Miestamo and Kaius Sinnemäki},
	booktitle = {Language complexity: {T}ypology, contact, change. ({S}tudies in {L}anguage {C}ompanion {S}eries 94)},
	editor = {Matti Miestamo and Kaius Sinnemäki and Fred Karlsson},
	pages = {vii-xiv},
	publisher = {John Benjamins Publishing Company},
	sortname = {Karlsson, Fred, Matti Miestamo and Kaius Sinnemaki},
	title = {Introduction: {T}he problem of language complexity},
	year = {2008}
}

@incollection{KCN18,
	address = {Praha},
	author = {Kosek, Pavel and Radek Čech and Olga Navrátilová},
	booktitle = {Vesper {S}lavicus: {S}borník k nedožitým devadesátinám prof. {R}adoslava {V}ečerky},
	editor = {Petr Malčík},
	pages = {137--151},
	publisher = {Nakladatelství Lidové noviny},
	sortname = {Kosek, Pavel and Radek Cech and Olga Navratilova},
	title = {Starobyla dativni enklitika \emph{mi, si, ti} ve staročeske bibli 1. {{R}}edakce},
	year = {2018}
}

@incollection{JungMigdalski15,
	address = {Ann Arbor, MI},
	author = {Hakyung Jung and Krzysztof Migdalski},
	booktitle = {Formal approaches to {S}lavic linguistics: {T}he first {B}erkeley meeting 2014},
	editor = {Malgorzata Szajbel-Keck and Roslyn Burns and Darya Kavitskaya},
	pages = {143–162},
	publisher = {Michigan Slavic Publications},
	title = {On the degrammaticalization of pronominal clitics in {S}lavic},
	year = {2015}
}

@incollection{Janse98,
	address = {Amsterdam, Philadelphia},
	author = {Janse, Mark},
	booktitle = {Themes in {G}reek Linguistics {{II}}},
	editor = {Brian D. Joseph and Geoffrey C. Horrocks and Irene Philippaki-Warburton},
	pages = {106--122},
	publisher = {John Benjamins Publishing Company},
	title = {Cappadocian clitics and the syntax-morphology interface},
	year = {1998}
}

@incollection{JKH17,
	address = {Mannheim},
	author = {{Jurkiewicz-Rohrbacher}, Edyta and Zrinka Kolaković and Björn, Hansen},
	booktitle = {Proceedings of the workshop on challenges in the management of large corpora and big data and natural language processing ({{CMLC}}-5+{B}ig{{NLP}}) 2017 including the papers from the {W}eb-as-{C}orpus ({{WAC}-{XI}}) guest section},
	editor = {Piotr Bański and others},
	pages = {49--55},
	publisher = {Institut für Deutsche Sprache},
	sortname = {{Jurkiewicz-Rohrbacher}, Edyta and Zrinka Kolakovic and Bjorn, Hansen},
	title = {Web Corpora – the best possible solution for tracking rare phenomena in underresourced languages: {C}litics in {B}osnian, {C}roatian and {S}erbian},
	year = {2017}
}

@incollection{JHK17a,
	address = {Mannheim},
	author = {{Jurkiewicz-Rohrbacher}, Edyta and Zrinka Kolaković and Björn Hansen},
	booktitle = {Proceedings of the workshop on challenges in the management of large Corpora and big data and natural language processing ({{CMLC}}-5+{B}ig{{NLP}}) 2017 including the papers from the web-as-corpus ({{WAC}}-{{XI}}) guest section.  {B}irmingham, 24 {July} 2017},
	editor = {Piotr Bański and Marc Kupietz and Harald Lüngen and Paul Rayson and Hanno Biber and Evelyn Breiteneder and Simon Clematide and John Mariani and Mark Stevenson and Theresa Sick},
	pages = {49--55},
	publisher = {Institut für Deutsche Sprache},
	sortname = {{Jurkiewicz-Rohrbacher}, Edyta and Zrinka Kolakovic and Bjorn Hansen},
	title = {Web corpora – the best possible solution for tracking rare phenomena in underresourced languages: {C}litics in {B}osnian, {C}roatian and {S}erbian},
	year = {2017}
}

@incollection{Ivic57,
	address = {Belgrade},
	author = {Ivić, Pavle},
	booktitle = {Srpski dijalektološki zbornik},
	editor = {Aleksandar Belić},
	pages = {1--520},
	publisher = {Naučna knjiga},
	sortname = {Ivic, Pavle},
	title = {O govoru {G}alipoljskih {S}rba},
	volume = {12},
	year = {1957}
}

@incollection{InkelasZec90,
	address = {Chicago, IL},
	author = {Draga Zec and Sharon Inkelas},
	booktitle = {The phonology-syntax connection},
	editor = {Draga Zec and Sharon Inkelas},
	pages = {365--378},
	publisher = {University of Chicago Press},
	title = {Prosodically constrained syntax},
	year = {1990}
}

@incollection{Hoffmann13,
	address = {Cambridge},
	author = {Hoffmann, Thomas},
	booktitle = {Research methods in language variation and change},
	editor = {Manfred Krug and Julia Schlüter},
	pages = {99--118},
	publisher = {Cambridge University Press},
	title = {Obtaining introspective acceptability judgments},
	year = {2013}
}

@incollection{HeggieOrdonez05,
	address = {Amsterdam},
	author = {Heggie, Lorie and Francisco Ordóñez},
	booktitle = {Clitic and affix combinations: {T}heoretical perspectives},
	editor = {Lorie Heggie and Francisco Ordóñez},
	pages = {1--29},
	publisher = {John Benjamins},
	sortname = {Heggie, Lorie and Francisco Ordonez},
	title = {Clitic ordering phenomena. {T}he path to generalizations},
	year = {2005},
}

@incollection{Halilovic96,
	address = {Sarajevo},
	author = {Halilović, Senahid},
	booktitle = {Bosanskohercegovački dijalektološki zbornik},
	pages = {1--286},
	publisher = {Institut za Jezik u Sarajevu},
	sortname = {Halilovic, Senahid},
	title = {Govorni tipovi u međuriječju {N}eretve i {R}ijeke dubrovačke},
	volume = {7},
	year = {1996}
}

@incollection{Halilovic90,
	address = {Sarajevo},
	author = {Halilović, Senahid},
	booktitle = {Bosanskohercegovački dijalektološki zbornik},
	editor = {Asim Peco},
	pages = {249--358},
	publisher = {Birografika},
	sortname = {Halilovic, Senahid},
	title = {Govor muslimana {T}uholja},
	volume = {6},
	year = {1990}
}

@incollection{Halilovic05,
	address = {Sarajevo},
	author = {Halilović, Senahid},
	booktitle = {Jezik u {B}osni i {H}ercegovini},
	editor = {Svein Mønnesland},
	pages = {15--52},
	publisher = {Institut za Jezik u Sarajevu},
	sortname = {Halilovic, Senahid},
	title = {Bosanskohercegovački govori},
	year = {2005}
}

@incollection{HKKLSGL17,
	address = {Cambridge},
	author = {Huumo, Tuomas and Aki-Juhani Kyröläinen and Jenna Kanerva and Matti Juhani Luotolahti and Tapio Salakoski and Filip Ginter and Veronika Laippala},
	booktitle = {Empirical approaches to cognitive linguistics: {A}nalysing real-life data},
	editor = {Milla Luodonpää-Manni and Esa Penttilä and Johanna Viimaranta},
	pages = {25--48},
	publisher = {Cambridge Scholars Publishing},
	sortname = {Huumo, Tuomas and Aki-Juhani Kyrolainen and Jenna Kanerva and Matti Juhani Luotolahti and Tapio Salakoski and Filip Ginter and Veronika Laippala},
	title = {Distributional semantics of the partitive {A} argument construction in {F}innish},
	year = {2017}
}

@incollection{HKJ18,
	address = {Heidelberg},
	author = {Hansen, Björn and Zrinka Kolaković and Edyta {Jurkiewicz-Rohrbacher}},
	booktitle = {Grammar and Corpora 2016},
	editor = {Eric Fuß and Marek Konopka and Beata Trawiński and Ulrich H. Waßner},
	pages = {259--268},
	publisher = {Heidelberg University Publishing (heiUP)},
	sortname = {Hansen, Bjorn and Zrinka Kolakovic and Edyta {Jurkiewicz-Rohrbacher}},
	title = {Clitic climbing and stacked infinitives in {B}osnian, {C}roatian and {S}erbian: {A} corpus-driven study},
	year = {2018}
}

@incollection{GriesNewman13,
	address = {Cambridge},
	author = {Gries, Stefan Th. and John Newman},
	booktitle = {Research methods in linguistics},
	editor = {Robert J. Podesva and Devyani Sharma},
	pages = {257--287},
	publisher = {Cambridge University Press},
	title = {Creating and using corpora},
	year = {2013}
}

@incollection{Gries13,
	address = {Cambridge},
	author = {Gries, Stefan Th.},
	booktitle = {Research methods in linguistics},
	editor = {Robert J. Podesva and Devyani Sharma},
	pages = {316--336},
	publisher = {Cambridge University Press},
	title = {Basic significance testing},
	year = {2013}
}

@incollection{FriedOstman04,
	address = {Amsterdam and Philadelphia},
	author = {Fried, Mirjam and Jan-Ola Östman},
	booktitle = {Construction {G}rammar in a cross-language perspective},
	editor = {Mirjam Fried and Jan-Ola Östman},
	pages = {11--86},
	publisher = {John Benjamins Publishing Company},
	sortname = {Fried, Mirjam and Jan-Ola Ostman},
	title = {Construction {G}rammar: {A} Thumbnail sketch},
	year = {2004}
}

@incollection{Franks00,
	address = {Philadelphia, PA},
	author = {Franks, Steven},
	booktitle = {Clitic phenomena in {{E}}uropean languages},
	editor = {Frits Beukema and Marcel den Dikken},
	pages = {1--46},
	publisher = {John Benjamins Publishing Company},
	title = {Clitics at the interface: {A}n introduction to clitics phenomena in {{E}}uropean languages},
	year = {2000}
}

@incollection{FordBresnan13,
	address = {Cambridge},
	author = {Ford, Marilyn and Joan Bresnan},
	booktitle = {Research methods in language variation and change},
	editor = {Manfred Krug and Julia Schlüter},
	pages = {295--312},
	publisher = {Cambridge University Press},
	title = {Using convergent evidence from psycholinguistics and usage},
	year = {2013}
}

@incollection{Featherston09,
	address = {Berlin},
	author = {Featherston, Sam},
	booktitle = {The fruits of empirical linguistics},
	editor = {Sam Featherston and Susanne Winkler},
	pages = {47–74},
	publisher = {Mouton de Gruyter},
	title = {A Scale for measuring well-formedness: {W}hy syntax needs boiling and freezing points},
	volume = {1, Process},
	year = {2009}
}

@incollection{Featherston08,
	address = {Aachen},
	author = {Featherston, Sam},
	booktitle = {Was ist linguistische {{E}}videnz?},
	editor = {Claudia Maria Riehl and Astrid Rothe},
	pages = {69--89},
	publisher = {Shaker Verlag},
	title = {Thermometer judgments as linguistic evidence},
	year = {2008}
}

@incollection{FGMB12,
	author = {Fukuda, Shin and Grant Goodall and Dan Michael and Henry Beecher},
	booktitle = {Proceedings of the 29th {W}est {C}oast {C}onference on formal linguistics ({S}omerville, {{MA}}: {C}ascadilla {P}roceedings {P}roject)},
	pages = {328–336},
	title = {Is magnitude estimation worth the trouble?},
	year = {2012}
}

@incollection{Eisenbeiss10,
	address = {Amsterdam},
	author = {Eisenbeiss, Sonja},
	booktitle = {Experimental methods in language acquisition research},
	editor = {Elma Blom and Sharon Unsworth},
	pages = {11--34},
	publisher = {John Benjamins Publishing Company},
	title = {Production methods},
	year = {2010}
}

@incollection{Dragicevic07,
	address = {Belgrade},
	author = {Dragičević, Milan},
	booktitle = {Srpski dijalektološki zbornik},
	editor = {Aleksandar Mladenović},
	pages = {325--401},
	publisher = {Srpska akademija nauka i umetnosti i Institut za srpski jezik SANU},
	sortname = {Dragicevic, Milan},
	title = {O govoru {S}rba {B}anje {V}rućice kraj {T}eslića {I} ({F}onetske i morfološke osobine)},
	volume = {54},
	year = {2007}
}

@incollection{Dotlacil16,
	address = {Brno},
	author = {Jakub Dotlačil},
	booktitle = {{Czech}{{E}}ncy: {Nový} encyklopedický slovník češtiny},
	editor = {Petr Karlík and Marek Nekula and Jana Pleskalová},
	lastchecked = {2019-11-22},
	sortname = {Jakub Dotlacil},
	title = {Š{PLH}ÁNÍ {KLITIK}},
	url = {https://www.czechency.org/slovnik/ŠPLHÁNÍ%20KLITIK},
	year = {2017}
}

@incollection{DiesingZec11,
	address = {Leiden},
	author = {Diesing, Molly and Draga Zec},
	booktitle = {Experiments at the interfaces, syntax and semantics},
	editor = {Jeffrey Runner},
	pages = {1--30},
	publisher = {Emerald},
	title = {Interface Effects: {S}erbian Clitics},
	volume = {37},
	year = {2011}
}

@incollection{Diesing10,
	address = {Ann Arbor, MI},
	author = {Molly Diesing},
	booktitle = {Formal approaches to {S}lavic linguistics 18},
	editor = {Wayles Browne and Alison Fisher and Esra Kesici and Nikola Predolac and Draga Zec},
	pages = {104–124},
	publisher = {Michigan Slavic Publications},
	title = {Clitics revisited},
	year = {2010}
}

@incollection{DFZ09,
	address = {Berlin, New York},
	author = {Diesing, Molly and Dušica {Filipović Đurđević} and Draga Zec},
	booktitle = {The Fruits of Empirical Linguistics: {P}roduct},
	editor = {Susanne Winkler and Sam Featherston},
	pages = {59--73},
	publisher = {Mouton de Gruyter},
	sortname = {Diesing, Molly and Dusica {Filipovic Durdevic} and Draga Zec},
	title = {Clitic placement in {S}erbian: {C}orpus and experimental evidence},
	volume = {II},
	year = {2009}
}

@incollection{DAH09,
	address = {Munich},
	author = {Derwing, Bruce L. and Roberto G. {de Almeida} and Assiniboia Hall},
	booktitle = {Experimental and quantitative linguistics},
	editor = {David Eddington},
	pages = {234--282},
	publisher = {Lincom},
	title = {Non-chronometric experiments in linguistics},
	year = {2009}
}

@incollection{Crible16,
	author = {Crible, Ludivine},
	booktitle = {Proceedings of the 12th joint {{ACL}-{ISO}} workshop on {I}nteroperable {S}emantic {A}nnotation},
	editor = {Harry Bunt},
	pages = {38--44},
	title = {Discourse markers and disfluencies: {I}ntegrating functional and formal annotations},
	url = {http://hdl.handle.net/2078.1/179048},
	year = {2016}
}

@incollection{Coseriu80,
	address = {Wiesbaden},
	author = {Coseriu, Eugenio},
	booktitle = {{Dialekt} und {D}ialektologie: {{E}}rgebnisse des {I}nternationalen {S}ymposions „{Zur} {T}heorie des {D}ialekts“ ({Z}eitschrift für {D}ialektologie und {L}inguistik. {B}eihefte. {N}eue {F}olge {N}r. 26 der {Z}eitschrift für {M}undartforschung)},
	editor = {Joachim Göschel and Pavle Ivić and Kurt Kehr},
	pages = {106--122},
	publisher = {Steiner},
	title = {„{H}istorische {S}prache“ und „{D}ialekt“},
	year = {1980}
}

@incollection{ClarkBangerter04,
	address = {Houndmills},
	author = {Clark, Herbert H. and Adrian Bangerter},
	booktitle = {Experimental pragmatics},
	editor = {Ira A. Noveck and Dan Sperber},
	pages = {25--49},
	publisher = {Palgrave Macmillan},
	title = {Changing ideas about reference},
	year = {2004}
}

@incollection{CamdzicHudson2002,
	address = {London},
	author = {Čamdžić, Amela and Richard Hudson},
	booktitle = {{U}{{CL}} working papers in linguistics 14},
	editor = {Ad Neeleman and Reiko Vermeulen},
	pages = {321--353},
	publisher = {Department of Phonetics and Linguistics University College London},
	sortname = {Camdzic, Amela and Richard Hudson},
	title = {Clitics in {S}erbo-{C}roat-{B}osnian},
	year = {2002}
}

@incollection{Bukumiric03,
	address = {Belgrade},
	author = {Bukumirić, Mileta},
	booktitle = {Srpski dijalektološki zbornik},
	editor = {Aleksandar Mladenović},
	pages = {3--356},
	publisher = {Srpska akademija nauka i umetnosti i Institut za srpski jezik SANU},
	sortname = {Bukumiric, Mileta},
	title = {Govori {S}everne {M}etohije},
	volume = {50},
	year = {2003}
}

@incollection{BuchstallerKhattab13,
	address = {Cambridge},
	author = {Buchstaller, Isabelle and Ghada Khattab},
	booktitle = {Research methods in linguistics},
	editor = {Robert J. Podesva and Devyani Sharma},
	pages = {74--95},
	publisher = {Cambridge University Press},
	title = {Population samples},
	year = {2013}
}

@incollection{Browne75,
	address = {Zagreb},
	author = {Wayles Browne},
	booktitle = {Kontrastivna analiza engleskog i hrvatskog ili srpskog jezika, svezak I},
	editor = {Rudolf Filipović},
	pages = {105–134},
	publisher = {University of Zagreb},
	title = {Serbo-{C}roatian enclitics for {{E}}nglish-speaking learners},
	year = {1975}
}

@incollection{Brewer00,
	address = {New York},
	author = {Brewer, Marilynn B. },
	booktitle = {Handbook of research methods in social psychology},
	editor = {Harry T. Reis and Charles M. Judd},
	pages = {3--16},
	publisher = {Cambridge University Press},
	title = {Research design and issues of validity},
	year = {2000}
}

@incollection{BresnanNikitina09,
	address = {Stanford, CA},
	author = {Bresnan, Joan and Tatiana Nikitina},
	booktitle = {Reality exploration and discovery: {P}attern interaction in language and life},
	editor = {Linda Ann Uyechi and Lian-Hee Wee},
	pages = {161--184},
	publisher = {CSLI Publications},
	title = {The gradience of the dative alternation},
	year = {2009}
}

@incollection{Bresnan07,
	address = {Berlin},
	author = {Bresnan, Joan},
	booktitle = {Roots: {L}inguistics in search of its evidential base ({S}tudies in generative grammar)},
	editor = {Sam Featherston and Wolfgang Sternefeld},
	pages = {75--96},
	publisher = {Mouton de Gruyter},
	title = {Is syntactic knowledge probabilistic? {{{E}}}xperiments with the {{{E}}}nglish dative alternation},
	year = {2007}
}

@incollection{Boskovic16,
	address = {Amsterdam},
	author = {Bošković, Željko},
	booktitle = {Formal studies in {S}lovenian syntax: {I}n honor of {J}anez {O}rešnik},
	editor = {Franc Marušic and Rok Žaucer},
	pages = {23–53},
	publisher = {John Benjamins Publishing Company},
	sortname = {Boskovic, Zeljko},
	title = {On second position clitics crosslinguistically},
	year = {2016}
}

@incollection{Boskovic00,
	address = {Amsterdam, Philadelphia},
	author = {Bošković, Željko},
	booktitle = {Clitic phenomena in {{E}}uropean languages},
	editor = {Frits Beukema and Marcel den Dikken},
	pages = {71--120},
	publisher = {John Benjamins Publishing Company},
	sortname = {Boskovic, Zeljko},
	title = {Second position cliticisation: {S}yntax and/or phonology?},
	year = {2000}
}

@incollection{Bonet94,
	address = {Cambridge},
	author = {Bonet, Eulàlia},
	booktitle = {The morphology-syntax connection. {{MIT}} working papers in linguistics 22},
	editor = {Heidi Harley and Colin Phillips},
	pages = {33--52},
	publisher = {Cambridge MA},
	sortname = {Bonet, Eulalia},
	title = {The person-case constraint: {A} morphological approach},
	year = {1983}
}

@incollection{Bierwisch86,
	address = {Amsterdam},
	author = {Bierwisch, Manfred},
	booktitle = {Human memory and cognitive capabilities: {Mechanisms} and performances},
	editor = {Friedhart Klix and Herbert Hagendorf},
	pages = {765--784},
	publisher = {North-Holland},
	title = {On the nature of semantic form in natural language},
	year = {1986}
}

@incollection{Biber15,
	address = {Oxford},
	author = {Biber, Douglas},
	booktitle = {The {O}xford handbook of linguistic analysis},
	editor = {Bernd Heine and Heiko Narrog},
	pages = {193--225},
	publisher = {Oxford University Press},
	title = {Corpus-based and corpus-driven analyses of language variation and use},
	year = {2015}
}

@incollection{Biber05,
	address = {London},
	author = {Biber, Douglas},
	booktitle = {Corpus linguistics: {R}eadings in a widening discipline},
	editor = {Geoffrey Sampson and Diana McCharty},
	pages = {174--197},
	publisher = {Continuum},
	title = {Representativeness in corpus design},
	year = {2005}
}

@incollection{Benko17,
	address = {Mannheim},
	author = {Benko, Vladimír},
	booktitle = {Proceedings of the workshop on challenges in the management of large corpora and big data and natural language processing ({{CMLC}}-5+{B}ig{{NLP}} 2017) including the papers from the {W}eb-as-{C}orpus ({{WAC}-{XI}}) guest section. {B}irmingham},
	editor = {Marc Kupietz and Andreas Witt and Piotr Bański and Dan Tufiş and Dan Cristea and Tamás Váradi},
	pages = {43--48},
	publisher = {Institut für Deutsche Sprache},
	sortname = {Benko, Vladimir},
	title = {Are web corpora inferior? {T}he Case of {C}zech and {S}lovak},
	year = {2017}
}

@incollection{Barjaktarevic66,
	address = {Belgrade},
	author = {Barjaktarević, Danilo},
	booktitle = {Srpski dijalektološki zbornik 16},
	editor = {Mihailo Stevanović},
	pages = {1--177},
	publisher = {Naučno delo},
	sortname = {Barjaktarevic, Danilo},
	title = {Novopazarsko-sjenički govori},
	year = {1966}
}

@incollection{Baotic85,
	address = {Sarajevo},
	author = {Baotić, Josip},
	booktitle = {Bosanskohercegovački dijalektološki zbornik 5},
	editor = {Asim Peco},
	pages = {337--372},
	publisher = {RO Minerva},
	sortname = {Baotic, Josip},
	title = {Govori sjeverne i sjeveroistočne {B}osne: {I}z sintakse},
	year = {1985}
}

@incollection{Baayen12,
	address = {Oxford},
	author = {Baayen, R. Harald},
	booktitle = {Handbook of laboratory phonology},
	editor = {Abigail C. Cohn and Cécile Fougeron and Marie K. Huffman},
	pages = {668 – 677},
	publisher = {Oxford University Press},
	title = {Mixed-effects models},
	year = {2012}
}

@incollection{BSM14,
	address = {Reykjavik},
	author = {Balvet, Antonio and Dejan Stošić and Aleksandra Miletić},
	booktitle = {Proceedings of the ninth international {C}onference on {L}anguage {R}esources and {{E}}valuation ({{LR{E}C}}'14)},
	editor = {Nicoletta Calzolari and Khalid Choukri and Thierry Declerck and Hrafn Loftsson and Bente Maegaard and Joseph Mariani and Asuncion Moreno and Jan Odijk and Stelios Piperidis},
	pages = {4105--4110},
	publisher = {ELRA},
	sortname = {Balvet, Antonio and Dejan Stosic and Aleksandra Miletic},
	title = {T{{ALC}}-sef a manually-revised {{POS}}-tagged Literary Corpus in {{Serbian}}, {{E}}nglish and {F}rench},
	year = {2014}
}

@incollection{BBR17,
	address = {Brno, Czech Republic},
	author = {Birtić, Matea and Ivana Brač and Siniša Runjaić},
	booktitle = {Electronic lexicography in the 21st century. {P}roceedings of e{L}ex 2017 conference. {L}eiden, the {N}etherlands, 19–21 {S}eptember 2017},
	editor = {Iztok Kosem and Carole Tiberius and Miloš Jakubíček and Jelena Kallas and Simon Krek and Vít Baisa},
	pages = {43–62},
	publisher = {Lexical Computing CZ s.r.o.},
	sortname = {Birtic, Matea and Ivana Brac and Sinisa Runjaic},
	title = {The main features of the e-{G}lava online valency dictionary},
	year = {2017}
}

@incollection{Angouri10,
	address = {London, New York},
	author = {Angouri, Jo},
	booktitle = {Research methods in linguistics},
	editor = {Lia Litosseliti},
	pages = {29--45},
	publisher = {Continuum},
	title = {Quantitative, qualitative or both? {C}ombining methods in linguistic research},
	year = {2010}
}

@incollection{Andrade10,
	address = {Somerville, MA},
	author = {de Andrade, Arpldo L.},
	booktitle = {Selected proceedings of the 12th {{Hispanic}} linguistics symposium},
	editor = {Claudia Borgonovo and Manuel Español-Echevarría and Philippe Prévost},
	pages = {97--108},
	publisher = {Cascadilla Proceedings Project},
	title = {The application of clitic climbing in {{E}}uropean {P}ortuguese and the role of register},
	year = {2010},
}

@incollection{Aljovic05,
	address = {Sarajevo},
	author = {Aljović, Nadira},
	booktitle = {Lingvistički vidici},
	editor = {Nedžad Leko},
	number = {05},
	pages = {58--84},
	publisher = {Forum Bosnae},
	sortname = {Aljovic, Nadira},
	title = {On clitic climbing in {B}osnian/{C}roatian/{S}erbian},
	volume = {34},
	year = {2005},
}

@incollection{Alexander09,
	address = {Bloomington, IN},
	author = {Alexander, Ronelle},
	booktitle = {A linguist’s linguist: {S}tudies in {S}outh {S}lavic linguistics in honor of {{E}}. {W}ayles {B}rowne},
	editor = {Steven Franks and Vrinda Chidambaram and Brian Joseph},
	pages = {43--67},
	publisher = {Slavica Publishers},
	title = {What is second position, anyway? {{BCS}} clitics revisited},
	year = {2009}
}

@incollection{Aladrovic11,
	address = {Zagreb},
	author = {Aladrović, Katarina},
	booktitle = {1. {M}eđimurski filološki dani. {Z}bornik radova},
	editor = {Đuro Blažeka},
	pages = {159--170},
	publisher = {Učiteljski fakultet Sveučilišta u Zagrebu\slash Grafički zavod Hrvatske},
	sortname = {Aladrovic, Katarina},
	title = {Govorna raznolikost štokavskog narječja u {P}ožeškoj kotlini i njezin utjecaj na usvajanje standardnoga jezika i razvoj komunikacijske kompetencije},
	year = {2011}
}

@incollection{AissenPerlmutter83,
	address = {Chicago, IL},
	author = {Aissen, Judith and David M. Perlmutter},
	booktitle = {Studies in relational grammar},
	editor = {David M. Perlmutter},
	pages = {360--403},
	publisher = {University of Chicago Press},
	title = {Clause reduction in {S}panish},
	year = {1983}
}

@incollection{ALM13,
	address = {Sofia, Buglaria},
	author = {Agić, Željko and Nikola Ljubešić and Danijela Merkler},
	booktitle = {Proceedings of {{BSNLP}} 2013},
	pages = {48--57},
	sortname = {Agic, Zeljko and Nikola Ljubesic and Danijela Merkler},
	title = {Lemmatization and morphosyntactic tagging of {C}roatian and {S}erbian},
	year = {2013}
}

@incollection{AGM13,
	address = {Cambridge},
	author = {Abbuhl, Rebekha and Susan Gass and Alison Mackey},
	booktitle = {Research methods in linguistics},
	editor = {Robert J. Podesva and Devyani Sharma},
	pages = {116--134},
	publisher = {Cambridge University Press},
	title = {Experimental research design},
	year = {2013}
}

@book{Zwicky77,
	address = {Bloomington, IN},
	author = {Zwicky, Arnold M.},
	publisher = {Indiana University Linguistics Club},
	title = {On clitics},
	year = {1977}
}

@book{Weber59,
	address = {Vienna},
	author = {Weber, Adolfo},
	note = {Reprint from 2005 made by Institut za Hrvatski jezik i jezikoslovlje},
	publisher = {Carska kraljevska naklada školskih knjigah},
	title = {Skladnja ilirskoga jezika, za niže gimnazije},
	year = {1859}
}

@book{Weber34,
	address = {Lipsiae},
	author = {Weber, Ernst Heinrich},
	publisher = {Koehler},
	title = {De pulsu, resorptione, auditu et tactu. {A}nnotationes anatomicae et physiologicae.},
	year = {1834},
}

@book{Walker10,
	address = {New York, London},
	author = {Walker, James},
	publisher = {Routledge},
	title = {Variation in linguistic systems},
	year = {2010},
}

@book{WSM20,
	address = {Berlin},
	author = {George Walkden and Christina Sevdali and Morgan Macleod},
	doi = {10.5281/zenodo.3978908},
	publisher = {Language Science Press},
	title = {On a law of {I}ndo-{{E}}uropean word order: {Ü}ber ein {G}esetz der indogermanischen {W}ortstellung},
	year = {2020}
}

@book{VuleticSkracic18,
	address = {Zadar},
	author = {Vuletić, Nikola and Vladimir Skračić},
	publisher = {Sveučilište u Zadru},
	sortname = {Vuletic, Nikola and Vladimir Skracic},
	title = {Leksik morske faune u sjevernoj {D}almaciji. {P}rvi dio: {R}ječnik pučkoga nazivlja},
	year = {2018}
}

@book{Vuletic90,
	address = {Sarajevo},
	author = {Vuletić, Frane},
	publisher = {Zemaljska vlada BiH},
	sortname = {Vuletic, Frane},
	title = {Gramatika bosanskoga jezika za srednje škole},
	year = {1890},
}

@book{VNM07,
	address = {Novi Sad},
	author = {Vujanić, Milica and Miroslav Nikolić and Matica srpska},
	publisher = {Matica srpska},
	sortname = {Vujanic, Milica and Miroslav Nikolic and Matica srpska},
	title = {Rečnik srpskoga jezika},
	year = {2007},
}

@book{TyresAlperen10,
	address = {San Rafael},
	author = {Tyres, Francis and Murat S. Alperen},
	lastchecked = {3.11.2015},
	publisher = {Morgan \& Claypool},
	title = {{South}-{{{E}}}ast {{{E}}}uropean Times: {A} parallel corpus of {B}alkan languages},
	url = {http://xixona.dlsi.ua.es/~fran/publications/lrec2010.pdf},
	year = {2010}
}

@book{Toury95,
	address = {Amsterdam},
	author = {Toury, Gideon},
	publisher = {John Benjamins Publishing Company},
	title = {Descriptive translation studies and beyond},
	year = {1995}
}

@book{Todorovic15,
	address = {Frankfurt am Main},
	author = {Todorović, Nataša},
	number = {Band 16},
	publisher = {Peter Lang},
	series = {Potsdamer Linguistische Untersuchungen},
	sortname = {Todorovic, Natasa},
	title = {The indicative and subjunctive da-complements in {S}erbian: {A} Syntactic-Semantic Approach},
	year = {2015}
}

@book{TezakBabic96,
	address = {Zagreb},
	author = {Težak, Stjepko and Stjepan Babić},
	publisher = {Školska knjiga},
	sortname = {Tezak, Stjepko and Stjepan Babic},
	title = {Gramatika hrvatskoga jezika. {P}riručnik za osnovno jezično obrazovanje},
	year = {1996}
}

@book{StoweKaan06,
	address = {Gainesville},
	author = {Stowe, Laurie and Edith Kaan},
	publisher = {University of Florida Digital Collections},
	title = {Developing an experiment: {T}echniques and design},
	url = {http://ufdc.ufl.edu/IR00005517/00001},
	urldate = {2017-09-21},
	year = {2006}
}

@book{Stevanovic75,
	address = {Belgrade},
	author = {Stevanović, Mihailo},
	publisher = {Naučna knjiga},
	sortname = {Stevanovic, Mihailo},
	title = {Savremeni srpskohrvatski jezik {I}.},
	year = {1975},
}

@book{Stefanowitsch20,
	address = {Berlin},
	author = {Stefanowitsch, Anatol},
	doi = {10.5281/zenodo.3735822},
	number = {7},
	publisher = {Language Science Press},
	series = {Textbooks in Language Sciences},
	title = {Corpus linguistics},
	year = {2020}
}

@book{StanojcicPopovic02,
	address = {Belgrade},
	author = {Stanojčić, Živojin and Ljubomir Popović},
	publisher = {Zavod za udžbenike i nastavna sredstva},
	sortname = {Stanojcic, Zivojin and Ljubomir Popovic},
	title = {Gramatika srpskog jezika. {{U}}džbenik za {I}, {{II}}, {{III}} i {{IV}} razred srednje škole},
	year = {2002},
}

@book{SpencerLuis12,
	address = {Cambridge},
	author = {Spencer, Andrew and Ana R. Luís},
	publisher = {Cambridge University Press},
	sortname = {Spencer, Andrew and Ana R. Luis},
	title = {Clitics: {A}n introduction},
	year = {2012},
}

@book{Smith08,
	address = {Chichester, Hoboken},
	author = {Smith, Christopher Upham Murray},
	publisher = {John Wiley \& Sons},
	title = {Biology of sensory systems},
	year = {2008},
}

@book{Slodowicz08,
	address = {Munich},
	author = {Słodowicz, Szymon},
	publisher = {Sagner},
	sortname = {Slodowicz, Szymon},
	title = {Control in {P}olish complement clauses},
	year = {2008}
}

@book{Sinclair91,
	address = {Oxford},
	author = {Sinclair, John},
	publisher = {Oxford University Press},
	title = {Corpus, concordance, collocation},
	year = {1991}
}

@book{SilicPranjkovic07,
	address = {Zagreb},
	author = {Silić, Josip and Ivo Pranjković},
	publisher = {Školska knjiga},
	sortname = {Silic, Josip and Ivo Pranjkovic},
	title = {Gramatika hrvatskoga jezika: {Z}a gimnazije i visoka učilišta},
	year = {2007}
}

@book{Silic84,
	address = {Zagreb},
	author = {Silić, Josip},
	publisher = {Sveučilišna naklada Liber},
	sortname = {Silic, Josip},
	title = {{Od}  rečenice do teksta ({T}eoretsko-metodološke pretpostavke nadrečeničnog jedinstva)},
	year = {1984}
}

@book{Silic06,
	address = {Zagreb},
	author = {Silić, Josip},
	publisher = {Dispu},
	sortname = {Silic, Josip},
	title = {Funkcionalni stilovi hrvatskogta jezika},
	year = {2006}
}

@book{Sgalletal86,
	address = {Dordrecht},
	author = {Sgall, Petr and Eva Hajičová and Jarmila Panevová},
	publisher = {Reidel},
	sortname = {Sgall, Petr and Eva Hajicova and Jarmila Panevova},
	title = {The meaning of the sentence in its semantic and pragmatic aspects},
	year = {1986}
}

@book{Schutze96,
	address = {Chicago, IL},
	author = {Schütze, Carson T.},
	publisher = {University of Chicago Press},
	sortname = {Schutze, Carson T.},
	title = {The empirical base of linguistics: {G}rammaticality judgments and linguistic methodology},
	year = {1996},
}

@book{Schutze16,
	address = {Berlin},
	author = {Schütze, Carson T.},
	publisher = {Language Science Press},
	sortname = {Schutze, Carson T.},
	title = {The empirical base of linguistics: {G}rammaticality judgments and linguistic methodology},
	year = {2016},
}

@book{SchafferBildhauer13,
	address = {San Rafael, CA},
	author = {Schäfer, Roland and Felix Bildhauer},
	publisher = {Morgan \& Claypool Publishers},
	sortname = {Schafer, Roland and Felix Bildhauer},
	title = {Web corpus construction},
	year = {2013}
}

@book{Sandfeld26,
	address = {København},
	author = {Sandfeld, Kristian},
	publisher = {Bianco Lunos},
	title = {Balkanfilologien. {{E}}n oversigt over dens resultater og problemer},
	year = {1926},
}

@book{Sampson75,
	address = {London},
	author = {Sampson, Geoffrey},
	publisher = {Weidenfeld and Nicolson},
	title = {The form of language},
	year = {1975},
}

@book{Sampson01,
	address = {London},
	author = {Sampson, Geoffrey},
	publisher = {Continuum},
	title = {Empirical linguistics},
	year = {2001},
}

@book{Samardzija15,
	address = {Zagreb},
	author = {Samardžija, Marko},
	publisher = {Matica hrvatska},
	sortname = {Samardzija, Marko},
	title = {Srpsko-hrvatski objasnidbeni rječnik},
	year = {2015}
}

@book{Rosen01,
	address = {Prague},
	author = {Rosen, Alexandr},
	publisher = {Charles University, Faculty of Arts},
	title = {A constraint-based approach to dependency syntax applied to some issues of {C}zech word order},
	year = {2001}
}

@book{Ridjanovic12,
	address = {Sarajevo},
	author = {Ridjanović, Midhat},
	publisher = {Rabic Publishing Company},
	sortname = {Ridjanovic, Midhat},
	title = {{Bosnian} for foreigners with a comprehensive grammar},
	year = {2012}
}

@book{Rescher98,
	address = {New Brunswick},
	author = {Rescher, Nicholas},
	publisher = {Transaction},
	title = {Complexity: {A} philosophical overview},
	year = {1998},
}

@book{Reinkowski01,
	address = {Munich},
	author = {Reinkowski, Ljiljana},
	publisher = {Otto Sagner},
	title = {Syntaktischer {W}andel im {K}roatischen am {B}eispiel der {{E}}nklitika},
	year = {2001}
}

@book{Raguz97,
	address = {Zagreb},
	author = {Raguž, Dragutin},
	publisher = {Medicinska naklada},
	sortname = {Raguz, Dragutin},
	title = {Praktična hrvatska gramatika},
	year = {1997},
}

@book{Radovanovic03,
	address = {Novi Sad},
	author = {Radovanović, Milorad},
	publisher = {IK Zorana Stojanovića},
	sortname = {Radovanovic, Milorad},
	title = {Sociolingvistika},
	year = {2003},
}

@book{Progovac94,
	address = {Cambridge},
	author = {Progovac, Ljiljana},
	publisher = {Cambridge University Press},
	title = {Negative and positive polarity: {A} Binding Approach},
	year = {1994}
}

@book{Progovac05,
	address = {Bloomington, IN},
	author = {Progovac, Ljiljana},
	publisher = {Slavica Publishers},
	title = {A syntax of {S}erbian: {C}lausal architecture},
	year = {2005},
}

@book{Popovic04,
	address = {Belgrade},
	author = {Popović, Ljubomir},
	publisher = {Društvo za srpski jezik i književnost Srbije},
	sortname = {Popovic, Ljubomir},
	title = {Red reči u rečenici},
	year = {2004}
}

@book{PiperKlajn14,
	address = {Novi Sad},
	author = {Piper, Predrag and Ivan Klajn},
	publisher = {Matica srpska},
	title = {Normativna gramatika srpskog jezika},
	year = {2014},
}

@book{Peco07b,
	address = {Sarajevo},
	author = {Peco, Asim},
	publisher = {Bosansko filološko društvo},
	title = {Izabrana djela {I–{VI}}. {K}njiga {{II}}: {G}ovori zapadne {H}ercegovine},
	year = {2007}
}

@book{Peco07a,
	address = {Sarajevo},
	author = {Peco, Asim},
	publisher = {Bosansko filološko društvo},
	title = {Izabrana djela {I–{VI}}. {K}njiga {I}: {G}ovori istočne i centralne {H}ercegovine},
	year = {2007}
}

@book{Okuka08,
	address = {Zagreb},
	author = {Okuka, Miloš},
	publisher = {SKD Prosvjeta},
	sortname = {Okuka, Milos},
	title = {Srpski dijalekti},
	year = {2008},
}

@book{Newmeyer83,
	address = {Chicago, IL},
	author = {Newmeyer, Frederick J.},
	publisher = {University of Chicago Press},
	title = {Grammatical theory, its limits and its possibilities},
	year = {1983}
}

@book{Murelli11,
	address = {Berlin},
	author = {Murelli, Adriano},
	publisher = {De Gruyter Mouton},
	title = {Relative constructions in {{E}}uropean non-standard varieties},
	year = {2011},
}

@book{MrazovicVukadinovic09,
	address = {Sremski Karlovci, Novi Sad},
	author = {Mrazović, Pavica and Zora Vukadinović},
	publisher = {Izdavačka kuća Zorana Stojanovića},
	sortname = {Mrazovic, Pavica and Zora Vukadinovic},
	title = {Gramatika srpskog jezika za strance},
	year = {2009},
}

@book{Moskovljevic07,
	address = {Belgrade},
	author = {Moskovljević, Jasmina},
	publisher = {Čigoja},
	sortname = {Moskovljevic, Jasmina},
	title = {Ogledi o glagolskoj potkategorizaciji},
	year = {2008},
}

@book{Mladenovic10,
	address = {Belgrade},
	author = {Mladenović, Radivoje},
	publisher = {Institut za srpski jezik SANU},
	sortname = {Mladenovic, Radivoje},
	title = {Zamenice u govorima jugozapadnog dela {K}osova i {M}etohije},
	year = {2010}
}

@book{MiseskaTomic06,
	address = {Dordrecht},
	author = {Mišeska Tomić, Olga},
	publisher = {Springer},
	sortname = {Miseska Tomic, Olga},
	title = {{Balkan} Sprachbund Morpho-Syntactic Features},
	year = {2006}
}

@book{Migdalski16,
	address = {Wrocław},
	author = {Krzysztof Migdalski},
	publisher = {Wydawnictwo Uniwersytetu Wroclawskiego},
	title = {Second position effects in the syntax of {G}ermanic and {S}lavic languages},
	year = {2016}
}

@book{MeilletVaillant24,
	address = {Paris},
	author = {Meillet, Antoine and André Veillant},
	publisher = {Champion},
	sortname = {Meillet, Antoine and Andre Veillant},
	title = {Grammaire de la langue serbo-croate},
	year = {1924},
}

@book{McEneryWilson96,
	address = {Edinburgh},
	author = {McEnery, Tony and Andrew Wilson},
	publisher = {Edinburgh University Press},
	title = {Corpus linguistics},
	year = {1996}
}

@book{McEnery13,
	address = {Lancaster, UK},
	author = {McEnery, Tony},
	publisher = {CASS Briefings. Lancaster: The ESRC Centre for Corpus Approaches to Social Science (CASS)},
	title = {Corpus: {S}ome key terms},
	url = {http://cass.lancs.ac.uk/wp-content/uploads/2013/12/CASS-Gloss-final1.pdf},
	urldate = {2015-12-15},
	year = {2013}
}

@book{Maretic99b,
	address = {Zagreb},
	author = {Maretić, Tomo},
	publisher = {Kugli},
	sortname = {Maretic, Tomo},
	title = {Gramatika i stilistika hrvatskoga ili srpskoga književnog jezika},
	year = {1899b},
}

@book{Maretic99a,
	address = {Zagreb},
	author = {Maretić, Tomo},
	publisher = {Kugli},
	sortname = {Maretic, Tomo},
	title = {Gramatika hrvatskoga jezika za niže razrede srednjih škola},
	year = {1899a},
}

@book{ManningSchutze99,
	address = {Cambridge, MA},
	author = {Manning, Christopher and Hinrich Schütze},
	publisher = {MIT Press},
	sortname = {Manning, Christopher and Hinrich Schutze},
	title = {Foundations of statistical natural language processing},
	year = {1999}
}

@book{MLK18,
	address = {Split},
	author = {Marasović-Alujević, Marina and Katarina Lozić Knezović},
	publisher = {Filozofski fakultet u Splitu},
	sortname = {Marasovic-Alujevic, Marina and Katarina Lozic Knezovic},
	title = {Toponimija otoka {D}rvenika i {P}loče},
	year = {2018}
}

@book{Luce86,
	address = {New York},
	author = {Luce, Robert D.},
	publisher = {Oxford University Press},
	title = {Response times},
	year = {1986}
}

@book{Lisac12,
	address = {Split},
	author = {Lisac, Josip},
	publisher = {Književni krug},
	title = {Dvije strane medalje - dijalektološki i jezičnopovijesni spisi o hrvatskom jeziku},
	year = {2012}
}

@book{Lisac09,
	address = {Zagreb},
	author = {Lisac, Josip},
	publisher = {Golden marketing – Tehnička knjiga},
	title = {Hrvatska dijalektologija 2. {Č}akavsko narječje},
	year = {2009}
}

@book{Lisac03,
	address = {Zagreb},
	author = {Lisac, Josip},
	publisher = {Golden marketing – Tehnička knjiga},
	title = {Hrvatska dijalektologija 1. {H}rvatski dijalekti i govori štokavskoga narječja i hrvatski govori torlačkoga narječja},
	year = {2003}
}

@book{LangstonPeti14,
	address = {New York},
	author = {Langston, Keith and Anita Peti-Stantić},
	publisher = {Palgrave Macmillan},
	sortname = {Langston, Keith and Anita Peti-Stantic},
	title = {Language planning and national identity in {C}roatia},
	year = {2014},
}

@book{Landau13,
	address = {Cambridge},
	author = {Idan Landau},
	publisher = {Cambridge University Press},
	title = {Control in generative grammar: {A} research companion},
	year = {2013}
}

@book{Landau00,
	address = {Dordrecht},
	author = {Landau, Idan},
	publisher = {Kluwer Academic},
	title = {Elements of control: {S}tructure and meaning in infinitival constructions. ({S}tudies in Natural Language and Linguistic Theory)},
	year = {2000},
}

@book{Labov72,
	address = {Philadelphia, PA},
	author = {Labov, William},
	publisher = {University of Pennsylvania Press},
	title = {Sociolinguistic patterns},
	year = {1972}
}

@book{Klaic07,
	address = {Bizovac},
	author = {Klaić, Adolf B.},
	publisher = {Matica hrvatska},
	sortname = {Klaic, Adolf B.},
	title = {Bizovačko narječje},
	year = {1959}
}

@book{Katicic86,
	address = {Zagreb},
	author = {Katičić, Radoslav},
	publisher = {Jugoslavenska akademija znanosti i umjetnosti. Nakladni zavod Globus.},
	sortname = {Katicic, Radoslav},
	title = {Sintaksa hrvatskoga književnog jezika},
	year = {1986},
}

@book{KNP17,
	address = {Brno},
	author = {Karlík, Petr and Marek Nekula and Jana Pleskalová},
	sortname = {Karlik, Petr and Marek Nekula and Jana Pleskalova},
	title = {Nový encyklopedický slovník češtiny online},
	url = {www.czechency.org/index.html},
	urldate = {2017-05-23},
	year = {2017}
}

@book{Joseph83,
	address = {Cambridge},
	author = {Joseph, Brian D.},
	publisher = {Cambridge University Press},
	title = {The synchrony and diachrony of the {B}alkan Infinitive: {A} study in areal, general, and historical linguistics},
	year = {1983},
}

@book{JHP00,
	address = {Zenica},
	author = {Jahić, Dževdad and Senahid Halilović and Ismail Palić},
	publisher = {Dom štampe},
	sortname = {Jahic, Dzevdad and Senahid Halilovic and Ismail Palic},
	title = {Gramatika bosanskoga jezika},
	year = {2000}
}

@book{Ivic88,
	address = {Zagreb},
	author = {Dalibor Brozović and Pavle Ivić},
	publisher = {Jugoslavenski leksikografski zavod “{M}iroslav {K}rleža”},
	sortname = {Dalibor Brozovic and Pavle Ivic},
	title = {Jezik {S}rpskohrvatski {H}rvatskosrpski {H}rvatski ili {S}rpski},
	year = {1988},
}

@book{IPR01,
	address = {Sremski Karlovci; Novi Sad},
	author = {Ivić, Pavle and Dragolub Petrović and Milorad Radovanović},
	publisher = {Izdavačka knjižarnica Zorana Stojanovića},
	sortname = {Ivic, Pavle and Dragolub Petrovic and Milorad Radovanovic},
	title = {Dijalektologija srpskohrvatskog jezika: {{U}}vod u štokavsko narečje},
	year = {2001}
}

@book{IKPB11,
	address = {Belgrade},
	author = {Ivić, Pavle and Ivan Klajn and Mitar Pešikan and Branislav Brborić},
	publisher = {Službeni glasnik},
	sortname = {Ivic, Pavle and Ivan Klajn and Mitar Pesikan and Branislav Brboric},
	title = {Srpski jezički priručnik},
	year = {2011},
}

@book{Hoyt12,
	address = {Zagreb},
	author = {Hoyt, Alexander D.},
	publisher = {Hrvatska sveučilišna naklada},
	title = {Hrvatski jezik u {Z}agrebu: {S}ociolingvistički pogled},
	year = {2012}
}

@book{HTS09,
	address = {Sarajevo},
	author = {Halilović, Senahid and Ilijas Tanović and Amela Šehović},
	publisher = {Biblioteka Bosnistika},
	sortname = {Halilovic, Senahid and Ilijas Tanovic and Amela Sehovic},
	title = {Govor grada {S}arajeva i razgovorni bosanski jezik},
	year = {2009}
}

@book{HMBO14,
	address = {Zagreb},
	author = {Ham, Sandra and Jadranka Mlikota and Borko Baraban and Alen Orlić},
	publisher = {Školska knjiga},
	sortname = {Ham, Sandra and Jadranka Mlikota and Borko Baraban and Alen Orlic},
	title = {Hrvatski jezični savjeti},
	year = {2014},
}

@book{Grickat72,
	address = {Belgrade},
	author = {Irena Grickat},
	publisher = {Narodna biblioteka SR Srbije},
	title = {Aktuelni jezički i tekstološki problemi u starim srpskim ćirilskim spomenicima},
	year = {1972}
}

@book{Golic93,
	address = {Osijek},
	author = {Golić, Latinka},
	publisher = {Gradska tiskara},
	sortname = {Golic, Latinka},
	title = {Suvremeni donjomiholjački govor},
	year = {1993}
}

@book{Goldstein10,
	address = {Wadsworth},
	author = {Goldstein, Bruce},
	publisher = {Cengage Learning},
	title = {Sensation and perception.},
	year = {2010}
}

@book{Gato14,
	address = {London, New Delhi, New York, Sydney},
	author = {Gato, Maristella},
	publisher = {Bloomsbury},
	title = {Web as {C}orpus: {T}heory and Practice},
	year = {2014}
}

@book{GKMPRSV14,
	address = {Zagreb},
	author = {Gadžijeva, Sofija and Ana Kovačević and Milan Mihaljević and Sandra Požar and Johannes Reinhart and Marinka Šimić and Jasna Vince},
	publisher = {Hrvatska sveučilišna naklada\slash Staroslavenski institut},
	sortname = {Gadzijeva, Sofija and Ana Kovacevic and Milan Mihaljevic and Sandra Pozar and Johannes Reinhart and Marinka Simic and Jasna Vince},
	title = {Hrvatski crkvenoslavenski jezik},
	year = {2014}
}

@book{FranksKing00,
	address = {Oxford},
	author = {Franks, Steven and Tracy H. King},
	publisher = {Oxford University Press},
	title = {A Handbook of {S}lavic clitics},
	year = {2000}
}

@book{Franks17,
	address = {Bloomington, IN},
	author = {Steven Franks},
	publisher = {Slavica},
	title = {Syntax and spell-out in {S}lavic},
	year = {2017}
}

@book{FrancicPetrovic13,
	address = {Veleučilište Zaprešić},
	author = {Frančić, Anđela and Bernardina Petrović},
	publisher = {Baltazar},
	sortname = {Francic, Andela and Bernardina Petrovic},
	title = {Hrvatski jezik i jezična kultura},
	year = {2013},
}

@book{Filipan13,
	address = {Čakovec},
	author = {Filipan-Žignić, Blaženka},
	publisher = {Matica hrvatska Ogranak Čakovec},
	sortname = {Filipan-Zignic, Blazenka},
	title = {Jezik moje bake i internet: {P}osuđenice u međimurskom kajkavskom dijalektu – jučer, danas, sutra},
	year = {2013}
}

@book{Fechner60,
	address = {Leipzig},
	author = {Fechner, Gustav Theodor},
	publisher = {Breitkopf und Härtel},
	title = {Elemente der {P}sychophysik.},
	year = {1860}
}

@book{FHM06,
	address = {Zagreb},
	author = {Frančić, Anđela and Lana Hudeček and Milica Mihaljević},
	publisher = {Hrvatska sveučilišna naklada},
	sortname = {Francic, Andela and Lana Hudecek and Milica Mihaljevic},
	title = {Normativnost i višefunkcionalnost u hrvatskome standardnom jeziku},
	year = {2006},
}

@book{Dickey00,
	address = {Stanford, CA},
	author = {Dickey, Stephen},
	publisher = {CSLI Publications, Center for the Study of Language and Information},
	title = {Parameters of {S}lavic aspect: {A} cognitive approach},
	year = {2000}
}

@book{DaviesDubinsky04,
	address = {Malden},
	author = {Davies, William D. and Stanley Dubinsky},
	publisher = {Blackwell},
	title = {The grammar of raising and control: {A} course in syntactic argumentation},
	year = {2004},
}

@book{Dahl04,
	address = {Amsterdam, Philadelphia},
	author = {Dahl, Östen},
	publisher = {John Benjamins Publishing Company},
	sortname = {Dahl, Osten},
	title = {The growth and maintenance of linguistic complexity},
	year = {2004},
}

@book{Crible18,
	address = {Amsterdam},
	author = {Crible, Ludivine},
	publisher = {John Benjamins Publishing Company},
	title = {Discourse markers and (dis)fluency: {F}orms and functions across languages and registers},
	year = {2018}
}

@book{Cowart97,
	address = {Thousand Oaks, CA},
	author = {Cowart, Wayne},
	publisher = {Sage Publications},
	title = {Experimental syntax: {A}pplying direct object methods to sentence judgments},
	year = {1997},
}

@book{Chomsky65,
	address = {Cambridge, MA},
	author = {Chomsky, Noam},
	publisher = {MIT Press},
	title = {Aspects of the theory of syntax},
	year = {1965},
}

@book{Chafe94,
	address = {Chicago, IL},
	author = {Chafe, Wallace},
	publisher = {University of Chicago Press},
	title = {Discourse, consciousness, and time},
	year = {1994}
}

@book{Cedic01,
	address = {Sarajevo},
	author = {Čedić, Ibrahim},
	publisher = {Institut za jezik},
	sortname = {Cedic, Ibrahim},
	title = {Osnovi gramatike bosanskog jezika},
	year = {2001},
}

@book{Bozovic21,
	address = {Belgrade},
	author = {Đorđe Božović},
	publisher = {Belgrade University},
	sortname = {Dorde Bozovic},
	title = {Klitički niz u jezicima balkanskog areala},
	year = {2021},
}

@book{Boskovic01,
	address = {Amsterdam},
	author = {Bošković, Željko},
	publisher = {Elsevier},
	sortname = {Boskovic, Zeljko},
	title = {On the nature of the syntax-phonology interface: {C}liticization and related phenomena},
	year = {2001}
}

@book{Blaikie03,
	address = {London},
	author = {Blaikie, Norman},
	publisher = {Sage Publications},
	title = {Analyzing qualitative data},
	year = {2003},
}

@book{Baric97,
	address = {Zagreb},
	author = {Barić, Eugenija and Mijo Lončarić and Dragica Malić and Slavko Pavešić and Mirko Peti and Vesna Zečević and Marija Znika},
	publisher = {Školska knjiga},
	sortname = {Baric, Eugenija and Mijo Loncaric and Dragica Malic and Slavko Pavesic and Mirko Peti and Vesna Zecevic and Marija Znika},
	title = {Hrvatska gramatika},
	year = {1997},
}

@book{Baayen01,
	address = {Dordrecht},
	author = {Baayen, R. Harald},
	publisher = {Kluwer},
	title = {Word frequency distributions},
	year = {2001}
}

@book{BMPV71,
	address = {Zagreb},
	author = {Barac-Grum, Vida and Dragica Malić and Slavko Pavešić and Zlatko Vince},
	publisher = {Matica hrvatska},
	sortname = {Barac-Grum, Vida and Dragica Malic and Slavko Pavesic and Zlatko Vince},
	title = {Jezični savjetnik s gramatikom},
	year = {1971},
}

@book{BHZ63,
	address = {Zagreb},
	author = {Brabec, Ivan and Mate Hraste and Zreten Živković},
	publisher = {Školska knjiga},
	sortname = {Brabec, Ivan and Mate Hraste and Zreten Zivkovic},
	title = {Gramatika hrvatskosrpskoga jezika},
	year = {1963},
}

@article{ZimmerlingKosta13,
	author = {Zimmerling, Anton and Peter Kosta},
	doi = {10.1524/stuf.2013.0009},
	journal = {S{TUF}: Language Typology and Universals},
	number = {2},
	pages = {178--214},
	title = {{Slavic} clitics: {A} typology},
	volume = {66},
	year = {2013}
}

@article{Zimmerling12b,
	address = {Moscow},
	author = {Zimmerling, Anton},
	journal = {Computational linguistics and intellectual technologies},
	number = {11},
	pages = {726--738},
	title = {A unified analysis of clitic clusters in world’s languages},
	volume = {18},
	year = {2012b}
}

@article{Zimmerling12a,
	author = {Zimmerling, Anton},
	journal = {Voprosy jazykoznanija},
	number = {22},
	pages = {3--38},
	title = {Sistemy porjadka slov s klitikami v tipologičeskom aspekte},
	volume = {4},
	year = {2012a},
}

@incollection{Zaliznjak93,
	author = {Zaliznjak, Andrej Anatol'evič},
	year = {1993},
	title = {K izučeniju jazyka berestjanych gramot},
	booktitle = {},
	editor = {Janin, Valentin Lavrent'evič and Zaliznjak, Andrej  Anatol'evič},
	address = {Moskva},
	publisher = {Nauka},
	journal = {Novgorodskie gramoty na bereste iz raskopok 1984–1989},
	pages = {191--321}
}

@article{YeasminRahman12,
	author = {Yeasmin, Sabina and Khan Ferdousour Rahman},
	journal = {BUP Journal},
	number = {1},
	pages = {154--163},
	title = {“{T}riangulation” research method as the tool of social science research},
	volume = {1},
	year = {2012},
}

@article{Wulff03,
	author = {Wulff, Stefanie},
	doi = {10.1075/ijcl.8.2.04wul},
	journal = {International Journal of Corpus Linguistics},
	number = {2},
	pages = {245–282},
	title = {A multifactorial corpus analysis of adjective order in {{E}}nglish},
	volume = {8},
	year = {2003}
}

@article{WilderCavar94b,
	author = {Wilder, Chris and Damir Ćavar},
	doi = {10.1111/j.1467-9582.1994.tb00849.x},
	journal = {Studia Linguistica},
	number = {1},
	pages = {46--86},
	sortname = {Wilder, Chris and Damir Cavar},
	title = {Word order variation, verb movement and economy principles},
	volume = {48},
	year = {1994}
}

@article{WilderCavar94a,
	author = {Wilder, Chris and Damir Ćavar},
	doi = {10.1016/0024-3841(94)90352-2},
	journal = {Lingua},
	number = {1},
	pages = {1--58},
	sortname = {Wilder, Chris and Damir Cavar},
	title = {Long head movement? {V}erb movement and cliticization in {C}roatian},
	volume = {93},
	year = {1994}
}

@article{WeskottFanselow11,
	author = {Weskott, Thomas and Gisbert Fanselow},
	doi = {10.1353/lan.2011.0041},
	journal = {Language},
	number = {2},
	pages = {249--273},
	title = {On the informativity of different measures of linguistic acceptability},
	volume = {87},
	year = {2011}
}

@article{WasowArnold05,
	author = {Wasow, Thomas and Jennifer Arnold},
	doi = {10.1016/j.lingua.2004.07.001},
	journal = {Lingua},
	number = {11},
	pages = {1481--1496},
	title = {Intuitions in linguistic argumentation},
	volume = {115},
	year = {2005}
}

@article{WaldenfelsEder16,
	author = {von Waldenfels, Ruprecht and Maciej Eder},
	doi = {10.1007/s11185-015-9155-4},
	journal = {Russian Linguistics},
	number = {1},
	pages = {11--31},
	title = {A stylometric approach to the study of differences between standard variants of {B}osnian/{C}roatian/{S}erbian, or: {I}s the {H}obbit in {S}erbian more {H}obbit or more {S}erbian?},
	volume = {40},
	year = {2016}
}

@article{Wackernagel92,
	author = {Wackernagel, Jakob},
	doi = {10.1515/9783110242430.333},
	journal = {Indogermanische Forschungen},
	number = {1},
	pages = {333--436},
	title = {Über ein {G}esetz der indogermanischen {W}ortstellung},
	volume = {1},
	year = {1892}
}

@article{Vulic09,
	address = {Vinkovci},
	author = {Vulić, Sanja},
	journal = {Šokačka rič 6: Zbornik radova Znanstvenoga skupa Slavonski dijalekt 6},
	pages = {161--175},
	publisher = {ZAKUD},
	sortname = {Vulic, Sanja},
	title = {Iz današnjega govora šokačkih {H}rvata u {R}ekašu u {R}umunjskoj},
	volume = {6},
	year = {2009}
}

@article{Vranic03,
	address = {Zagreb},
	author = {Vranić, Silvana},
	journal = {Hrvatski dijalektološki zbornik},
	pages = {151--167},
	publisher = {Hrvatska akademija znanosti i umjetnosti},
	sortname = {Vranic, Silvana},
	title = {Iz sintakse paških čakavskih govora},
	url = {https://hrcak.srce.hr/file/248819},
	volume = {12},
	year = {2003}
}

@article{Utvic11,
	author = {Utvić, Miloš},
	journal = {{INFO}theca: {J}ournal of informatics \& librarianship},
	number = {2},
	pages = {36a-47a},
	sortname = {Utvic, Milos},
	title = {Annotating the corpus of contemporary {S}erbian},
	url = {http://jerteh.rs/biblisha/AboutDocument.aspx?DID=1.2011.2.3},
	volume = {XII},
	year = {2011}
}

@article{Turano17,
	author = {Turano, Giuseppina},
	doi = {10.13128/QULSO-2421-7220-21339},
	journal = {Quaderni di Linguistica e Studi Orientali},
	pages = {61--86},
	title = {Modal particles in {A}lbanian subjunctive, infinitive and supine constructions: {P}resence vs absence of clitic climbing},
	volume = {3},
	year = {2017}
}

@article{Tomic03,
	author = {Mišeska Tomić, Olga},
	doi = {10.1016/S0024-3841(03)00071-8},
	journal = {Lingua},
	number = {114},
	pages = {517--549},
	sortname = {Miseska Tomic, Olga},
	title = {The syntax of the {B}alkan {S}lavic future tenses},
	volume = {4},
	year = {2004}
}

@article{Tolstaja12,
	author = {Tolstaja, Svetlana M.},
	journal = {Smysly, teksty i drugie zahvatyvajushhie sjuzhety, Moskva},
	pages = {587--597},
	title = {Liki ljubvi v zerkale slavjanskih jazykov},
	year = {2012},
}

@article{ThompsonCouper05,
	author = {Thompson, Sandra and Elizabeth Couper-Kuhlen},
	doi = {10.1177/1461445605054403},
	journal = {Discourse Studies},
	number = {4-5},
	pages = {481--505},
	title = {The clause as a locus of grammar and interaction},
	volume = {7},
	year = {2005}
}

@article{Tezak85,
	address = {Zagreb},
	author = {Težak, Stjepko},
	journal = {Hrvatski dijalektološki zbornik},
	number = {7},
	pages = {255--274},
	publisher = {Hrvatska akademija znanosti i umjetnosti},
	sortname = {Tezak, Stjepko},
	title = {Kajkavsko-čakavski utjecaj na štokavske govore {Ž}umberka},
	url = {https://hrcak.srce.hr/file/301064},
	volume = {1},
	year = {1985}
}

@article{Tadic98,
	author = {Tadić, Marko},
	journal = {Filologija},
	pages = {337--347},
	sortname = {Tadic, Marko},
	title = {Raspon, opseg i sastav korpusa suvremenoga hrvatskoga jezika},
	url = {https://hrcak.srce.hr/173511},
	volume = {30-31},
	year = {1998}
}

@article{THG05,
	author = {Tummers, Jose and Kris Heylen and Dirk Geeraerts},
	doi = {10.1515/cllt.2005.1.2.225},
	journal = {Corpus Linguistics and Linguistic Theory},
	number = {2},
	pages = {225--261},
	title = {Usage-based approaches in cognitive linguistics: {A} technical state of the art},
	volume = {1},
	year = {2005}
}

@article{Stjepanovic04,
	author = {Stjepanović, Sandra},
	journal = {Journal of Slavic Linguistics},
	number = {1-2},
	pages = {173--212},
	publisher = {Slavica Publishers},
	sortname = {Stjepanovic, Sandra},
	title = {Clitic climbing and restructuring with “finite clause” and infinitive complements},
	url = {www.jstor.org/stable/24599871},
	volume = {12},
	year = {2004}
}

@article{Stiebels07,
	author = {Stiebels, Barbara},
	journal = {ZAS Papers in Linguistics},
	pages = {1--80},
	title = {Studies in complement control},
	url = {https://d-nb.info/1060429071/34},
	volume = {47},
	year = {2007}
}

@article{Stefanowitsch07,
	author = {Stefanowitsch, Anatol},
	doi = {10.1515/CLLT.2007.004},
	journal = {Corpus Linguistics and Linguistic Theory},
	number = {1},
	pages = {57--71},
	title = {Linguistics beyond grammaticality},
	volume = {3},
	year = {2007}
}

@article{Stefanowitsch06,
	author = {Stefanowitsch, Anatol},
	doi = {10.1515/CLLT.2006.003},
	journal = {Corpus Linguistics and Linguistic Theory},
	number = {1},
	pages = {61--77},
	title = {Negative evidence and the raw frequency fallacy},
	volume = {2},
	year = {2006}
}

@article{SprouseAlmeida12,
	author = {Sprouse, Jon and Diogo Almeida},
	doi = {10.1017/S0022226712000011},
	journal = {Journal of Linguistics},
	number = {3},
	pages = {609--652},
	title = {Assessing the reliability of textbook data in syntax: {A}dger's Core Syntax},
	volume = {48},
	year = {2012}
}

@article{Spencer73,
	author = {Spencer, Nancy J.},
	doi = {10.1007/BF01067203},
	journal = {Journal of Psycholinguistic Research},
	number = {2},
	pages = {83--98},
	title = {Differences between linguists and nonlinguists in intuitions of grammaticality-acceptability},
	volume = {2},
	year = {1973}
}

@article{Sobkowiak93,
	author = {Sobkowiak, Włodzimierz},
	doi = {10.1177/002383099303600403},
	journal = {Language and Speech},
	number = {4},
	pages = {393–414},
	sortname = {Sobkowiak, Wlodzimierz},
	title = {Unmarked-before-marked as a freezing principle},
	volume = {36},
	year = {1993}
}

@article{Snyder00,
	author = {Snyder, William},
	doi = {10.1162/002438900554479},
	journal = {Linguistic Inquiry},
	number = {3},
	pages = {575--582},
	title = {An experimental investigation of syntactic satiation effects},
	volume = {31},
	year = {2000}
}

@article{Slobodan13,
	author = {Slobodan Pavlović},
	journal = {Naučni sastanak slavista u Vukove},
	number = {42},
	pages = {346--355},
	sortname = {Slobodan Pavlovic},
	title = {Konstituisanje sistema enklitika u srpskom jeziku},
	volume = {1},
	year = {2013},
}

@article{SSA13,
	author = {Sprouse, Jon and Carson T. Schütze and Diogo Almeida},
	doi = {10.1016/j.lingua.2013.07.002},
	journal = {Lingua},
	pages = {219--248},
	sortname = {Sprouse, Jon and Carson T. Schutze and Diogo Almeida},
	title = {A comparison of informal and formal acceptability judgments using a random sample from \emph{{L}inguistic {I}nquiry} 2001--2010},
	volume = {134},
	year = {2013}
}

@article{SABBCGMQSU98,
	author = {Selting, Margret and Peter Auer and Birgit Barden and Jörg Bergmann and Elizabeth Couper-Kuhlen and Susanne Günthner and Christoph Meier and Uta Quasthoff and Peter Schlobinski and Susanne Uhmann},
	journal = {Linguistische Berichte},
	pages = {91--122},
	sortname = {Selting, Margret and Peter Auer and Birgit Barden and Jorg Bergmann and Elizabeth Couper-Kuhlen and Susanne Gunthner and Christoph Meier and Uta Quasthoff and Peter Schlobinski and Susanne Uhmann},
	title = {Gesprächsanalytisches {T}ranskriptionssystem ({{GAT}})},
	url = {},
	volume = {173},
	year = {1998}
}

@article{Romaine81,
	author = {Romaine, Suzanne},
	journal = {Working Papers in Sociolinguistics},
	pages = {1--38},
	title = {On the problem of syntactic variation},
	volume = {82},
	year = {1981},
}

@inbook{Rizzi82,
	address = {Dordrecht},
	author = {Rizzi, Luigi},
	booktitle = {A restructuring rule},
	doi = {10.1515/9783110883718.1},
	booktitle = {Issues in Italian Syntax},
	pages = {1--76},
	publisher = {Foris},
	title = {A restructuring rule},
	series = {Studies in Generative Grammar},
	number = {11},
	year = {1982}
}

@article{Riemer09,
	author = {Riemer, Nick},
	doi = {10.1016/j.langsci.2008.04.001},
	journal = {Language Sciences},
	number = {5},
	pages = {612--633},
	title = {Grammaticality as evidence and as prediction in a {G}alilean linguistics},
	volume = {31},
	year = {2009}
}

@article{Raguz16,
	author = {Raguž, Marija},
	journal = {Život i škola: časopis za teoriju i praksu odgoja i obrazovanja},
	number = {1},
	pages = {267--277},
	sortname = {Raguz, Marija},
	title = {Govor {M}jesta {B}ogdánōvci},
	volume = {62},
	year = {2016}
}

@article{RaeckeStevanovic01,
	author = {Stevanović, Slavica},
	journal = {Lingvističke aktuelnosti},
	number = {2},
	pages = {86--93},
	sortname = {Stevanovic, Slavica},
	title = {Predstavljanje projekta "{K}orpusno istraživanje upotrebe lokalnih i temporalnih deiktika (spontano) govorenog i (reflektirano) pisanog bosanskog/ hrvatskog/srpskog jezika},
	volume = {1},
	year = {1999},
}

@article{PrzepiorkowskiRosen05,
	author = {Przepiórkowski, Adam and Alexandr Rosen},
	journal = {Research in Language},
	pages = {33–66},
	sortname = {Przepiorkowski, Adam and Alexandr Rosen},
	title = {{Czech} and {P}olish raising/control with or without structure sharing},
	url = {http://lingo.stanford.edu/sag/L221b/prz-ros.control.pdf},
	urldate = {2017-05-31},
	volume = {3},
	year = {2005}
}

@article{Progovac93,
	author = {Progovac, Ljiljana},
	journal = {Journal of Slavic Linguistics},
	number = {1},
	pages = {116--144},
	publisher = {Slavica Publishers},
	title = {Locality and subjunctive-like complements in {S}erbo-{C}roatian},
	url = {https://www.jstor.org/stable/24599042},
	volume = {1},
	year = {1993}
}

@article{Popovic79,
	author = {Popović, Ljubomir},
	journal = {Zeitschrift für Slawistik},
	number = {5},
	pages = {678--695},
	sortname = {Popovic, Ljubomir},
	title = {Antizipative und postverbale {S}tellung der {{E}}nklitika im {S}erbokroatischen},
	url = {},
	volume = {24},
	year = {1979}
}

@article{PolancecMihaljevic16,
	author = {Polančec, Jurica and Ana Mihaljević},
	journal = {Jezikoslovlje},
	number = {1-2},
	pages = {429--451},
	sortname = {Polancec, Jurica and Ana Mihaljevic},
	title = {{Croatian} non-standard invariant relativizers in {{E}}uropean perspective},
	url = {http://hrcak.srce.hr/file/247524},
	volume = {17},
	year = {2016}
}

@article{Plotnikova97,
	author = {Plotnikova, Anna},
	journal = {Facta universitatis - series: Linguistics and Literature 1997},
	number = {4},
	pages = {267--282},
	title = {Mitološka leksika timočkog govora},
	url = {http://facta.junis.ni.ac.rs/lal/lal97/lal97-04.html},
	volume = {1},
	year = {1997}
}

@article{PhillipsLasnik03,
	author = {Phillips, Colin and Howard Lasnik},
	doi = {10.1016/s1364-6613(02)00046-3},
	journal = {Trends in Cognitive Sciences},
	number = {2},
	pages = {61--62},
	title = {Linguistics and empirical evidence},
	volume = {7},
	year = {2003}
}

@article{Phillips10,
	author = {Phillips, Colin},
	journal = {Japanese/Korean Linguistics},
	pages = {49--64},
	title = {Should we impeach armchair linguists},
	url = {https://web.stanford.edu/group/cslipublications/cslipublications/ja-ko-contents/toc-jako17.shtml},
	volume = {17},
	year = {2010}
}

@article{Pesikan58,
	author = {Pešikan, Mitar},
	journal = {Naš jezik},
	number = {7-10},
	pages = {305--311},
	sortname = {Pesikan, Mitar},
	title = {O mestu enklitike u rečenici},
	volume = {9},
	year = {1958},
}

@article{Pell05,
	author = {Pell, Godfrey},
	doi = {10.1111/j.1365-2929.2005.02237.x},
	journal = {Medical Education},
	number = {9},
	pages = {970},
	title = {Use and misuse of {L}ikert scales},
	volume = {39},
	year = {2005}
}

@article{Pavlovic13,
	author = {Slobodan Pavlović},
	journal = {Naučni sastanak slavista u Vukove dane},
	number = {42},
	pages = {346--355},
	sortname = {Slobodan Pavlovic},
	title = {Konstituisanje sistema enklitika u srpskom jeziku},
	volume = {1},
	year = {2013},
}

@article{Pallotti15,
	author = {Pallotti, Gabriella},
	doi = {10.1177/0267658314536435},
	journal = {Second Language Research},
	number = {1},
	pages = {117–134},
	title = {A simple view of linguistic complexity},
	volume = {31},
	year = {2015}
}

@article{Ondrus57,
	author = {Ondrus, Pavel},
	doi = {10.1524/slaw.1957.2.1.513},
	journal = {Zeitschrift für Slawistik},
	number = {1},
	pages = {513--522},
	title = {Zur {S}tellung der {{E}}nklitika im serbischen {S}atz},
	volume = {2},
	year = {1957}
}

@article{Newmeyer07,
	author = {Newmeyer, Frederick J.},
	doi = {10.1515/TL.2007.026},
	journal = {Theoretical Linguistics},
	number = {3},
	pages = {395--399},
	title = {Commentary on {S}am {F}eatherston, ‘{D}ata in generative grammar: {T}he stick and the carrot.’},
	volume = {33},
	year = {2007}
}

@article{Migdalski21,
	author = {Krzysztof Migdalski},
	journal = {Journal of Slavic Linguistics},
	pages = {in print},
	title = {Parametrizing second position effects in {S}lavic},
	volume = {28},
	year = {2021},
}

@article{Menac89,
	address = {Zagreb},
	author = {Menac-Mihalić, Mira},
	journal = {Filologija},
	pages = {81--109},
	publisher = {HAZU},
	sortname = {Menac-Mihalic, Mira},
	title = {Glagolski oblici u čakavskom narječju i u hrvatskom književnom jeziku},
	url = {https://hrcak.srce.hr/165407},
	volume = {17},
	year = {1989}
}

@article{MarusicZaucer06,
	author = {Marušič, Franc and Rok Žaucer},
	doi = {10.1353/jsl.2014.0010},
	journal = {Journal of Slavic Linguistics},
	number = {2},
	pages = {185--213},
	publisher = {Slavica Publishers},
	sortname = {Marusic, Franc and Rok Zaucer},
	title = {The involuntary state/{{FEEL}}-{{LIKE}} construction: {W}hat aspect cannot do},
	volume = {22},
	year = {2014}
}

@article{Markovic55,
	author = {Marković, Svetozar},
	journal = {Naš jezik},
	pages = {33--40},
	sortname = {Markovic, Svetozar},
	title = {Položaj zamjeničke enklitike u vezi sa naporednom upotrebom infinitiva i prezenta sa svezicom \emph{da}},
	volume = {1-2},
	year = {1955},
}

@article{Maresic11,
	author = {Maresić, Jela},
	journal = {Rasprave: Časopis Instituta za hrvatski jezik i jezikoslovlje},
	number = {2},
	pages = {451--466},
	sortname = {Maresic, Jela},
	title = {Podravski kajkavski dijalekt},
	url = {https://hrcak.srce.hr/83989},
	volume = {37},
	year = {2011}
}

@article{Mamic95,
	author = {Mamić, Mile},
	doi = {https://hrcak.srce.hr/204054},
	journal = {Jezik: časopis za kulturu hrvatskoga književnog jezika},
	number = {5},
	pages = {183--188},
	sortname = {Mamic, Mile},
	title = {Upotreba akuzativnih oblika zamjenice ona},
	volume = {43},
	year = {1995}
}

@article{MST12,
	author = {Mathôt, Sebastiaan and Daniel Schreij and Jan Theeuwes},
	doi = {10.3758/s13428-011-0168-7},
	journal = {Behavior Research Methods},
	pages = {314--324},
	sortname = {Mathot, Sebastiaan and Daniel Schreij and Jan Theeuwes},
	title = {Open{S}esame: {A}n open-source, graphical experiment builder for the social sciences},
	volume = {44},
	year = {2012}
}

@article{MKVBB17,
	author = {Matuschek, Hannes and Reinhold Kliegl and Shravan Vasishth and Baayen, R. Harald and Douglas Bates},
	doi = {10.1016/j.jml.2017.01.001},
	journal = {Journal of Memory and Language},
	pages = {305--315},
	title = {Balancing type {I} error and power in linear mixed models},
	volume = {94},
	year = {2017}
}

@article{Loncaric94,
	author = {Lončarić, Mijo},
	journal = {Rasprave: Časopis Instituta za hrvatski jezik i jezikoslovlje},
	number = {1},
	pages = {137--154},
	sortname = {Loncaric, Mijo},
	title = {O kajkavskoj sintaksi},
	url = {https://hrcak.srce.hr/69295},
	volume = {20},
	year = {1994}
}

@article{Lenth16,
	author = {Lenth, Russel V.},
	doi = {10.18637/jss.v069.i01},
	journal = {Journal of Statistical Software},
	number = {1},
	pages = {1--33},
	title = {Least-squares means: {T}he {R} package lsmeans},
	volume = {69},
	year = {2016}
}

@article{Lenertova04,
	author = {Lenertová, Denisa},
	journal = {Journal of {S}lavic {L}inguistics},
	number = {1/2},
	pages = {135--171},
	sortname = {Lenertova, Denisa},
	title = {{Czech} pronominal clitics},
	url = {https://www.jstor.org/stable/24599870},
	volume = {12},
	year = {2004}
}

@article{Landau04,
	author = {Idan Landau},
	doi = {10.1007/s11049-004-4265-5},
	journal = {Natural Language \& Linguistic Theory},
	pages = {811--877},
	title = {The scale of finiteness and the calculus of control},
	volume = {22},
	year = {2004}
}

@article{LCL17,
	author = {Lau, Jey Han and Alexander Clark and Shalom Lappin},
	doi = {10.1111/cogs.12414},
	journal = {Cognitive Science},
	number = {5},
	pages = {1202–1241},
	title = {Grammaticality, accept-ability, and probability: {A} probabilistic view of linguistic knowledge},
	volume = {41},
	year = {2017},
}

@article{KuvacHrzica16,
	author = {Kuvač Kraljević, Jelena and Gordana Hržica},
	journal = {Fluminensia: Journal for Philological Research},
	number = {2},
	pages = {87--102},
	sortname = {Kuvac Kraljevic, Jelena and Gordana Hrzica},
	title = {{Croatian} adult spoken language corpus ({H}r{{AL}})},
	url = {https://hrcak.srce.hr/174013},
	volume = {28},
	year = {2016}
}

@article{Kostic03,
	author = {Kostić, Aleksandar},
	journal = {Zbornik Matice srpske za slavistiku},
	pages = {260--264},
	sortname = {Kostic, Aleksandar},
	title = {Elektronski korpus srpskog jezika {Đ}orđa {K}ostića},
	volume = {64},
	year = {2003},
}

@article{Kolenic99,
	address = {Zagreb},
	author = {Kolenić, Ljiljana},
	journal = {Hrvatski dijalektološki zbornik},
	pages = {41--47},
	publisher = {Hrvatska akademija znanosti i umjetnosti},
	sortname = {Kolenic, Ljiljana},
	title = {Morfološko-tvorbene osobine ilačkoga govora u okviru slavonskoga dijalekta},
	url = {https://doaj.org/article/3ecd628209e1416a8f6522ce222792a4},
	volume = {11},
	year = {1999}
}

@article{KilgarriffGrefenstette03,
	author = {Kilgarriff, Adam and Gregory Grefenstette},
	doi = {10.1162/089120103322711569},
	journal = {Computational Linguistics},
	number = {3},
	pages = {333--347},
	title = {Introduction to the special issue to the {W}eb as {C}orpus},
	volume = {29},
	year = {2003}
}

@article{KibrikPodlesskaya03,
	author = {Kibrik, Andrej A. and Vera I. Podlesskaya},
	journal = {Naučno-techničeskaja informacija},
	number = {10},
	pages = {5--13},
	title = {K sozdaniju korpusov ustnoj russkoj reči: {P}rincipy transkribirovanija},
	url = {http://www.philol.msu.ru/~otipl/new/main/people/kibrik-aa/files/Corpora_speech_transcription@S&I_2003.pdf},
	urldate = {2018-01-21},
	volume = {2},
	year = {2003}
}

@article{KedvesWerkmann13,
	author = {Kedveš, Ana and Ana Werkmann},
	journal = {Rasprave: Časopis Instituta za hrvatski jezik i jezikoslovlje},
	number = {2},
	pages = {457--473},
	sortname = {Kedves, Ana and Ana Werkmann},
	title = {Zanaglasnice u nastavi hrvatskoga jezika – između predodžbe i prakse},
	url = {https://hrcak.srce.hr/117874},
	volume = {39},
	year = {2013}
}

@article{Kalsbeek03,
	address = {Zagreb},
	author = {Kalsbeek, Janneke},
	journal = {Hrvatski dijalektološki zbornik},
	pages = {103--113},
	publisher = {Hrvatska akademija znanosti i umjetnosti},
	title = {Jedno poglavlje iz sintakse istarske čakavštine: {{U}}potreba glagolskih oblika},
	url = {https://hrcak.srce.hr/168568},
	volume = {12},
	year = {2003}
}

@article{KJH19,
	author = {Kolaković, Zrinka and Edyta {Jurkiewicz-Rohrbacher} and Björn Hansen},
	doi = {10.31724/rihjj.45.2.13},
	journal = {Rasprave: Časopis Instituta za hrvatski jezik i jezikoslovlje},
	number = {2},
	pages = {505--522},
	sortname = {Kolakovic, Zrinka and Edyta {Jurkiewicz-Rohrbacher} and Bjorn Hansen},
	title = {Clitic climbing, the raising-control dichotomy and diaphasic variation in {C}roatian},
	volume = {45},
	year = {2019}
}

@article{KBC17,
	author = {Kuznetsova, Alexandra and Per B. Brockhoff and Rune H. B. Christensen},
	doi = {10.18637/jss.v082.i13},
	journal = {Journal of Statistical Software},
	number = {13},
	pages = {1--26},
	title = {lmer{T}est package: {T}ests in linear mixed effects models},
	volume = {82},
	year = {2017}
}

@article{Junghanns02,
	author = {Junghanns, Uwe},
	journal = {Linguistische Arbeitsberichte},
	pages = {57--90},
	title = {Clitic  {C}limbing im {T}schechischen},
	volume = {80},
	year = {2002},
}

@article{Jonke53,
	author = {Jonke, Ljudevit},
	journal = {Jezik: Časopis za Kulturu Hrvatskoga Književnog Jezika},
	number = {5},
	pages = {149--150},
	title = {O pomicanju enklitike prema početku rečenice},
	url = {https://hrcak.srce.hr/51355},
	volume = {2},
	year = {1953}
}

@article{Jaeger08,
	author = {Jaeger, T. Florian},
	doi = {10.1016/j.jml.2007.11.007},
	journal = {Journal of Memory and Language},
	number = {4},
	pages = {434--446},
	title = {Categorical Data Analysis: {A}way from {{ANOVA}}s (transformation or not) and towards logit mixed models},
	volume = {59},
	year = {2008}
}

@article{JWH09,
	author = {Jang, Yoonhee and John T. Wixted and David E. Huber},
	doi = {10.1037/a0015525},
	journal = {Journal of Experimental Psychology},
	number = {2},
	pages = {291–306},
	title = {Testing signal-detection models of yes/no and two-alternative forced-choice recognition memory},
	volume = {138},
	year = {2009},
}

@article{JHK17b,
	author = {{Jurkiewicz-Rohrbacher}, Edyta and Björn Hansen and Zrinka Kolaković},
	doi = {10.1515/jazcas-2017-0028},
	journal = {Jazykovedny časopis},
	number = {2},
	pages = {179--190},
	sortname = {{Jurkiewicz-Rohrbacher}, Edyta and Bjorn Hansen and Zrinka Kolakovic},
	title = {Clitic climbing, finiteness and the raising-control distinction: {A} corpus-based study},
	volume = {68},
	year = {2017}
}

@article{Ivic72,
	author = {Ivić, Milka},
	journal = {Zbornik za filologiju i lingvistiku},
	number = {2},
	pages = {117--138},
	sortname = {Ivic, Milka},
	title = {Problematika srpskohrvatskog infinitiva},
	volume = {15},
	year = {1972},
}

@article{Ivic70,
	author = {Ivić, Milka},
	journal = {Zbornik za filologiju i lingvistiku},
	number = {1},
	pages = {43--54},
	sortname = {Ivic, Milka},
	title = {O upotrebi glagolskih vremena u zavisnoj rečenici: {P}rezent u rečenici s veznikom \emph{da}},
	volume = {13},
	year = {1970},
}

@article{Hiramatsu99,
	author = {Hiramatsu, Kazuko},
	journal = {Papers from the Regional Meetings, Chicago Linguistic Society (CLS)},
	pages = {141--151},
	title = {What syntactic satiation can tell us about islands},
	volume = {35},
	year = {1999},
}

@article{Haegeman11,
	author = {Haegeman, Liliane},
	booktitle = {Evidential mood, restructuring, and the distribution of functional sembrare},
	doi = {10.1093/acprof:oso/9780199740376.003.0010},
	editor = {Paola Beninca and Nicola Munaro},
	journal = {Mapping the Left Periphery: The Cartography of Syntactic Structures},
	pages = {297--326},
	title = {Evidential mood, restructuring, and the distribution of functional sembrare},
	volume = {5},
	year = {2011}
}

@article{HWK18,
	author = {Hansen, Björn and Veronika Wald and Zrinka Kolaković},
	journal = {Zeitschrift für Slavische Philologie},
	number = {1},
	pages = {113--195},
	sortname = {Hansen, Bjorn and Veronika Wald and Zrinka Kolakovic},
	title = {Subjektkasus und {F}initheit: {{{E}}}ine korpusbasierte {S}tudie zur {M}ikrovariation und zur {{{E}}}ntwicklung kroatischer {M}odalkonstruktionen. {T}eil {I}: {M}ikrovariation im modernen {K}roatischen},
	url = {https://zsph.winter-verlag.de/article/ZSPH/2018/1/5},
	volume = {74},
	year = {2018}
}

@article{HRK13,
	author = {Hansen, Björn and Daniel Romić and Zrinka Kolaković},
	journal = {Lahor: časopis za hrvatski kao materinski, drugi i strani jezik},
	number = {15},
	pages = {9--45},
	sortname = {Hansen, Bjorn and Daniel Romic and Zrinka Kolakovic},
	title = {Okviri za istraživanje sintaktičkih struktura govornika druge generacije bosanskoga, hrvatskoga i srpskoga jezika u {N}jemačkoj},
	url = {https://hrcak.srce.hr/125643},
	volume = {1},
	year = {2013}
}

@article{Gries10,
	author = {Gries, Stefan Th.},
	doi = {10.1075/ijcl.15.3.02gri},
	journal = {International Journal of Corpus Linguistics},
	number = {3},
	pages = {327--343},
	title = {Corpus linguistics and theoretical linguistics. {A} love-hate relationship? {N}ot necessarily…},
	volume = {15},
	year = {2010}
}

@article{Grewendorf07,
	author = {Grewendorf, Günther},
	doi = {10.1515/TL.2007.024},
	journal = {Theoretical Linguistics},
	number = {3},
	pages = {369--380},
	sortname = {Grewendorf, Gunther},
	title = {Empirical evidence and theoretical reasoning in generative grammar},
	volume = {33},
	year = {2007}
}

@article{Gorjanac11,
	address = {Vinkovci},
	author = {Gorjanac, Živko},
	booktitle  = {Šokačka rič. Zbornik radova znanstvenog skupa Slavonski dijalekt s međunarodnim sudjelovanjem},
	pages = {103--114},
	publisher = {Zajednica kulturno-umjetničkih djelatnosti Vukovarsko-srijemske županije},
	sortname = {Gorjanac, Zivko},
	title = {Neki podaci o šokačkom selu {V}ršendi u {R}epublici {M}ađarskoj},
	year = {2011}
}

@article{GordonHendrick97,
	author = {Peter C. Gordon and Randall Hendrick},
	doi = {10.1016/S0010-0277(96)00788-3},
	journal = {Cognition},
	number = {3},
	pages = {325--370},
	title = {Intuitive knowledge of linguistic co-reference},
	volume = {62},
	year = {1997}
}

@article{Golab64,
	author = {Gołąb, Zbigniev},
	journal = {International Journal of Slavic Linguistics and Poetics},
	pages = {1--36},
	sortname = {Golab, Zbigniev},
	title = {The problem of verbal moods in {S}lavic languages},
	volume = {8},
	year = {1964},
}

@article{GnjatovicMatasovic13,
	author = {Gnjatović, Tena and Ranko Matasović},
	journal = {Rasprave: Časopis Instituta za hrvatski jezik i jezikoslovlje},
	number = {2},
	pages = {405--422},
	sortname = {Gnjatovic, Tena and Ranko Matasovic},
	title = {Some observations on verbs with obligatory control in {C}roatian},
	url = {https://hrcak.srce.hr/117870},
	volume = {39},
	year = {2013}
}

@article{GibsonFedorenko13,
	author = {Gibson, Edward and Evelina Fedorenko},
	doi = {10.1080/01690965.2010.515080},
	journal = {Language and Cognitive Processes},
	number = {1-2},
	pages = {88--124},
	title = {The need for quantitative methods in syntax and semantics research},
	volume = {28},
	year = {2013}
}

@article{GibsonFedorenko10,
	author = {Gibson, Edward and Evelina Fedorenko},
	doi = {10.1016/j.tics.2010.03.005},
	journal = {Trends in Cognitive Sciences},
	number = {6},
	pages = {233--234},
	title = {Weak quantitative standards in linguistics research},
	volume = {14},
	year = {2010}
}

@article{Galovic13,
	author = {Galović, Filip},
	journal = {Fluminensia: časopis za filološka istraživanja},
	number = {1},
	pages = {181--198},
	sortname = {Galovic, Filip},
	title = {Jezične osobitosti mjesnoga govora {L}ožišća na otoku {B}raču},
	url = {https://hrcak.srce.hr/105008},
	volume = {25},
	year = {2013}
}

@article{Fried94,
	author = {Mirjam Fried},
	doi = {10.1016/0024-3841(94)90024-8},
	journal = {Lingua},
	number = {2--3},
	pages = {155--175},
	title = {Second-position clitics in {C}zech: {S}yntactic or phonological?},
	volume = {94},
	year = {1994}
}

@article{Franks97,
	author = {Steven Franks},
	journal = {U. Penn Working Papers in Linguistics},
	number = {2},
	pages = {111--126},
	title = {{South} {S}lavic clitic placement is still syntactic},
	url = {https://repository.upenn.edu/pwpl/vol4/iss2/8},
	volume = {4},
	year = {1997}
}

@article{Ferreira05,
	author = {Ferreira, Fernanda},
	doi = {10.1515/tlir.2005.22.2-4.365},
	journal = {The Linguistic Review},
	number = {2-4},
	pages = {364--380},
	title = {Psycholinguistics, formal grammars, and cognitive science},
	volume = {22},
	year = {2005}
}

@article{Featherston07,
	author = {Featherston, Sam},
	doi = {10.1515/TL.2007.027},
	journal = {Theoretical Linguistics},
	number = {3},
	pages = {401--413},
	title = {Reply},
	volume = {33},
	year = {2007}
}

@article{Featherston05,
	author = {Featherston, Sam},
	doi = {10.1515/ling.2005.43.4.667},
	journal = {Linguistics},
	number = {4},
	pages = {667--711},
	title = {Universals and grammaticality: {W}h-constraints in {G}erman and {{E}}nglish},
	volume = {43},
	year = {2005}
}

@article{FarkasBabic11,
	address = {Vinkovci},
	author = {Farkaš, Loretana and Tena Babić},
	journal = {Šokačka rič},
	pages = {133--154},
	publisher = {ZAKUD},
	sortname = {Farkas, Loretana and Tena Babic},
	title = {Govor {B}abine {G}rede},
	volume = {8},
	year = {2011}
}

@article{Fanselow07,
	author = {Fanselow, Gisbert},
	doi = {10.1515/TL.2007.023},
	journal = {Theoretical Linguistics},
	number = {3},
	pages = {353--367},
	title = {Carrots: {Perfect} as vegetables, but please not as a main dish},
	volume = {33},
	year = {2007}
}

@article{FJL10,
	author = {Fehrmann, Dorothee and Uwe Junghanns and Denisa Lenertová},
	journal = {Russian Linguistics},
	number = {3},
	pages = {203--238},
	sortname = {Fehrmann, Dorothee and Uwe Junghanns and Denisa Lenertova},
	title = {Two reflexive markers in {S}lavic},
	url = {www.jstor.org/stable/40927420},
	volume = {34},
	year = {2010}
}

@article{FJL04,
	author = {Franks, Steven and Uwe Junghanns and Paul Law},
	journal = {Journal of Slavic Linguistics},
	number = {1-2},
	pages = {3--36},
	title = {Pronominal clitics in {S}lavic},
	url = {https://www.jstor.org/stable/24599867},
	volume = {12},
	year = {2004}
}

@article{Dukanovic94,
	address = {Belgrade},
	author = {Đukanović, Vlado},
	journal = {Naučni sastanak slavista u Vukove dane},
	number = {2},
	pages = {119--126},
	sortname = {Dukanovic, Vlado},
	title = {Glagoli trebati i valjati i njihova infinitivno/prezentska dopuna},
	volume = {22},
	year = {1994}
}

@article{Donders68,
	author = {Donders, Franciscus Cornelis},
	journal = {Acta Psychologica},
	pages = {412–431},
	title = {On the speed of mental processes},
	url = {http://www2.psychology.uiowa.edu/faculty/mordkoff/InfoProc/pdfs/Donders%201868.pdf},
	volume = {30},
	year = {1868}
}

@article{Dobric12,
	author = {Dobrić, Nikola},
	journal = {Statistička revija},
	number = {4},
	pages = {677--692},
	sortname = {Dobric, Nikola},
	title = {Savremeni jezički korpusi na zapadnom {B}alkanu: {Istorijat}, trenutno stanje i budućnost},
	url = {https://papers.ssrn.com/sol3/papers.cfm?abstract_id=2309948},
	volume = {60},
	year = {2012}
}

@article{Dobric09,
	author = {Dobrić, Nikola},
	journal = {Statistička revija},
	number = {1-2},
	pages = {45--50},
	sortname = {Dobric, Nikola},
	title = {Savremene tendencije u lingvostatistici},
	url = {https://ssrn.com/abstract=2309957},
	volume = {58},
	year = {2009}
}

@article{Divjak17,
	author = {Divjak, Dagmar},
	doi = {10.1111/cogs.12335},
	journal = {Cognitive Science},
	number = {2},
	pages = {354--382},
	title = {The role of lexical frequency in the acceptability of syntactic variants: {{E}}vidence from that-clauses in {P}olish},
	volume = {41},
	year = {2017}
}

@article{DiesingZec17,
	author = {Diesing, Molly and Draga Zec},
	doi = {10.5334/gjgl.204},
	journal = {Glossa: A Journal of General Linguistics},
	number = {1},
	pages = {1–25},
	title = {Getting in the first word: {P}rosody and predicate initial sentences in {S}erbian},
	volume = {2},
	year = {2017}
}

@article{Devitt10,
	author = {Devitt, Michael},
	doi = {10.1093/bjps/axq018},
	journal = {British Journal for the Philosophy of Science},
	number = {4},
	pages = {833--865},
	title = {Linguistic intuitions revisited},
	volume = {61},
	year = {2010}
}

@article{Devitt06,
	author = {Devitt, Michael},
	doi = {10.1093/bjps/axl017},
	journal = {British Journal for the Philosophy of Science},
	number = {3},
	pages = {481--513},
	title = {Intuitions in linguistics},
	volume = {57},
	year = {2006}
}

@article{Davies95,
	author = {Davies, Mark},
	doi = {https://doi.org/10.2307/345438},
	journal = {Hispania},
	number = {2},
	pages = {370--380},
	title = {Analyzing syntactic variation with computer-based corpora: {T}he case of modern {S}panish clitic climbing},
	volume = {78},
	year = {1995}
}

@article{Dabrowska10,
	author = {Dąbrowska, Ewa},
	doi = {10.1515/tlir.2010.001},
	issue = {1},
	journal = {The Linguistic Review},
	pages = {1--23},
	sortname = {Dabrowska, Ewa},
	title = {Naive v. {{{E}}}xpert intuitions: {A}n empirical study of acceptability judgments},
	volume = {27},
	year = {2010}
}

@article{DSE17,
	author = {Divjak, Dagmar and Serge Sharoff and Tomaž Erjavec},
	doi = {10.1353/jsl.2017.0008},
	journal = {Journal of Slavic Linguistics},
	number = {2},
	pages = {171--198},
	sortname = {Divjak, Dagmar and Serge Sharoff and Tomaz Erjavec},
	title = {{Slavic} corpus and computational linguistics},
	volume = {25},
	year = {2017}
}

@article{Cvrcek18,
	author = {Cvrček, Vaclav and Komrsková, Zuzana and Lukeš, Dávid and Poukarová, Petra and Řehořková, Anna and Zasina, Adrian J.},
	journal = {Slovo a slovesnost},
	number = {4},
	pages = {293--321},
	sortname = {Cvrcek, Vaclav and Komrskova, Zuzana and Lukes, David and Poukarova, Petra and Rehorkova, Anna and Zasina, Adrian J.},
	title = {Variabilita češtiny: {M}ultidimenzionální analýza},
	url = {http://sas.ujc.cas.cz/archiv.php?art=4407},
	volume = {79},
	year = {2018}
}

@article{Cowart90,
	author = {Cowart, Wayne},
	journal = {Eastern States Conference on Linguistics (ESCOL)},
	pages = {55--66},
	title = {Interpreting reflexives in coordinate {{NP}}s: {{E}}nglish for a non-syntactic analysis of {{NP}} coordination},
	volume = {7},
	year = {1990}
}

@article{Colak15,
	author = {Čolak, Majda},
	doi = {10.32728/tab.13.1.2015.02},
	journal = {Tabula},
	number = {1},
	pages = {29--44},
	sortname = {Colak, Majda},
	title = {Domene, registri i žanrovi u hrvatskome jeziku},
	volume = {13},
	year = {2015}
}

@article{Clark73,
	author = {Clark, Herbert H.},
	doi = {10.1016/S0022-5371(73)80014-3},
	journal = {Journal of Verbal Learning and Verbal Behavior},
	number = {4},
	pages = {335--359},
	title = {The language-as-fixed-effect fallacy: {A} Critique of language statistics in psychological research},
	volume = {12},
	year = {1973}
}

@article{Cirkovic21,
	author = {Svetlana Ćirković},
	doi = {10.18485/ms_zmsfil.2021.64.1.5},
	journal = {Zbornik Matice srpske za filologiju i lingvistiku},
	number = {LXIV},
	pages = {97--114},
	sortname = {Svetlana Cirkovic},
	title = {Nezamenička upotreba enklitičkog oblika dativa refleksivne zamenice si u timočkim govorima: {{S}}intaksički obrasci},
	volume = {1},
	year = {2021}
}

@article{Cimmerling15,
	publisher = {Institut slavjanovedenija RAN},
	address = {Moscow},
	author = {Cimmerling, Anton V.},
	journal = {Pozdravitel`nyj sajt v čest‘ akademika A. A. Zaliznjaka},
	urldate  = {2019-01-02},
	title = {K Bar’eru! {I}li idi k {V}akkernagelju},
	url = {http://www.inslav.ru/sobytiya/2027-zalizniak-80},
	year = {2015}
}

@article{CermakRosen12,
	author = {Čermák, František and Alexandr Rosen},
	doi = {doi.org/10.1075/ijcl.17.3.05cer},
	journal = {International Journal of Corpus Linguistics},
	number = {3},
	pages = {411--427},
	sortname = {Cermak, Frantisek and Alexandr Rosen},
	title = {The case of {I}nter{C}orp, a multilingual parallel corpus},
	volume = {17},
	year = {2012}
}

@article{CavarWilder94,
	author = {Ćavar, Damir and Chris Wilder},
	doi = {10.1515/9783110804010.429},
	journal = {Linguistics in Potsdam},
	pages = {25--64},
	sortname = {Cavar, Damir and Chris Wilder},
	title = {Clitic third in {C}roatian},
	volume = {1},
	year = {1994}
}

@article{CavarBrozovic12,
	author = {Ćavar, Damir and Dunja Brozović-Rončević},
	journal = {Prace filologiczne},
	pages = {51--65},
	sortname = {Cavar, Damir and Dunja Brozovic-Roncevic},
	title = {Riznica: {T}he {C}roatian language corpus},
	volume = {LXIII},
	year = {2012},
}

@article{CardinalettiShlonsky04,
	author = {Cardinaletti, Anna and Ur Shlonsky},
	doi = {10.1162/0024389042350523},
	journal = {Linguistic Inquiry},
	number = {4},
	pages = {519--557},
	title = {Clitic positions and restructuring in {I}talian},
	volume = {35},
	year = {2004}
}

@article{Caink04,
	author = {Caink, Andrew},
	journal = {Journal of Slavic Linguistics},
	number = {1-2},
	pages = {91--133},
	title = {Semi-lexical heads and clitic climbing},
	url = {https://www.jstor.org/stable/24599869},
	volume = {12},
	year = {2004}
}

@article{Cacoullos99,
	author = {Cacoullos, Rena T.},
	doi = {10.1017/S095439459911202X},
	journal = {Language Variation and Change},
	number = {2},
	pages = {143--170},
	title = {Construction frequency and reductive change: {D}iachronic and register variation in {S}panish clitic climbing},
	volume = {11},
	year = {1999}
}

@article{Brozovic07,
	address = {Zagreb},
	author = {Brozović, Dalibor},
	journal = {Hrvatski dijalektološki zbornik},
	pages = {1--183},
	publisher = {Hrvatska akademija znanosti i umjetnosti},
	sortname = {Brozovic, Dalibor},
	title = {Govor u dolini rijeke {F}ojnice},
	url = {https://hrcak.srce.hr/154210},
	volume = {13},
	year = {2007}
}

@article{Browne04,
	author = {Browne, Wayles},
	journal = {Journal of {S}lavic Linguistics},
	number = {1-2},
	pages = {249--283},
	title = {Serbo-{C}roatian enclitics for {{E}}nglish-speaking learners},
	url = {https://www.jstor.org/stable/24599873},
	volume = {12},
	year = {2004, (Reprint from 1975)}
}

@article{Browne03,
	author = {Browne, Wayles},
	journal = {Wiener Slawistischer Almanach},
	pages = {39--44},
	title = {Razlike u redu riječi u zavisnoj rečenici},
	url = {slavistik-portal.de/datenpool/ebsees-db.html?data=96506},
	volume = {Sonderband 57},
	year = {2003}
}

@article{BrlobasLoncaric12,
	author = {Brlobaš, Željka and Mijo Lončarić},
	journal = {Rasprave: Časopis Instituta za hrvatski jezik i jezikoslovlje},
	number = {2},
	pages = {229--249},
	sortname = {Brlobas, Zeljka and Mijo Loncaric},
	title = {Gornjolonjski dijalekt kajkavskoga narječja},
	url = {https://hrcak.srce.hr/103505},
	volume = {38},
	year = {2012}
}

@article{Brabec65,
	author = {Brabec, Ivan},
	journal = {Jezik: Časopis za Kulturu Hrvatskoga Književnog Jezika},
	number = {5},
	pages = {143--151},
	title = {Enklitika – šta je to},
	url = {https://hrcak.srce.hr/226211},
	volume = {12},
	year = {1964}
}

@article{BozovicBascarevic05,
	author = {Božović Marinko and Snežana Baščarević},
	journal = {Zbornik radova Filozofskog fakulteta u Prištini},
	pages = {57--64},
	sortname = {Bozovic Marinko and Snezana Bascarevic},
	title = {Ratarska leksika {I}barskog {K}olašina},
	volume = {35},
	year = {2005}
}

@article{Boskovic95,
	author = {Željko Bošković},
	doi = {10.1016/0024-3841(95)00020-Z},
	journal = {Lingua},
	number = {4},
	pages = {245–266},
	sortname = {Zeljko Boskovic},
	title = {Participle movement and second position cliticization in {S}erbo-{C}roatian},
	volume = {96},
	year = {1995}
}

@article{Boskovic04,
	author = {Bošković, Željko},
	journal = {Journal of Slavic Linguistics},
	number = {1-2},
	pages = {37--90},
	publisher = {Slavica Publishers},
	sortname = {Boskovic, Zeljko},
	title = {Clitic placement in {S}outh {S}lavic},
	url = {www.jstor.org/stable/24599868},
	volume = {12},
	year = {2004}
}

@article{Birzer15,
	author = {Birzer, Sandra},
	doi = {10.1007/s11185-014-9143-0},
	journal = {Russian Linguistics},
	number = {1},
	pages = {81–115},
	title = {Generally speaking, connectivity and conversation management combined: {T}he functions of {R}ussian \emph{voobšče govorja} and {P}olish \emph{ogólnie mówiąc}},
	volume = {39},
	year = {2015}
}

@article{BiberEgbert16,
	author = {Biber, Douglas and Jesse Egbert},
	doi = {10.1177/0075424216628955},
	journal = {Journal of English Linguistics},
	number = {2},
	pages = {95--137},
	title = {Register variation on the searchable web: {A} multidimensional analysis},
	volume = {44},
	year = {2016}
}

@article{BermelKnittl12,
	author = {Bermel, Neil and Luděk Knittl},
	doi = {10.1515/cllt-2012-0010},
	journal = {Corpus Linguistics and Lingustic Theory},
	number = {2},
	pages = {241--275},
	sortname = {Bermel, Neil and Ludek Knittl},
	title = {Corpus frequency and acceptability judgments: {A} study of morphosyntactic variants in {C}zech},
	volume = {8},
	year = {2012}
}

@article{Belaj01,
	author = {Belaj, Branimir},
	journal = {Suvremena lingvistika},
	number = {1-2},
	pages = {1--12},
	title = {Prototipno-kontekstualna analiza povratnih glagola u hrvatskom jeziku},
	url = {https://slavistik-portal.de/datenpool/olcsla-db.html?data=1647909899},
	volume = {51-52},
	year = {2001}
}

@article{Barr13,
	author = {Barr, Dale J.},
	doi = {10.3389/fpsyg.2013.00328},
	journal = {Frontiers in Psychology},
	number = {328},
	pages = {1--2},
	title = {Random effects structure for testing interactions in linear mixed-effects models},
	volume = {4},
	year = {2013}
}

@article{BaderHaussler10,
	author = {Bader, Markus and Jana Häussler},
	journal = {Journal of Linguistics},
	number = {2},
	pages = {273--330},
	sortname = {Bader, Markus and Jana Haussler},
	title = {Toward a model of grammaticality judgments},
	url = {https://www.jstor.org/stable/40731815},
	volume = {46},
	year = {2010}
}


@article{Babic65b,
 author = {Babić, Stjepan},
 title = {Smije li se upotrebljavati zamjenički si?},
 journal = {Jezik: Časopis za Kulturu Hrvatskoga Književnog Jezika},
 number = {4},
 volume = {12},
 pages = {118-119},
 year = {1964},
 url = {https://hrcak.srce.hr/226203},
}

 @book{MenacCelinic12,
 ids = {menaccelinic12},
 author = {Menac-Mihalić, Mira and Anita Celinić},
 title = {Ozvučena čitanka iz hrvatske dijalektologije: {S}veučilišni udžbenik s nosačem zvuka},
 publisher = {Knjigra},
 address = {Zagreb},
 year = {2012},
}


@article{Babic64,
	author = {Babić, Stjepan},
	journal = {Jezik: časopis za kulturu hrvatskoga književnog jezika},
	number = {5},
	pages = {151--159},
	sortname = {Babic, Stjepan},
	title = {Lingvistika i logika {I}vana {B}rabeca},
	url = {https://hrcak.srce.hr/226212},
	volume = {12},
	year = {1964}
}

@article{Babic63,
	author = {Babić, Stjepan},
	journal = {Jezik: časopis za kulturu hrvatskoga književnog jezika},
	number = {2},
	pages = {63--64},
	sortname = {Babic, Stjepan},
	title = {Enklitika između imena i prezimena},
	url = {https://hrcak.srce.hr/226150},
	volume = {11},
	year = {1963}
}

@article{BaayenMilin10,
	author = {Baayen, R. Harald and Petar Milin},
	doi = {doi.org/10.21500/20112084.807},
	journal = {International Journal of Psychological Research},
	number = {2},
	pages = {12--28},
	title = {Analyzing reaction times},
	volume = {3},
	year = {2010}
}

@article{BMR16,
	author = {Baayen, R. Harald and Petar Milin and Michael Ramscar},
	doi = {10.1080/02687038.2016.1147767},
	journal = {Aphasiology},
	number = {11},
	pages = {1174 – 1220},
	title = {Frequency in lexical processing},
	volume = {30},
	year = {2016}
}

@article{BMK18,
	author = {Brysbaert, Marc and Pawel Mandera and Emmanuel Keuleers},
	doi = {https://doi.org/10.1177/0963721417727521},
	journal = {Current Directions in Psychological Science},
	number = {1},
	pages = {45–50},
	title = {The word frequency effect in word processing: {A}n updated review},
	volume = {27},
	year = {2018}
}

@article{BMBW15,
	author = {Bates, Douglas and Martin Mächler and Ben Bolker and Steve Walker},
	doi = {10.18637/jss.v067.i01},
	journal = {Journal of Statistical Software},
	number = {1},
	pages = {1--48},
	sortname = {Bates, Douglas and Martin Machler and Ben Bolker and Steve Walker},
	title = {Fitting linear mixed-effects models using lme4},
	volume = {67},
	year = {2015}
}

@article{BLST13,
	author = {Barr, Dale J. and Roger Levy and Christoph Scheepers and Harry J. Tily},
	doi = {http://dx.doi.org/10.1016/j.jml.2012.11.001},
	journal = {Journal of Memory and Language},
	number = {3},
	pages = {255--278},
	title = {Random effects structure for confirmatory hypothesis testing: {K}eep it maximal},
	volume = {68},
	year = {2013}
}

@article{BDB08,
	author = {Baayen, R. Harald and Debra J. Davidson and Douglas M. Bates},
	doi = {10.1016/j.jml.2007.12.005},
	journal = {Journal of Memory and Language},
	number = {4},
	pages = {390--412},
	title = {Mixed-effects modeling with crossed random effects for subjects and items},
	volume = {59},
	year = {2008}
}

@article{BBFZ09,
	author = {Baroni, Marco and Silvia Bernardini and Adriano Ferraresi and Eros Zanchetta},
	doi = {10.1007/s10579-009-9081-4},
	journal = {Language Resources and Evaluation},
	number = {43},
	pages = {209--226},
	title = {The {W}a{C}ky wide web: {A} collection of very large linguistically processed web-crawled corpora},
	volume = {3},
	year = {2009}
}

@article{AvgustinovaOliva95,
	author = {Avgustinova, Tania and Karel Oliva},
	journal = {CLAUS-Report 68},
	number = {12},
	pages = {1--43},
	title = {The position of sentential clitics in the {C}zech clause},
	url = {https://ufal.mff.cuni.cz/~hana/rep/cl/avgustinova-oliva-1995-The%20Position%20of%20Sentential%20Clitics%20in%20the%20Czech%20Clause.pdf},
	volume = {68},
	year = {1995}
}

@article{AuweraPlungian98,
	author = {van der Auwera, Johan and Vladimir A. Plungian},
	doi = {https://doi.org/10.1515/lity.1998.2.1.79},
	journal = {Linguistic Typology},
	number = {1},
	pages = {79--124},
	title = {Modality’s semantic map},
	volume = {2},
	year = {1998}
}

@article{ArppeJarvikivi,
	author = {Arppe, Antti and Juhani Järvikivi},
	doi = {10.1515/CLLT.2007.009},
	journal = {Corpus Linguistics and Linguistic Theory},
	number = {3},
	pages = {131--159},
	sortname = {Arppe, Antti and Juhani Jarvikivi},
	title = {Every method counts - combining corpus-based and experimental evidence in the study of synonymy},
	volume = {2},
	year = {2007}
}

@misc{Tadic20,
	author = {Tadić, Marko},
	title = {Hrvatski nacionalni korpus v3.0 beta },
	url = {http://filip.ffzg.hr/cgi-bin/run.cgi/first_form?corpname=HNK_v30;align=},
	year = {2020}
}

@misc{LjubesicErjavec16c,
	author = {Nikola Ljubešić and Tomaž Erjavec},
	title = {bs{W}a{C} v1.2},
	url = {https://www.clarin.si/noske/index.html},
	year = {2016}
}

@misc{LjubesicErjavec16b,
	author = {Nikola Ljubešić and Tomaž Erjavec},
	title = {sr{W}a{C} v1.2},
	url = {https://www.clarin.si/noske/index.html},
	year = {2016}
}

@misc{LjubesicErjavec16a,
	author = {Nikola Ljubešić and Tomaž Erjavec},
	title = {hr{W}a{C} v2.2},
	url = {https://www.clarin.si/noske/index.html},
	year = {2016}
}

@misc{CavarRoncevic11,
	author = {Ćavar, Damir and Brozović-Rončević, Dunja  },
	note = {Institut za hrvatski jezik i jezikoslovlje},
	title = {Riznica: {T}he {C}roatian language corpus },
	url = {https://www.clarin.si/noske/index.html},
	year = {2011}
}

@misc{AdamovicovaVavrin20,
	author = {Adamovičová, Ana and Vavřín, Martin},
	note = {Praha: Ústav Českého národního korpusu, FF UK},
	title = {Korpus {InterC}orp – srbština, verze 13 z 1. 11. 2020},
	url = {http://www.korpus.cz},
	year = {2020}
}

@mastersthesis{Rezac99,
	author = {Rezac, Milan},
	school = {University of Toronto},
	title = {The syntactic implementation of clitic movement},
	year = {1999},
}

@inproceedings{Wurmbrand99,
	address = {Somerville, MA},
	author = {Wurmbrand, Susi},
	booktitle = {Proceedings of the 18th {W}est {C}oast {C}onference on {F}ormal {L}inguistics ({{WCCFL}} 18)},
	editor = {Sonya Bird and Andrew Carnie and Jason D. Haugen and Peter Norquest},
	pages = {599--612},
	publisher = {Cascadilla Press},
	title = {Modal verbs must be raising verbs},
	year = {1999}
}

@inproceedings{LjubesicKlubicka14,
	address = {Gothenburg},
	author = {Ljubešić, Nikola and Filip Klubička},
	booktitle = {{Proceedings of the 9th {W}eb as {C}orpus Workshop ({W}a{C}-9)}},
	editor = {Felix Bildhauer and Roland Schäfer},
	pages = {29--35},
	publisher = {Association for Computational Linguistics},
	title = {{bs,hr,sr}{W}a{C} — Web corpora of {B}osnian, {C}roatian and {S}erbian},
	year = {2014}
}


 @book{PiperIvic05,
 author = {Piper, Predrag and Ivana Antonić and Vladislava Ružić and  Sreto Tanasić and Ljudmila Popović and Branko Tošović},
 title = {Sintaksa savremenoga srpskog jezika},
 publisher = {Institut za Srpski Jezik SANU},
 address = {Belgrade},
 year = {2005},
}
