% Include entries that you actually cite. Do not copy here your whole bib-file.

@Unpublished{pav:rcore,
  author           = {{R {Core} {Team}}},
  note             = {{Vienna}: {R} {Foundation} for {Statistical} {Computing}},
  title            = {R: {A} language and environment for statistical computing},
  year             = {2020},
  url              = {https://www.R-project.org/},
}

@book{pav+:Toporisic2000,
    author = "Topori{\v s}i{\v c}, Jo{\v z}e",
    title = "Slovenska slovnica",
    publisher = "Obzorja",
    address = "Maribor",
    year = 2000
}

@BOOK{Benedik1999,
  title  = "Vodnik po zbirki nare{\v c}nega gradiva za slovenski lingvisti{\v c}ni
            atlas ({SLA)}.",
  publisher = "Zalo{\v z}ba {ZRC}",
  address = "Ljubljana",
  author = "Benedik, Francka",
  year   =  1999
}

@ARTICLE{BerdicevskisSemenuks2022,
  title   = "Imperfect language learning reduces morphological
             overspecification: Experimental evidence",
  author  = "Berdicevskis, Aleksandrs and Semenuks, Arturs",
  journal = "PLoS ONE",
  volume  =  17,
  number  =  1,
  doi="10.1371/journal.pone.0262876",
  year   =  2022,
pages="e0262876"
}

@BOOK{Corbett2000,
  title     = "Number",
  author    = "Corbett, Greville G",
  publisher = "Cambridge University Press",
address = {Cambridge},
  year      =  2000
}

@ARTICLE{Derganc2006,
  title     = "Nekatere zna{\v c}ilnosti dvojine v sloven{\v s}{\v c}ini",
  journal = "Slavisti{\v c}na revija",
  number = 1,
  volume = 54,
  author    = "Derganc, Aleksandra",
  pages     = "415--434",
  year      =  2006
}

@book{Greenberg1963,
  title={Language universals},
  author={Greenberg, Joseph H},
  year={1966},
  publisher={Mouton The Hague}
}

@ARTICLE{Jaeger2008,
  title     = "Categorical Data Analysis: {Away} from {ANOVAs} (transformation or not) and towards {Logit} {Mixed} {Models}",
  author    = "Jaeger, T. Florian",
  journal   = "J Mem Lang.",
  publisher = "Elsevier",
  volume    =  59,
  number    =  4,
  pages     = "434--446",
  year      =  2008,
doi = {10.1016/j.jml.2007.11.007},
}

@BOOK{Martinet1955,
  title   = "{\'E}conomie des changements phon{\'e}tiques: {Trait{\'e}} de phonologie diachronique",
  author  = "Martinet, Andr{\'e}",
  year    =  1955,
  publisher = "A. Francke",
  address = "Bern"
}

@book{Polinsky2018,
    author = "Polinsky, Maria",
    title = "Heritage Languages and their Speakers",
    publisher = "University Press",
    address= "Cambridge",
    year = 2018
}

@INCOLLECTION{MarusicZaucer2021,
  title     = "Dual in Slovenian",
  booktitle = "The Oxford Handbook of Number in Language",
  author    = "Maru{\v s}i{\v c}, Franc and {\v Z}aucer",
  editor =  "Cabredo Hofherr, Patricia and Doetjes, Jenny",
  publisher = "Oxford University Press",
  address   = "Oxford"
}

@ARTICLE{Nevins2011,
  title   = "Marked targets versus marked triggers and impoverishment of the dual",
  author  = "Nevins, Andrew",
  journal = "Linguistic Inquiry",
  volume  =  42,
number = 3,
  pages   = "413--444",
  year    =  2011,
doi="10.1162/LING_a_00052"
}

@ARTICLE{Orel2019,
  title   = "{\v Z}enske dvojinske glagolske oblike v starej{\v s}em slovenskem knji{\v z}nem jeziku",
  author  = "Orel, Irena",
  journal = "Slavisti{\v c}na Revija",
  volume  =  67,
  number  =  2,
  pages   = "273--280",
  year    =  2019,
url="https://srl.si/ojs/srl/article/view/2019-2-1-15"
}

@ARTICLE{PavlicStepanov2020,
  title  = "Psiholingvisti{\v c}ni vidiki procesiranja oziralnih odvisnikov v sloven{\v s}{\v c}ini.",
  journal = "Slavisti{\v c}na revija",
  volume = 68,
  number = 4,
  year = 2020,
  author = "Pavli{\v c},Matic and Stepanov, Arthur",
  pages  = "543--561"
}

@ARTICLE{RavidHayek2003,
  title   = "Learning about different ways of expressing number in the development of {Palestinian} {Arabic}",
  author  = "Ravid, David and Hayek, Lubna",
  journal = "First Language",
  volume  =  23,
  number  =  1,
  pages   = "41--63",
  year    =  2003,
doi="10.1177/0142723703023001003"
}

@INCOLLECTION{Sauerland2008,
  title     = "Implicated presuppositions",
  booktitle = "Sentence and context: Language, context, and cognition",
  author    = "Sauerland, Uli",
  editor    = "Steube, Anita",
  publisher = "Mouton de Gruyter",
  pages     = "581--600",
  year      =  2008,
  address   = "Berlin",
doi="10.1515/9783110209303.4.581"
}

@BOOK{Slobodchikoff2019,
  title     = "The Evolution of the {Slavic} Dual: {A} Biolinguistic Perspective",
  author    = "Slobodchikoff, Tatyana G",
  year = 2019,
  publisher = "Rowman \& Littlefield",
address = {Lanham, MD},
doi=""
}

@incollection{Spector2007,
  title     = "Aspects of the pragmatics of plural morphology: {On} higher-order implicatures",
  author    = "Spector, Benjamin",
  editor    = "Sauerland, Uli and Stateva, Penka",
  booktitle= "Presupposition and implicature in compositional semantics",
  publisher = "Palgrave Macmillan",
address = {London},
  pages     = "243--281",
  year      =  2007,
doi = {10.1057/9780230210752_9},
}

@ARTICLE{StepanovStateva2018,
  title     = "Countability, agreement and the loss of the dual in Russian",
  author    = "Stepanov, Arthur and Stateva, Penka",
  journal   = "Journal of Linguistics",
  volume    =  54,
  number    =  4,
  pages     = "779--821",
 year      =  2018,
doi="10.1017/S0022226718000130"
}

@book{Tesniere1925,
  title     = "Les formes du duel en Slov{\`e}ne",
  author    = "Tesni{\`e}re, Lucien",
  publisher = "Ancienne Honor{\'e}",
  year      =  1925,
  address = "Paris"
}

@INCOLLECTION{WagielDocekal2021,
  title     = "Number in natural language from a formal perspective.",
  booktitle = "Formal approaches to number in Slavic \& beyond",
  address = "Berlin",
  year= 2021,
  publisher = "Language Science",
  author    = "W{\k a}giel, Marcin and Do{\v c}ekal, Mojm{\'\i}r",
  editor    = "Do{\v c}ekal, M and W{\k a}giel, M",
  pages     = "1--26"
}

@BOOK{Winter2020,
  title     = "Statistics for linguists: {An} introduction using {R}",
  author    = "Winter, Bodo",
  year = 2020,
  publisher = "Routledge",
  address   = "New York"
}

@Misc{ZehrSchwarz2018,
  title     = "{PennController} for internet based experiments ({IBEX})",
  author    = "Zehr, J{\'e}r{\'e}my and Schwarz, Florian",
  howpublished = {\url{https://www.pcibex.net/}},
  year      =  2018
}



@book{Ivanov1983,
    author = "Ivanov, V",
    title = "Istori\v{c}eskaja grammatika russkogo jazyka",
    publisher = "Prosve\v{s}\v{c}enie",
    year = 1983,
    address = "Moscow"
}

@book{Jakop2008,
    author = "Jakop, Tja{\v s}a",
    title = "Dvojina v slovenskih nare{\v c}jih",
    publisher = "Zalo{\v z}ba ZRC",
    year = 2008,
    address = "Ljubljana"
}

@book{Toporisic2000,
    author = "Topori{\v s}i{\v c}, Jo{\v z}e",
    title = "Slovenska slovnica",
    publisher = "Obzorja",
    address = "Maribor",
    year = 2000
}

@Misc{Drummond2021,
    author = "Drummond, Alex",
    title = "Ibex Farm",
    howpublished = {\url{https://spellout.net/ibexfarm}},
    year = "2021"
}


@incollection{KendaJez2002,
  title = "Model idealnega govorca v slovenskih dialektolo≈°kih raziskavah",
  booktitle  = "Med dialektologijo in zgodovino slovenskega jezika",
  editor= "Jesen{\v s}ek, Marko and Rajh, Bernard and Zorko, Zinka",
  address= "Maribor",
  publisher= "Slavisti{\v c}no dru{\v s}tvo",
  author = "Kenda-Je{\v z}, Karmen",
  pages  = "150--165",
  year   =  2002,
url="https://press.um.si/index.php/ump/catalog/book/41"
}