@misc{Asarina2005,
    author = {Alsa Asarina}, 
    year = 2005,
    title = {Russian {Binding Theory: Two} Improved Movement Approaches},
    note = {Ms. MIT},
}

@BOOK{Wood2023,
    author = {Jim Wood}, 
    year = 2023,
    title = {Icelandic nominalizations and allosemy},
    publisher = {Oxford University Press},
    address = {Oxford},
}

@phdthesis{Antonyuk2015,
    author = {Antonyuk, Svitlana} ,
    title = {{Quantifier scope and scope freezing in Russian}},
    school = {Stony Brook University},
    address = {Stony Brook, NY},
    year = {2015}
}

@incollection{Antonyuk2020,
    author = {Antonyuk, Svitlana},
    title = {{The puzzle of Russian ditransitives}},
    booktitle = {{Dative constructions in Romance and beyond}},
    editor= {Anna Pineda and Jaume Mateu},
    publisher = {Language Science Press} ,
    year = {2020},
    address={Berlin},
    pages={43--74},
    doi={10.5281/zenodo.3776533}
}

@incollection{AntonyukUnderReview,
    author = {Antonyuk, Svitlana},
    title = {On Methodology: {The} Scope Freezing Diagnostic as a Probe of Argument Structure Relations},
    booktitle = {{The syntax of argument structure alternations across frameworks, Special Collection issue at Glossa: a journal of general linguistics}},
    year = {under review},
    editor= {Antonyuk, Svitlana and Ángel Jiménez-Fernández and Isabel Oltra-Massuet},
    journal = {Glossa: a journal of general linguistics}
}

@unpublished{Lavine2022,
    author = {Lavine, James E.},
    title = {Verbal Layers and Initiators in {Ukrainian}},
    note = {{Invited talk given at Formal Description of Slavic Languages (FDSL) 15,}},
    school = {Humboldt University},
    address = {Berlin},
    year = {2022}
}

@misc{Lavine2023,
    author = {Lavine, James E.},
    title = {{Verbal layers and initiators in Ukrainian}},
    year = {2023},
    note = {Ms. Bucknell University, Lewisburg, PA}
}

@book{Ramchand2008,
    author = {Ram\-chand, Gillian} ,
    title = {Verb Meaning and the Lexicon: {A} First-Phase Syntax},
    publisher = {Cambridge University Press},
    address = {Cambridge},
    year = {2008}
}

@article{Bruening2013,
    author = {Bruening, Benjamin},
    title = {\textit{By}-phrases in passives and nominals},
    journal = {Syntax},
    volume = {16},
    year = {2013},
    pages = {1--41},
    doi= {10.1111/j.1467-9612.2012.00171.x}
}

@book{Legate2014,
    author = {Legate, Julie Anne},
    title = {{Voice and v: Lessons from Acehnese}},
    publisher = {MIT Press},
    address = {Cambridge, MA},
    year = {2014},
    url={https://www.jstor.org/stable/j.ctt9qf6h9}
}

@article{Wood2017,
    author = {Wood, Jim} ,
    title = {The {Accusative-Subject Generalization}},
    journal = {Syntax},
    volume = {20},
    year = {2017},
    pages = {249--291},
    doi = {10.1111/synt.12138}
}


@book{Franks1995,
    author = {Franks, Steven},
    title = {Parameters of {Slavic} Morphosyntax},
    publisher = {Oxford Academic} ,
address = {Oxford},
    year = {1995},
    doi= {10.1093/oso/9780195089707.001.0001}
}

@PhDThesis{Bailyn1995,
  address       = {Ithaca, NY},
  author        = {Bailyn, John Frederick},
  school        = {Cornell University},
  title         = {A configurational approach to {{Russian}} “free” word order},
  year          = {1995},
}

@book{Bailyn2012,
    author = {Bailyn, John Frederick} ,
    title = {{The syntax of Russian}} ,
    publisher = {Cambridge University Press},
address = {Cambridge},
    year = {2012},
    doi={10.1017/CBO9780511984686}
}

@article{Titov2017,
    author = {Titov, Elena},
    title = {{The canonical order of Russian objects}},
    journal = {Linguistic Inquiry},
    number= {3},
    volume = {48},
    year = {2017},
    pages= {427--457},
    doi= {10.1162/ling_a_00249}
}


@Book{Dyakonova2009,
  address       = {Utrecht},
  author        = {Dyakonova, Marina},
  publisher     = {LOT},
  title         = {A phase-based approach to {{Russian}} free word order},
  year          = {2009},
series = {LOT Dissertation Series},
number = {230},
}

@article{BonehNash2017,
    author = {Boneh, Nora and Nash, Léa} ,
    title = {{The syntax and semantics of dative DPs in Russian ditransitives.}},
    journal = {{Natural Language \& Linguistic Theory}},
    volume = {35},
    year = {2017},
    pages = {899--953},
    doi={10.1007/s11049-017-9360-5}
}

@article{Larson1990,
  title={Double Objects Revisited: {Reply to Jackendoff}},
  author={Richard Larson},
  journal={Linguistic Inquiry},
  year={1990},
  volume={21},
  pages={589--632},
  url={https://www.jstor.org/stable/4178697}
}

@unpublished{Schneider-Zioga1988,
    author = {Schneider-Zioga, Patricia} ,
    title = {Double objects and small clauses} ,
    note = {Ms. University of Southern California},
    year = {1988},
    address = {Los Angeles, CA}
}

@Article{GreenbergFranks1991,
  author        = {Greenberg, Gerald and Franks, Steven},
  journal       = {The Slavic and East European Journal},
  number        = {1},
  pages         = {71--97},
  title         = {A parametric approach to dative subjects and the second dative in {{Slavic}}},
  volume        = {35},
  year          = {1991},
    doi={10.2307/309034}
}


@Article{BarssLasnik1986,
  author        = {Barss, Andrew and Lasnik, Howard},
  journal       = {Linguistic Inquiry},
  number        = {2},
  publisher     = {JSTOR},
  pages         = {347--354},
  title         = {A note on anaphora and double objects},
  volume        = {17},
  year          = {1986},
    url={https://www.jstor.org/stable/4178491}
}

@InCollection{HarleyMiyagawa2017,
  address       = {Oxford},
  author        = {Harley, Heidi and Miyagawa, Shigeru},
  booktitle     = {{Oxford} Research Encyclopedia of Linguistics},
  doi           = {10.1093/acrefore/9780199384655.013.186},
  editor        = {Mark Aronoff},
  publisher     = {Oxford University Press},
  title         = {Syntax of ditransitives},
  year          = {2017},
}

@Book{Richardson2007,
  address       = {Oxford},
  author        = {Richardson, Kylie},
  publisher     = {Oxford University Press},
  title         = {Case and aspect in {{Slavic}}},
  year          = {2007},
}

@Article{Bruening2001,
  author        = {Bruening, Benjamin},
  doi           = {10.1162/00243890152001762},
  journal       = {Linguistic Inquiry},
  number        = {2},
  pages         = {233--273},
  title         = {{{QR}} obeys superiority: {{F}}rozen scope and {{ACD}}},
  volume        = {32},
  year          = {2001},
}

@article{LarsonEtAl2019,
    author = {Larson, Richard K. and Svitlana Antonyuk and Lei Liu} ,
    title = {Superiority and Scope Freezing} ,
    journal = {Linguistic Inquiry} ,
    year = {2019},
    volume= {50},
    number ={1},
    pages = {233--252},
    doi={10.1162/ling_a_00300}
}


@Article{AntonyukMykhaylyk2022,
author = {Antonyuk, Svitlana and Mykhaylyk, Roksolana},
journal = {Syntax},
title =  {Scope freezing and object shift in {{Ukrainian}}: {{D}}oes superiority matter? {{R}}emark},
year = {2022},
volume={25},
pages={122--146},
doi={10.1111/synt.12229}
}

@article{AbelsGrabska2022,
    author = {Abels, Klaus and Grabska, Dagmara} ,
    title = {{On the distribution of scope ambiguities in Polish}} ,
    journal = {Glossa: a journal of general linguistics} ,
    volume={7},
    number={1},
    year = {2022},
    doi={10.16995/glossa.8170}
}

@article{Hallman2018,
    author = {Hallman, Peter} ,
    title = {Double-Object Constructions in {Syrian Arabic}} ,
    journal = {Syntax} ,
    volume = {21},
    year = {2018},
    pages = {238--274},
    doi={10.1111/synt.12157}
}

@article{Hallman2024,
    author = {Hallman, Peter} ,
    title = {Argument Structure Hierarchies and Alternations in Causative and Double Object Constructions} ,
    journal = {Glossa: a journal of general linguistics} ,
volume = {9},
number = {1},
doi = {10.16995/glossa.9110},
    year = {2024}
}

@article{MarvinStegovec2012,
    author = {Marvin, Tatjana and Adrian Stegovec} ,
    title = {On the Syntax of Ditransitive Sentences in {Slovenian}} ,
    journal = {Acta Linguistica Hungarica} ,
    year = {2012},
    volume = {59},
    number = {1--2},
    pages ={177--203},
    doi= {10.1556/aling.59.2012.1-2.8}
}

@InCollection{Bailyn2010,
  address       = {Ann Arbor, MI},
  author        = {Bailyn, John Frederick},
  booktitle     = {{Formal Approaches to {Slavic} Linguistics ({FASL})} {\#}18: {{T}}he {Cornell} Meeting 2009},
  editor        = {Wayles Browne},
  publisher     = {Michigan Slavic Publications},
  pages         = {21--37},
  title         = {What’s Inside {{VP}}? {{N}}ew (and old) evidence from {{Russian}}},
  year          = {2010},
}

@article{Antonyuk2021,
    author = {Antonyuk, Svitlana},
    title = {{Russian OVS: towards a better understanding of the construction’s
properties and significance}} ,
    journal = {Journal of Slavic Linguistics},
    volume={29},
    number={FASL 28 extra issue},
    year = {2021},
    url={http://ojs.ung.si/index.php/JSL/article/view/156}
}

@book{Alexiadou2001,
    author = {Alexiadou, Artemis},
    title =  {{Functional structure in nominals}},
    publisher = {John Benjamins} ,
    address = {Amsterdam},
    year = {2001},
    doi={10.1075/la.42}
}

@incollection{Alexiadou2017a,
    author = {Alexiadou, Artemis} ,
    title = {On the complex relationship between deverbal compounds and argument supporting nominals},
    booktitle = {Aspect and Valency in Nominals} ,
    editor= {Maria Bloch-Trojnar and Anna Malicka-Kleparska},
    publisher = {De Gruyter Mouton} ,
    address= {Berlin/Boston},
    year = {2017},
    pages = {53--82},
    doi={10.1515/9781501505430-003}
}

@article{Borer2014,
    author = {Borer, Hagit} ,
    title = {Derived nominals and the domain of content} ,
    journal = {Lingua} ,
    volume = {141},
    year = {2014},
    pages = {71--96},
    doi={10.1016/j.lingua.2013.10.007}
}

@article{Iordachioaia2020,
    author = {Gianina Iord\u{a}chioaia} ,
    title = {{Event structure and argument realization in English zero-derived nominals with particles}},
    journal = {Nordlyd} ,
    volume={44},
    number = {1},
    year = {2020},
    pages = {35--51},
    doi={10.7557/12.5205}
}

@incollection{McGinnis2020,
    author = {McGinnis, Martha},
    title = {Cross-linguistic contrasts in the structure of causatives in clausal nominalizations},
    booktitle = {Contrast and Representations in Syntax} ,
    publisher = {Oxford University Press},
    address = {Oxford},
    year = {2020},
    pages = {138--178},
    editor = {Bronwyn Moore Bjorkman and Daniel Currie Hall},
    doi={10.1093/oso/9780198817925.003.0006}
}

@incollection{Alexiadou2009,
    author = {Alexiadou, Artemis} ,
    title = {{On the role of syntactic locality in morphological processes: The case of (Greek) derived nominals}},
    booktitle = {Quantification, Definiteness and Nominalization},
    editor = {Anastasia Giannakidou and Monika Rathert},
    publisher = {Oxford University Press} ,
    year = {2009},
    address = {Oxford},
    pages = {253--280},
    doi={10.1093/oso/9780199541089.003.0011}
}

@incollection{Chomsky1970,
    author = {Chomsky, Noam},
    title = {Remarks on nominalization},
    booktitle = {Readings in {English} Transformational Grammar},
    editor = {Roderick Jacobs and Peter Rosenbaum},
    publisher = {Ginn and Company},
    address = {Waltham, MA},
    year = {1970},
    pages = {184--221}
  
}

@Book{Grimshaw1990,
  address       = {Cambridge, MA},
  author        = {Grimshaw, Jane B.},
  number        = {18},
  publisher     = {MIT Press},
  series        = {Linguistic Inquiry Monographs},
  title         = {Argument structure},
  year          = {1990}
}

@incollection{Harley2009,
    author = {Harley, Heidi},
    title = {The morphology of nominalizations and the syntax of \textit{v}{P}},
    booktitle = {Quantification, Definiteness, and Nominalization},
    editor = {Anastasia Giannakidou and Monika Rathert},
    publisher = {Oxford University Press},
    address = {Oxford},
    year = {2009},
    pages = {321--343},
    doi={10.1093/oso/9780199541089.003.0013}
}

@article{Marantz1997,
    author = {Marantz, Alec},
    title = {{No escape from syntax: Don’t try morphological analysis in the privacy of your own lexicon}} ,
    journal = {University of Pennsylvania Working Papers in Linguistics},
    year = {1997},
    volume={4},
    number ={2},
    pages ={201--225},
    url= {https://repository.upenn.edu/handle/20.500.14332/45440}
}

@article{LavineFreidin2002,
    author = {Lavine, James E. and Robert Freidin} ,
    title = {The Subject of Defective {T(ense) in Slavic}} ,
    journal = {Journal of Slavic Linguistics},
    year = {2002},
    volume= {10},
    number={1/2},
    pages={251--287},
    url={http://www.jstor.org/stable/24599685}
}


@Book{Pesetsky1995,
  address       = {Cambridge, MA},
  author        = {Pesetsky, David},
  publisher     = {MIT Press},
  title         = {Zero syntax: {{{E}}}xperiencers and cascades},
  year          = {1995},
}

@article{Kovacevic2020,
    author = {Kovačević, Predrag} ,
    title = {{Not all object experiencers are the same: The role of \textit{se} and the argument structure of Serbian psych verbs anticausatives}},
    journal = {Bucharest Working Papers in Linguistics},
    year = {2020},
    volume={22},
    number={2},
    pages ={77--96},
    doi={10.31178/BWPL.22.2.4}
}

@PhDThesis{Pylkkänen2002,
  author        = {Pylkkänen, Liina},
  school        = {MIT},
address={Cambridge, MA},
  title         = {Introducing arguments},
  year          = {2002},
} 


@Book{Pylkkänen2008,
  address       = {Cambridge, MA},
  author        = {Pylkkänen, Liina},
  number        = {49},
  publisher     = {MIT Press},
  series        = {Linguistic Inquiry Monographs},
  title         = {Introducing arguments},
  year          = {2008}
}

@incollection{Kallulli2006,
    author = {Kallulli, Dalina},
    title = {A unified analysis of passives, anticausatives, and reflexives} ,
    booktitle = {Empirical issues in formal syntax and semantics} ,
    volume={6},
    editor={Olivier Bonami and Patricia Cabredo Hofherr},
    publisher = {CNRS},
    address={Paris},
    year = {2006},
pages = {201--226},
    url={http://www.cssp.cnrs.fr/eiss6/kallulli-eiss6.pdf}
}

@Book{Baker1988,
  address       = {Chicago, IL},
  author        = {Baker, Mark C.},
  publisher     = {Chicago University Press},
  title         = {Incorporation: {{A}} theory of grammatical function changing},
  year          = {1988},
    url={https://dspace.mit.edu/handle/1721.1/15069}
}

@article{Collins2005,
    author = {Collins, Chris} ,
    title = {{A smuggling approach to the passive in English}},
    journal = {Syntax},
    volume={8},
    year = {2005},
    pages={81--120},
    doi={10.1111/j.1467-9612.2005.00076.x}
}

@incollection{Hallman2021,
    author = {Hallman, Peter},
    title = {{On Passive and Perfect Participles}} ,
    booktitle = {{Passives cross-linguistically: Theoretical and exprimental approaches}},
    publisher = {Brill} ,
    address = {Amsterdam},
    pages = {64--97},
    editor={Kleanthes Grohmann and Akemi Matsuya and Eva-Maria Remberger},
    year = {2021},
    doi= {10.1163/9789004433427_004}
}


@Book{Landau2010,
  address       = {Cambridge, MA},
  author        = {Landau, Idan},
  publisher     = {{MIT} Press},
  title         = {The locative syntax of experiencers},
  year          = {2010},
}

@InCollection{Kratzer1996,
  address       = {Dordrecht},
  author        = {Kratzer, Angelika},
  booktitle     = {Phrase structure and the lexicon},
  editor        = {Johan Rooryck and Laurie Zaring},
  publisher     = {Kluwer},
  pages         = {109--137},
  title         = {Severing the external argument from its verb},
  year          = {1996},
    doi={10.1007/978-94-015-8617-7_5}
}

@incollection{JunghannsEtAl2017,
    author = {Uwe Junghanns and Denisa Lenertová and Dorothee Fehrmann},
    title = {{Parametric variation of Slavic accusative impersonals}},
    booktitle ={{Aspects of Slavic linguistics: Formal grammar, lexicon and communication}} ,
    publisher = {Walter de Gruyter} ,
    address ={Berlin},
    year = {2017},
    editor = {Olav Mueller-Reichau and Marcel Guhl},
    pages = {140--165},
    doi={10.1515/9783110517873-007}
}

@Book{Schäfer2008,
  address       = {Amsterdam},
  author        = {Schäfer, Florian},
  publisher     = {John Benjamins},
  series        = {Linguistik Aktuell/Linguistics Today}, 
number = {126},
  sortname      = {Schafer, Florian},
  title         = {The syntax of (anti-)causatives: {{{E}}}xternal arguments in change-of-state contexts},
  year          = {2008},
    doi={10.1075/la.126}
}

@incollection{Szucsich2007,
    author = {Szucsich, Luka} ,
    title = {Nothing wrong with Finite {T: Non-agreeing} accusative impersonal sentences} ,
    booktitle = {Formal Approaches to {Slavic} Linguistics 15} ,
    publisher = {Michigan Slavic Publications} ,
    address = {Ann Arbor, MI}, 
    year = {2007},
    pages = {417--435},
    editor = {Magda Golędzinowska and Ulyana Savchenko and Richard Compton}
}

@Article{Harley2013,
  author        = {Harley, Heidi},
  journal       = {Lingua},
  pages         = {34--57},
  title         = {External arguments and the mirror principle: {O}n the distinctness of {Voice} and \textit{v}},
  volume        = {125},
  year          = {2013},
 doi={10.1016/j.lingua.2012.09.010}
}

@phdthesis{Richards1997,
    author = {Richards, Norvin},
    title = {What Moves Where When in Which Language?},
    school = {MIT},
address = {Cambridge, MA},
    year = {1997}
}

@article{Antonyuk2023,
    author = {Antonyuk, Svitlana},
    title = {Base-generated or derived? {Here's} how to tell structures apart in {Russian}},
    journal = {Annual Review of the Faculty of Philosophy, Novi Sad},
volume = {47},
number = {3},
    year = {2022},
pages = {111--133},
doi = {10.19090/gff.2022.3.111-133},
}

@misc{Antonyukinpreparation,
    author = {Antonyuk, Svitlana},
    title = {On Quantification and Phase Theory: {A} phase-based approach to the scope freezing phenomenon},
    note = {Ms. University of Graz},
year = {2025},
}

@book{ant:Ramchand2008,
    author = {Ram\-chand, Gillian} ,
    title = {Verb Meaning and the Lexicon: {A} First-Phase Syntax},
    publisher = {Cambridge University Press},
    address = {Cambridge},
    year = {2008}
}

@InCollection{ant:Kratzer1996,
  address       = {Dordrecht},
  author        = {Kratzer, Angelika},
  booktitle     = {Phrase structure and the lexicon},
  editor        = {Johan Rooryck and Laurie Zaring},
  publisher     = {Kluwer},
  pages         = {109--137},
  title         = {Severing the external argument from its verb},
  year          = {1996},
    doi={10.1007/978-94-015-8617-7_5}
}







