 @book{adelaar2004,
  title={The languages of the {Andes}},
  author={Adelaar, Willem F. H. and Muysken, Pieter},
  year={2004},
  publisher={Cambridge University Press},
address={Cambridge},
}

@book{Appleby1961,
	title = {A First {Luyia} Grammar, With Exercises},
		author = {Appleby, L. L.},
	year = {1961},
	publisher = {The East African Literature Bureau},
	address = {Dar es Salaam},
	edition = {3}
	}


@InCollection{Albert1964,
  title={Culture patterning of speech behavior in {Burundi}},
  booktitle = {Directions in Sociolinguistics: {The} Ethnography of Communication},
editor    ={Gumperz, John J. and  Hymes, Dell},
pages={65-106},
  author={Albert, Ethel M.},
  year={1964},
pages     = {72--105},
  publisher={Holt, Rinehart and Winston},
address={New York},
}



@InCollection{aikhenvald1999,
  title={The {A}rawak language family},
  booktitle = {{The} {Amazonian} languages},
editor    ={Dixon, R. M. W. and Aikhenvald, Alexandra Y.},
  author={Aikhenvald, Alexandra Y.},
  year={1999},
pages     = {65--106},
  publisher={Cambridge University Press},
address={Cambridge},
}

@book{aikhenvald2003,
  title={A grammar of {Tariana}, from {Northwest Amazonia}},
  author={Aikhenvald, Alexandra Y.},
  year={2003},
  publisher={Cambridge University Press},
address={Cambridge},
}

@InCollection{aikhenvald2006,
  title={{G}rammars in contact: {{A}} cross-linguistic perspective},
  author={Aikhenvald, Alexandra Y.},
  booktitle={Grammars in contact: {{A}} cross-linguistic typology},
   pages={1--66},
editor={Aikhenvald, Alexandra Y. and Dixon, R. M. W.},
  year={2006},
address={Oxford},
  publisher={Oxford University Press},
}


@InCollection{aikhenvald2006serial,
  title={Serial verb constructions in typological perspective},
  author={Aikhenvald, Alexandra Y.},
  booktitle={Serial verb constructions: {{A}} cross-linguistic typology},
   pages={1--68},
editor={ Aikhenvald, Alexandra Y. and Dixon, R. M. W.},
  year={2006},
address={Oxford},
  publisher={Oxford University Press},
}


@book{aikhenvald2008,
  title={{T}he {Manambu} language of the {East} {Sepik}, {Papua} {New} {Guinea}},
  author={Aikhenvald, Alexandra Y.},
  year={2008},
  publisher={Oxford University Press},
address={Oxford},
}

@book{aikhenvald02,
  title={Language contact in {Amazonia}},
  author={Aikhenvald, Alexandra Y.},
  year={2002},
  publisher={Oxford University Press},
address={Oxford},
}


@Article{aikhenvald19,
  author  = {Aikhenvald, Alexandra Y.},
  title   = {Bridging linkage in {T}ariana, an {A}rawak language from {North-West} {A}mazonia},
  journal = {{I}nternational Journal of {A}merican linguistics},
  year    = {forthcoming},
  volume  = {},
  pages   = {},
}

@Article{Aiton.2014,
  author  = {Aiton, Grant},
  title   = {{G}rammatical relations and information structure in {Eibela}: {{A}} typological perspective },
  journal = {{L}anguage and {L}inguistics in {M}elanesia},
  year    = {2014},
  volume  = {32},
  pages   = {1--25},
}

@Article{fuller87,
  author  = {Fuller, Judith Wheaton},
  title   = {Topic markers in {Hmong}},
  journal = {Linguistics of the {Tibeto-Burman Area}},
  year    = {1987},
  volume  = {10},
  number ={2},
  pages   = {113--127},
}


@Article{Aiton.2015,
  author  = {Aiton, Grant},
  title   = {{R}epetition and anaphora as a cohesive device in in {Eibela} discourse},
  journal = {{L}anguage and {L}inguistics in {M}elanesia},
  year    = {2015},
  volume  = {33},
  number  = {2},
  pages   = {35--44},
  }

@Book{Aiton.2016,
  author = {Aiton, Grant},
  title  = {{T}he documentation of {Eibela}: {An} archive of {Eibela} language materials from the {Bosavi} region ({Western Province, Papua New Guinea})},
  year   = {2016},
  address = {London},
  publisher = {SOAS, Endangered Languages Archive},
  url= {https://elar.soas.ac.uk/Collection/MPI1013856},
  urldate = {2018-08-19}
 }

@Article{babel.2009,
  author  = {Babel, Anna M.},
  title   = {Dizque, evidentiality, and stance in {Valley Spanish}},
  journal = {{L}anguage in {S}ociety},
  year    = {2009},
  volume  = {38},
  number = {4},
  pages   = {487--511},
  }
  
@Book{babel18,
  title     = {Between the {Andes} and the {Amazon}: {Language} and social meaning in {Bolivia}},
  publisher = {The University of Arizona Press},
  year      = {2018},
  author    = {Babel, Anna M.},
  address   = {Tuscon},
}

@Book{baer94,
  title     = {Cosmología y shamanismo de los {Matsiguenga}},
  publisher = {Ediciones Abya-Yala},
  year      = {1994},
  author    = {Baer, Gerhard},
  address   = {Quito, Ecuador},
}



@InCollection{bakhtin86,
  author    = {Bakhtin, Mikhail M.},
  title     = {The problem of speech genres},
  booktitle = {Speech genres and other late essays},
  publisher = {University of Texas Press},
  year      = {1986},
  editor    = {Bakhtin, Mikhail M. and  Holquist, Michael and  McGee, Vern and  Emerson, Caryl},
  pages     = {60--102},
  address   = {Austin},
}


@Book{bauman77,
  title     = {Verbal Art as Performance},
  publisher = {Newbury House},
  year      = {1977},
  author    = {Bauman, Richard},
  address   = {Rowley, MA},
}





@Article{beieretal.2002,
  author  = {Beier, Christine and Michael, Lev and  Sherzer, Joel},
  title   = {Discourse forms and processes in indigenous lowland {South America: An} areal-typological perspective},
  journal = {{Annual Review} of {A}nthropology},
  year    = {2002},
  volume  = {31},
  pages   = {121--145},
  }
  
  


@Article{blythe.2013,
  author  = { Blythe, Joe},
  title   = {Preference organization driving structuration: {Evidence} from {Australian Aboriginal} interaction for pragmatically motivated grammaticalization},
  journal = {Language},
  year    = {2013},
  volume  = {89},
  number ={4},
  pages   = {883--919},
  }

%   
%@Misc{boersma130,
%  author = {Boersma, P. and  Weenink, David},
%  title  = {Praat: doing phonetics by computer. Version 5.3.51},
%  year   = {2013},
%  note   = {retrieved 2 June 2013 from http://www.praat.org/},
%}

@Misc{ecling,
  author = {ECLING},
  title  = {Corpus, Tsova-Tush language documentation within ECLING-Project},
  year = {2016},
  url = {https://hdl.handle.net/1839/00-0000-0000-000A-3ED7-8},
  urldate = {2018-09-13}
}


@Article{bolinger.1984,
  author  = {Bolinger, Dwight},
  title   = {Intonational signals of subordination},
  journal = {Proceedings of the tenth annual meeting of the {Berkeley Linguistics Society}},
  year    = {1984},
  pages   = {401--413},
  }
  

@Article{briggs.1992,
  author  = {Briggs, Charles L. and Bauman, Richard},
  title   = {Genre, intertextuality, and social power},
  journal = {Journal of {Linguistic Anthropology}},
  year    = {1992},
  volume  = {2},
  number={2},
    pages   = {131--172},
  }


@Article{brody.1986,
  author  = {Brody, Jill},
  title   = {Repetition as a rhetorical and conversational device in {Tojolabal (Mayan)}},
  journal = {{International Journal} of {American Linguistics}},
  year    = {1986},
  volume  = {52},
  number={3},
    pages   = {255--274},
  }

@Book{bromley81,
  title     = {A grammar of {Lower Grand Valley Dani}},
  publisher = {Australian National Universtity},
  year      = {2003},
  author    = {Bromley, H. Myron},
  series = {Pacific Linguistics},
  number = {C63},
  address   = {Canberra},
}

@phdthesis{brotchie09,
 title     = {Tirax grammar and narrative: {An Oceanic} language spoken on {Malakula, North Central Vanuatu}},
  school = {The University of Melbourne},
  year      = {2009},
  author    = {Brotchie, Amanda},
  type   = {PhD Dissertation},
}
 
@article{Botne2008,
	author = {Botne, Robert  and  Kershner, Tiffany L.},
	journal = {Cognitive {L}inguistics},
	pages = {145--218},
	title = {Tense and cognitive space: {On} the organization of tense/aspect systems in {Bantu} languages and beyond},
	volume = {19},
	year = {2008},
}

@Article{brown.2000,
  author  = {Brown, Penelope},
  title   = {Repetition},
  journal = {Journal of {Linguistic Anthropology}},
  year    = {2000},
  volume  = {9},
  number={1--2},
    pages   = {223--226},
  }
  

@InCollection{bybee03,
  author    = {Bybee, Joan},
  title     = {Mechanisms of change in grammaticization: {The} role of frequency},
  booktitle = {The handbook of historical linguistics},
  publisher = {Blackwell},
  year      = {2003},
  editor    = {Joseph, Brian J. and Janda, Richard D.},
  pages     = {602--623},
  address   = {Oxford},
}


 

@Article{bybee.2006,
  author  = {Bybee, Joan},
  title   = {From usage to grammar: {The} mind’s response to repetition},
  journal = {Language},
  year    = {2006},
  volume  = {82},
  number={4},
    pages   = {711--733},
  }

@book{cameron01,
  title={Working with Spoken Discourse},
  author={Cameron, Deborah},
  year={2001},
  publisher={Sage},
address={London},
}


@Article{camino.1977,
  author  = {Camino, Alejandro},
  title   = {Trueque, correrías e intercambios entre los {Quechuas Andinos} y los {Piro} y {Machiguenga} de la montaña {Peruana}},
  journal = {Amazonía {P}eruana},
  year    = {1977},
  volume  = {1},
  number={2},
    pages   = {123--140},
  }


@book{cerron03,
  title={Castellano andino: {A}spectos socioling\'{u}\'{i}sticos, pedag\'{o}gicos y gramaticales},
  author={Cerr\'{o}n-Palomino, Rodolfo},
  year={2001},
  publisher={Fondo Editorial PUCP},
address={Lima},
}


@InCollection{chafe88,
  author    = {Chafe, William},
  title     = {Linking intonation units in spoken {E}nglish},
  booktitle = {Clause combining in grammar and discourse},
  publisher = {John Benjamins},
  year      = {2003},
  editor    = {Haiman, John and  Thompson, Sandra A.},
  pages     = {1--27},
  address   = {Amsterdam},
}


@InCollection{chafe01,
  author    = {Chafe, William},
  title     = {The analysis of discourse flow},
  booktitle = {The handbook of discourse analysis},
  publisher = {Blackwell},
  year      = {2001},
  editor    = {Schiffrin, Deborah and Tannen, Deborah and Hamilton, Heidi},
  pages     = {673--687},
  address   = {Malden, MA},
}


@Article{clark75,
  author  = {Clark, Herbert H.},
  title   = {Bridging},
  journal = {Proceedings of TINLAP 75, the 1975 workshop on theoretical issues in natural language processing},
  url = {http://dl.acm.org/citation.cfm?id=980237},
  urldate = {2018-10-19},
  year    = {1975},
  pages   = {169--174},
  }
  
  

@book{christensen13,
  title={Yongkom reference grammar},
  author={Christensen, Steve},
  year={2013},
  publisher={SIL},
address={Ukarumpa},
}


@InCollection{couper17,
  author = {Couper-Kuhlen, Elizabeth and Selting, Margret},
 booktitle = {Interactional linguistics: {Studying} language in social interaction},
  title  = {{Online Chapter F: Further} practices with language},
  year   = {2017},
  publisher = {Cambridge University Press},
  url ={http://www.cambridge.org/files/2015/1497/6105/Online-Chapter_F.pdf},
  urldate = {2018-08-19},
  address ={Cambridge}
  }


@InCollection{couper96,
  author    = {Couper-Kuhlen, Elizabeth},
  title     = {The prosody of repetition: {On} quoting and mimicry},
  booktitle = {Prosody in conversation},
  publisher = {Cambridge University Press},
  year      = {1996},
  editor    = {Couper-Kuhlen, Elizabeth and Selting, Margret},
  pages     = {366--405},
  address   = {Cambridge},
}


@InCollection{couper11,
  author    = {Couper-Kuhlen, Elizabeth},
  title     = {Grammaticalization and conversation},
  booktitle = {The {Oxford} handbook of grammaticalization},
  publisher = {Oxford University Press},
  year      = {2011},
  editor    = {Narrog, Heiko and Heine, Bernd},
  pages     = {366--405},
  address   = {Oxford},
}
 


@book{cristofaro05,
  title={Subordination},
  author={Cristofaro, Sonia},
  year={2005},
  publisher={Oxford University Press},
address={Oxford},
}


@Article{croft.2016,
  author  = { Croft, William},
  title   = {Comparative concepts and language-specific categories: {Theory} and practice},
  journal = {Linguistic {T}ypology},
  year    = {2016},
  volume  = {20},
  number={2},
    pages   = {377--393},
  }
  
  @book{crowley03,
  title={Serial verb in {Oceanic: A} descriptive typology},
  author={Crowley, Terry},
  year={2003},
  publisher={Oxford University Press},
address={Oxford},
}

  
@Article{culicover.1997,
  author  = {Culicover, Peter W. and Jackendoff, Ray},
  title   = {Semantic subordination despite syntactic coordination},
  journal = {Linguistic {I}nquiry},
  year    = {1997},
  volume  = {28},
  number={2},
    pages   = {195--217},
  }
  
  
%
@book{davis99,
  title={Kenkitsatagantsi {Matsigenka}: {C}uentos folklóricos de los {Machiguenga}},
  author={Davis, Harold and Snell, Betty E.},
  year={1999{[}1968{]}},
  publisher={Ministerio de Educaci\'{o}n and Instituto Ling\'{u}\'{i}stico de Verano},
address={Pucallpa},
}

@book{cenitayoga44,
  title={Los {Machiguengas}},
  author={de Cenitagoya, Vicente},
  year={1944},
  publisher={Sanmarti y {C}ia},
address={Lima},
}

@article{Dalgish1979,
	author = {Dalgish, Gerard},
	journal = {Studies in African Linguistics},
	number = {1},
	pages = {41--63},
	title = {The syntax and semantics of the morpheme \textit{ni} in {Kivunju} ({Chaga})},
	volume = {10},
	year = {1979}
}

@InCollection{Chesi2014,
  title={Lunchtime food},
  booktitle = {Logoori corpus},
editor    ={Diercks, Michael},
  author={Chesi, Carolyn},
  year={2014},
  publisher={Unpublished audio recording and transcript},
}




@InCollection{Mbone2014,
  title={Preparing tea},
  booktitle = {Logoori corpus},
editor    ={Diercks, Michael},
  author={Mbone, Linette},
  year={2014},
  publisher={Unpublished audio recording and transcript},
}


@Article{devries.2005,
  author  = {de Vries, Lourens},
  title   = {Towards a typology of tail-head linkage in {Papuan} languages},
  journal = {Studies in {L}anguage},
  year    = {2005},
  volume  = {29},
  number={2},
    pages   = {363--384},
  }
  

@InCollection{devries17,
  author    = {de Vries, Lourens},
  title     = {The imperative paradigm of {Korowai}, a {Greater Awyu} language of {West Papua}},
  booktitle = {Commands, a cross-linguistic typology},
  publisher = {Oxford University Press},
  year      = {2017},
  editor    = {Aikhenvald, Alexandra Y. and Dixon, R. M. W.},
  pages     = {366--405},
  address   = {Oxford},
}


@Article{devries.2010,
  author  = {de Vries, Lourens},
  title   = {From clause conjoining to clause chaining in {Dumut} languages of {New Guinea}},
  journal = {Studies in {L}anguage},
  year    = {2010},
  volume  = {34},
  number={2},
    pages   = {327--349},
  }
  
 @Article{devries.2012,
  author  = {de Vries, Lourens and Wester, Ruth and {v}an {d}en Heuvel, Wilco},
  title   = {The {Greater Awyu} language family of {West Papua}},
  journal = {Language and {L}inguistics in {Melanesia}},
  year    = {2012},
  volume  = {Special Issue, Part I},
     pages   = {269--312},
  }


@Article{devries.2006,
  author  = {de Vries, Lourens},
  title   = {Areal pragmatics of {New Guinea: Thematization}, distribution and recapitulative linkage in {Papuan} narratives},
  journal = {Journal of {P}ragmatics},
  year    = {2006},
  volume  = {38},
  number={6},
    pages   = {811--828},
  }
%
@phdthesis{dimock09,
 title     = {A grammar of {Nahavaq} ({Malakula, Vanuatu})},
  school = {Victoria University of Wellington},
  year      = {2009},
  author    = {Dimock, Laura Gail},
  type   = {PhD Dissertation},
  address ={New Zealand},
}




@Book{dixon10,
  title={Basic linguistic theory},
  author={Dixon, R. M. W.},
  year={2010},
  volume = {1},
  publisher={Oxford University Press},
  address={Oxford},
}


@InCollection{dixon09,
  author    = {Dixon, R. M. W.},
  title     = {The semantics of clause linking in typological perspective},
  booktitle = {The semantics of clause linking},
  publisher = {Oxford University Press},
  year      = {2009},
  editor    = {Dixon, R. M. W. and 	Aikhenvald, Alexandra Y.},
  pages     = {1-55},
  address   = {Oxford},
}



@Book{drabbe59,
  title={Kaeti en {Wambon}: {{T}}wee {Awju}-dialecten},
  author={Drabbe, Paul},
  year={1959},
  publisher={Nijhoff},
  address={Den Haag},
}


@InCollection{drew12,
  author    = {Drew, Paul},
  title     = {Turn design},
  booktitle = {The handbook of conversation analysis},
  publisher = {Wiley-Blackwell},
  year      = {2012},
  editor    = {Sidnell, Jack and Stivers, Tanya},
  pages     = {131--149},
  address   = {Boston, MA},
}



@Article{dubois87,
  author  = {Du Bois, John},
  title   = {The discourse basis of ergativity},
  journal = {Language},
  year    = {1987},
  volume  = {63},
  pages   = {805--855},
  }

@phdthesis{emlen14,
 title     = {Language and Coffee in a Trilingual {Matsigenka-Quechua-Spanish} Frontier Community on the {Andean-Amazonian} Borderland of {Southern Peru}},
  school = {University of Michigan},
  year      = {2014},
  author    = {Emlen, Nicholas Q.},
  type   = {PhD Dissertation},
  address ={Ann Arbor, USA},
}


%
@Article{emlen.2015,
  author  = {Emlen, Nicholas Q.},
  title   = {Public discourse and community formation in a trilingual {Matsigenka--Quechua--Spanish} frontier community of {Southern Peru}},
  journal = {{L}anguage in {S}ociety},
  year    = {2015},
  volume  = {44},
  number={5},
    pages   = {679--703},
  }
  

@Article{emlen.2017,
  title   = {Multilingualism in the {Andes} and {Amazonia}: {{A}} view from in-between},
  journal = {Journal of {Latin American} and {Caribbean Anthropology}},
  author  = {Emlen, Nicholas Q.},
  year    = {2017},
  volume  = {22},
  number={3},
    pages   = {556--577},
  }
  
  
  
  
@InCollection{emlenforth,
  author    = {Emlen, Nicholas Q.},
  title     = {The many {Spanishes} of an {Andean-A}mazonian crossroads},
  booktitle = {Amazonian {S}panish: {Language} contact and evolution},
  publisher = {John Benjamins},
  year      = {2019},
    editor    = {Fafulas, Stephen},
   address   = {Amsterdam},
}


@Book{escobar03,
  title     = {Contacto social y lingüístico},
  publisher = {Pontificia Universidad Católica del Perú},
  year      = {2003},
  author    = {Escobar, Anna María},
  address   = {Lima},
}



@Book{Evans.2003,
  title     = {{Bininj} {Gun}-wok: {{A}} pan-dialectal Grammar of {Mayali}, {Kunwinjku} and {Kune}},
  publisher = {Australian National Universtity},
  year      = {2003},
  author    = {Evans, N. J.},
  series = {Pacific Linguistics},
  number = {541},
  address   = {Canberra},
}



@Article{evans.2009,
  author  = {Evans, N. J. and Levinson, Stephen C.},
  title   = {The myth of language universals: {Language} diversity and its importance for cognitive science},
  journal = {Behavioral and {Brain Sciences}},
  year    = {2009},
  volume  = {32},
    pages   = {429--492},
  }
  
  
@InCollection{evans07,
  author    = {Evans, N. J.},
  title     = {Insubordination and its uses},
  booktitle = {Finiteness: {Theoretical} and	empirical foundations},
  publisher = {Oxford University Press},
  year      = {2012},
  editor    = {Nikolaeva, Irina},
  pages     = {366--431},
  address   = {Oxford},
}


@Book{fabian98,
  title     = {Morphology, syntax and cohesion in {Nabak}, {Papua New Guinea}},
  publisher = {Australian National Universtity},
  year      = {1998},
  author    = {Fabian, Grace and Fabian, Edmund and Waters, Bruce},
  series = {Pacific Linguistics},
  number = {C144},
  address   = {Canberra},
}

@Book{farr99,
  title     = {The interface between syntax and discourse in {Korafe}, a {Papuan} language of {Papua New Guinea}},
  publisher = {Australian National Universtity},
  year      = {1999},
  author    = {Farr, Cynthia J. M},
  series = {Pacific Linguistics},
  number = {148},
  address   = {Canberra},
}


@Article{fitzpatrick.2000,
  author  = {Fitzpatrick, Jennifer},
  title   = {On intonational typology},
  journal = {{STUF--Language Typology} and {Universals}},
  year    = {2000},
  volume  = {53},
  number ={1},
    pages   = {88--96},
  }

 @Book{foley86,
  title     = {The {Papuan} languages of {Papua New Guinea}},
  publisher = {Cambridge University Press},
  year      = {1986},
  author    = {Foley, William A.},
  address   = {Cambridge},
}


@Article{foley.2000,
  author  = {Foley, William A.},
  title   = {The languages of {New Guinea}},
  journal = {Annual {R}eview of {A}nthropology},
  year    = {2000},
  volume  = {29},
    pages   = {357--404},
  }
  
  

@Book{foster81,
  author = {Foster, Michael},
  title  = {Timbe grammar sketch: {Cohesion} in {Timbe} texts},
  year   = {1981},
    publisher = {SIL},
  address   = {Ukarumpa},
}



@Article{Frog.Tarkka.2017,
  author  = {Frog and Tarkka, Lotte},
  title   = {{P}arallelism in Verbal Art and Performance: {An} Introduction},
  journal = {Oral Tradition},
  year    = {2017},
  volume  = {31},
  pages   = {203--232},
}


@Book{Frostad2012,
  title     = {A grammar of {Ughele}: {An Oceanic} language of {Solomon Islands}},
  publisher = {LOT},
  year      = {2012},
  author    = {Frostad, Benedicte Haraldstad},
  address   = {Utrecht},
}


@Article{Gade1972,
  author  = {Gade, Daniel W.},
  title   = {Comercio y colonización en la zona de contacto entre la sierra y las tierras bajas del {Valle} del {Urubamba} en el {Per}ú},
  journal = {Actas y memorias del XXXIX congreso internacional de Americanistas},
  year    = {1972},
  volume  = {4},
  pages   = {207--221},
}




@Book{geluykens92,
  title     = {From discourse process to grammatical construction: {On} left-dislocation in {English}},
  publisher = {John Benjamins},
  year      = {1992},
  author    = {Geluykens, Ronald},
  address   = {Amsterdam},
}



@Book{Genetti.2007,
  title     = {{A} grammar of {Dolakha} {Newar}},
  publisher = {Mouton de Gruyter},
  year      = {2007},
  author    = {Genetti, Carol},
  address   = {Berlin},
}


@Article{genetti04,
  author  = {Genetti, Carol and Slater, Kenneth},
  title   = {An analysis of syntax and prosody interactions in a {Dolakhā Newar} rendition of {The Mahābhārata}},
  journal = {Himalayan {L}inguistics},
  year    = {2004},
  volume  = {1},
  pages   = {1--91},
  }
  
  

@phdthesis{gipper11,
 title     = {Evidentiality and intersubjectivity in {Yurakar}é: {An} interactional account},
  school = {Radboud University},
  year      = {2011},
  author    = {Gipper, Sonja},
  type   = {PhD Dissertation},
  address ={Nijmegen},
}


@InCollection{givon83,
  author    = {Givón, Talmy},
  title     = {Topic continuity in discourse: {An} introduction},
  booktitle = {Topic continuity in discourse: {{A}} quantitative cross-language study},
  publisher = {John Benjamins},
  year      = {1983},
  editor    = {Givón, Talmy},
  pages     = {1--41},
  address   = {Philadelphia},
}

@Book{givon79,
  author    = {Giv\'{o}n, Talmy},
  title     = {On understanding grammar},
  publisher = {Academic Press},
  year      = {1979},
    address   = {New York},
}


@InCollection{Gleason68,
  author    = {Gleason Jr, Henry A.},
  title     = {Contrastive analysis in discourse structure},
  booktitle = {Report of the nineteenth annual round table meeting on linguistics and language studies. {Contrastive} linguistics and its pedagogical implications},
  publisher = {Georgetown University},
  year      = {1968},
  editor    = {Alatis, James E.},
  pages     = {39--63},
  address   = {Washington DC},
}

@Book{goffman74,
  author    = {Goffman, Erving},
  title     = {Frame analysis: {An} essay on the organization of experience},
  publisher = {Harper Colophon},
  year      = {1974},
    address   = {New York},
}


@InCollection{goodwin87,
  author    = {Goodwin, Marjorie H. and Goodwin, Charles},
  title     = {Children’s arguing},
  booktitle = {Language, gender, and sex in comparative perspective},
  publisher = {Cambridge University Press},
  year      = {1987},
  editor    = {Philips, Susan and Steele, Susan and Tanz, Christine},
  pages     = {200--248},
  address   = {Cambridge},
}



@Book{goodwin90,
  author    = {Goodwin, Marjorie H.},
  title     = {He-said-she-said: {Talk} as social organization among black children},
  publisher = {Indiana University Press},
  year      = {1990},
    address   = {Bloomington, IN},
}


@InCollection{Grenoble2012,
  author    = {Grenoble, Lenore A.},
  title     = {From clause to discourse: {The} structure of {Evenki} narrative},
  booktitle = {Recent Advances in {Tungusic} Linguistics},
  publisher = {Harrassowitz},
  year      = {2012},
  editor    = {Malchukov, Andrej L. and Whaley Lindsay J.},
  pages     = {257--277},
  address   = {Wiesbaden},
}



@Book{guerin06,
  author = {Guérin, Valérie},
  title  = {Documentation of {Mavea}},
  year   = {2006},
  address={London},
  publisher={SOAS, Endangered Languages Archive},
  url = {https://elar.soas.ac.uk/Collection/MPI67426},
  urldate ={2018-04-19}
  }

@Book{guerin11,
  author    = {Guérin, Valérie},
  title     = {A grammar of {Mavea}, an {Oceanic} language of {Vanuatu}},
  publisher = {University of Hawai'i Press},
  year      = {2011},
    address   = {Honolulu},
}



@Article{guerin15,
  author  = {Guérin, Valérie},
  title   = {Demonstrative verbs: {A} typology of verbal manner deixis},
  journal = {Linguistic {Typology}},
  year    = {2015},
  volume  = {19},
  number = {2},
  pages   = {141--199},
  }


@InCollection{Guillaume2011,
  author    = {Guillaume, Antoine},
  title     = {{S}ubordinate clauses, switch-reference, and tail-head linkage in {Cavine}ña narratives},
  booktitle = {{S}ubordination in native {South} {American} languages},
  publisher = {John Benjamins},
  year      = {2011},
  editor    = {{van Gijn}, Rik and Haude, Katharina and Muysken, Pieter},
  pages     = {109--140},
  address   = {Amsterdam},
}



@Article{haiman.1984,
  author  = {Haiman, John and Thompson, Sandra A.},
  title   = {``{Subordination}'' in universal grammar},
  journal = {Proceedings of the tenth annual meeting of the {Berkeley Linguistics Society}},
  year    = {1984},
  pages   = {510--523},
}

@Article{haiman.1978,
  author  = {Haiman, John},
  title   = {Conditionals are topics},
  journal = {Language},
  year    = {1978},
  volume  = {54},
  number ={3},
  pages   = {564--589},
}


@InCollection{haiman83,
  author    = {Haiman, John},
  title     = {On some origins of switch-reference marking},
  booktitle = {Switch reference and universal grammar},
  publisher = {John Benjamins},
  year      = {1983},
  editor    = {Haiman, John and Munro, Pamela},
  pages     = {105--128},
  address   = {Amsterdam},
}



@Book{hasan76,
  author    = {Halliday, M. A. K. and Hasan, Ruqaiya},
  title     = {Cohesion in {English}},
  publisher = {Longman},
  year      = {1976},
    address   = {London},
}





@Book{halliday73,
  author    = {Halliday, M. A. K.},
  title     = {Explorations in the functions of language},
  publisher = {Edward Arnold},
  year      = {1973},
    address   = {London},
}


@Article{hanks.1987,
  author  = {Hanks, William F.},
  title   = {Discourse genres in a theory of practice},
  journal = {American Ethnologist},
  year    = {1987},
  volume  = {14},
  number ={4},
  pages   = {668--692},
}



@Article{haspelmath16,
  author  = {Haspelmath, Martin},
  title   = {The serial verb construction: {Comparative} concept and cross-linguistic generalization},
  journal = {Language and Linguistics},
  year    = {2016},
  volume  = {17},
  number ={3},
  pages   = {291--319},
}

@InCollection{Haspelmath.1995,
  author    = {Haspelmath, Martin},
  title     = {{The} converb as a cross-linguistically valid category},
  booktitle = {{Converbs} in cross-linguistic perspective},
  publisher = {Mouton de Gruyter},
  year      = {1995},
  editor    = {Haspelmath, Martin and König, Ekkehard},
  pages     = {1--55},
  address   = {Berlin},
}
%

@InCollection{haspelmath2004,
  author    = {Haspelmath, Martin},
  title     = {Coordinating constructions: {An} overview},
  booktitle = {Coordinating constructions},
  publisher = {John Benjamins},
  year      = {2004},
  editor    = {Haspelmath, Martin},
  pages     = {3--39},
  address   = {Amsterdam},
  }



@Article{haspelmath10,
  author  = {Haspelmath, Martin},
  title   = {Comparative concepts and descriptive categories in crosslinguistic studies},
  journal = {Language},
  year    = {2010},
  volume  = {86},
  number = {3},
  pages   = {663--687},
  }
  
  


@Book{Heath18,
  author    = {Heath, Jeffrey  and Hantgan, Abbie},
  title     = {A grammar of {Bangime}},
  publisher = {Mouton de Gruyter},
  year      = {2018},
    address   = {Berlin},
}



@InCollection{heath1985,
  author    = {Heath, Jeffrey},
  title     = {Discourse in the field: {Clause} structure in {Ngandi} ({Australia})},
  booktitle = {Grammar inside and outside the clause},
  publisher = {Cambridge University Press},
  year      = {1985},
  editor    = { Nichols, Johanna and  Woodbury, Anthony},
  pages     = {89--110},
  address   = {Cambridge},
  }




   
   
@Book{Heeschen98,
  author    = {Heeschen, Volker},
  title     = {An ethnographic grammar of the {Eipo} language (spoken in the central  mountains of {Irian Jaya (West New Guinea), Indonesia})},
  publisher = {Reimer},
  year      = {1998},
    address   = {Berlin},
}




@InCollection{heritage2012,
  author    = {Heritage, John and Raymond, Geoffrey},
  title     = {Navigating epistemic landscapes: {Acquiescence}, agency and resistance in responses to polar questions},
  booktitle = {Questions: {Formal}, functional and interactional perspectives},
  publisher = {Cambridge University Press},
  year      = {2012},
  editor    = {de Ruiter, Jan P.},
  pages     = {179--192},
  address   = {Cambridge},
  }


@InCollection{heritage1984,
  author    = {Heritage, John},
  title     = {A change-of-state token and aspects of its sequential placement},
  booktitle = {Structures of social action},
  publisher = {Cambridge University Press},
  year      = {1984},
  editor    = {Atkinson, J. Maxwell and Heritage, John},
  pages     = {299--345},
  address   = {Cambridge},
  }
  
@InCollection{hinds79,
  author    = {Hinds, John},
  title     = {Organizational patterns in discourse},
  booktitle = {Semantics and syntax: {D}iscourse and syntax},
  publisher = {Academic Press},
  year      = {2012},
  editor    = { Giv\'{o}n, Talmy},
  pages     = {135--157},
  address   = {New York},
  }


@Article{hopper80,
  author  = {Hopper, Paul J. and Thompson, Sandra A.},
  title   = {Transitivity in grammar and discourse},
  journal = {Language},
  year    = {1980},
  volume  = {56},
  number = {2},
  pages   = {251--299},
  }
  
  
    @InCollection{hopper11,
  author    = {Hopper, Paul J.},
  title     = {Emergent grammar and temporality in interactional linguistics},
  booktitle = {Constructions: {Emerging} and emergent},
  publisher = {Mouton de Gruyter},
  year      = {2011},
  editor    = {Auer, Peter and Pfander, Stefan},
  pages     = {22--44},
  address   = {Berlin},
}

  
    @InCollection{hopper91,
  author    = {Hopper, Paul J.},
  title     = {On some principles of grammaticalization},
  booktitle = {Approaches to grammaticalization},
  publisher = {John Benjamins},
  year      = {1991},
  editor    = {Traugott, Elizabeth C. and Heine, Bernd},
  pages     = {17--35},
  address   = {Amsterdam},
}

    @InCollection{hymes75,
  author    = {Hymes, Dell H.},
  title     = {Breakthrough into performance},
  booktitle = {Folklore: {Performance} and communication},
  publisher = {Routledge},
  year      = {1975},
  editor    = {Ben-Amos, Dan and Goldstein, Kenneth},
  pages     = {11--74},
  address   = {New York},
}

@Book{hopper93,
  author    = {Hopper, Paul J. and Traugott, Elizabeth C.},
  title     = {Grammaticalization},
  publisher = {Cambridge University Press},
  year      = {1993},
    address   = {Cambridge},
}





@Book{hymes81,
  title     = {``{In} vain {{I}} tried to tell you'': {Essays} in {Native American} ethnopoetics},
  publisher = {University of Pennsylvania Press},
  year      = {1981},
  author    = {Hymes, Dell H.},
  address   = {Philadelphia},
}

@Book{johnson92,
  title     = {Dab neeg {Hmoob}: {Myths}, legends and folk tales from the {Hmong} of {Laos}},
  publisher = {Macalester College},
  year      = {1992},
  author    = {Johnson, Charles},
  address   = {St Paul, MN},
}


@Book{vang90,
  title     = {The life of {Shong Lue Yang: Hmong} `{Mother} of {Writing}'; {Keeb} kwm {Soob Lwj Yaj: Hmoob} `{Niam Ntawv}'},
  note = {English translation by {Mitt} {Moua} and {See} {Yang}},
  publisher = {Center for Urban and Regional Affairs, University of Minnesota},
  year      = {1990},
  author    = {Vang, Chia Koua and Yang, Gnia Yee and Smalley, William A.},
  address   = {Minneapolis, MN},
}



@phdthesis{fuller85,
 title     = {Topic and comment in {Hmong}},
  school = {The University of Minnesota},
  year      = {1985},
  author    = {Fuller, Judith Wheaton},
  type   = {PhD Dissertation},
  address = {Minneapolis, USA},
}



 

@Book{hyslop01,
  title     = {The {L}olovoli dialect of the {North-East Ambae} language, {V}anuatu},
  publisher = {The Australian National University},
  year      = {2001},
  author    = {Hyslop, Catriona},
  series = {Pacific Linguistics},
  number = {515},
  address   = {Canberra},
}



@Article{izquierdo07,
  author  = {Izquierdo, Carolina and Johnson, Allen W.},
  title   = {Desire, envy and punishment: {A Matsigenka} emotion schema in illness narratives and folk stories},
  journal = {Culture, Medicine and Psychiatry},
  year    = {2007},
  volume  = {31},
  pages   = {419--444},
  }
  
  
  

@InCollection{jakobson60,
  author    = {Jakobson, Roman},
  title     = {Linguistics and poetics},
  booktitle = {Style in language},
  publisher = {MIT Press},
  year      = {1960},
  editor    = {Sebeok, Thomas},
  pages     = {350--359},
  address   = {Cambridge},
  }
  


@Book{jarkey15,
  title     = {Serial verbs in {White} {Hmong}},
  publisher = {Brill},
  year      = {2015},
  author    = {Jarkey, Nerida},
  address   = {Leiden},
}


@Article{Jendraschek09,
  author  = {Jendraschek, Gerd},
  title   = {Switch-reference constructions in {Iatmul: Forms}, functions, and development},
  journal = {Lingua},
  year    = {2009},
  volume  = {119},
  number={9},
  pages   = {1316--1339},
  }
  

@InCollection{johns82,
  author    = {Johns, Brenda and Strecker, David},
  title     = {Aesthetic language in {White Hmong}},
  booktitle = {The {Hmong} in the {West: Observations} and reports},
  publisher = {Center for Urban and Regional Affairs, University of Minnesota},
  year      = {1982},
  editor    = { Downing, Bruce T. and Olney, Douglas P.},
  pages     = {160--169},
  address   = {Minneapolis},
  }
  
  
  
  
@InCollection{johnson99,
  author    = {Johnson, Allen W.},
  title     = {The political unconscious: {Stories} and politics in two {South American} cultures},
  booktitle = {Political psychology: {Cultural} and crosscultural foundations},
  publisher = {New York University Press},
  year      = {1999},
  editor    = {Renshon, Stanley, and  Duckitt, John},
  pages     = {159--181},
  address   = {New York},
  }
  
  
 @Book{johnson03,
  title     = {Families of the forest: {The Matsigenka Indians} of the {Peruvian} {Amazon}},
  publisher = {University of California Press},
  year      = {2003},
  author    = {Johnson, Allen W.},
  address   = {Berkeley},
}




@InCollection{johnstone01,
  author    = {Johnstone, Barbara},
  title     = {Discourse analysis and narrative},
  booktitle = {The handbook of discourse analysis},
  publisher = {Blackwell},
  year      = {2001},
  editor    = {Schiffrin, Deborah and Tannen, Deborah and Hamilton, Heidi},
  pages     = {635--649},
  address   = {Malden, MA},
  }
 
 
@InCollection{johnstone94,
  author    = {Johnstone, Barbara},
  title     = {Repetition in discourse: {{A}} dialogue},
  booktitle = {Repetition in discourse: {Interdisciplinary} perspectives},
  publisher = {Ablex Publishing Corporation},
  year      = {1994},
  editor    = {Johnstone, Barbara},
  pages     = {1--20},
  address   = {Norwood, NJ},
  }



@Book{joseph87,
  title     = {Modern {Greek}},
  publisher = {Croom Helm},
  year      = {1987},
  author    = {Joseph, Brian and Phillipaki-Warburton, Irene},
  address   = {London},
}


@Article{kim02,
  author  = {Kim, Haeyeon},
  title   = {The form and function of next-turn repetition in {English} conversation},
  journal = {Language Research},
  year    = {2002},
  volume  = {38},
  number={1},
  pages   = {51--81},
  }
  
  
  
@Book{kress06,
  title     = {Reading images: {The} grammar of visual design},
  publisher = {Routledge},
  year      = {2006},
  author    = {Kress, Gunther and van Leeuwen, Theo},
  address   = {2nd edn. London},
}

 
@InCollection{kroskrity98,
  author    = {Kroskrity, Paul V.},
  title     = {Arizona {Tewa} kiva speech as a manifestation of a dominant language ideology},
  booktitle = {Language ideologies: {Practice} and theory},
  publisher = {Oxford University Press},
  year      = {1998},
  editor    = {Schieffelin, Bambi B. and  Woolard, Kathryn A. and Kroskrity, Paul V.},
  pages     = {103--122},
  address   = {Oxford},
  }


@InCollection{Labov67,
  author    = {Labov, William and Waletzky, Joshua},
  title     = {Narrative analysis: {Oral} versions of personal experience},
  booktitle = {Discourse studies},
  publisher = {Sage},
  year      = {1967/2007},
  editor    = {van Dijk, Teun A.},
  pages     = {359--390},
  address   = {London},
}


@InCollection{lee12,
  author    = {Lee, Seung-Hee},
  title     = {Response design in conversation},
  booktitle = {The handbook of conversation analysis},
  publisher = {Wiley-Blackwell},
  year      = {2012},
  editor    = {Sidnell, Jack and Stivers, Tanya},
  pages     = {415--432},
  address   = {Boston, MA},
}



@Article{Lerner92,
  author  = {Lerner, Gene H.},
  title   = {Assisted story telling: {Deploying} shared knowledge as a practical matter},
  journal = {Qualitative Sociology},
  year    = {1992},
  volume  = {15},
  number={3},
  pages   = {247--271},
  }
  
  
@Book{logan08,
  title     = {Kasua sketch grammar},
  publisher = {SIL},
  url = {http://www-01.sil.org/pacific/png/abstract.asp?id=50999},
  urldate ={2018-08-10},
  year      = {2008},
  author    = {Logan, Tommy},
  address   = {Ukarumpa, PNG},
}


@Book{Longacre.1968,
  title     = {Philippine languages: {D}iscourse, paragraph and sentence Structure},
  publisher = {Publications in Linguistics and Related Fields. SIL},
  year      = {1968},
  author    = {Longacre, Robert E.},
  volume    = {21},
  address   = {Santa Ana},
}


@article{Longacre1970,
	author = {Longacre, Robert E.},
	journal = {Kivung},
	pages = {153--243},
		title = {Paragraph and sentence structure in {New Guinea Highland} languages},
	volume = {3},
	number = {3},
	year = {1970},
}
 %url = {http://www.langlxmelanesia.com/llmarchive.htm}
 
@InCollection{longacre79,
  author    = {Longacre, Robert E.},
  title     = {The paragraph as a grammatical unit},
  booktitle = {Semantics and syntax: {Discourse} and syntax},
  publisher = {Academic Press},
  year      = {2007},
  editor    = {Givón, Talmy},
    pages     = {115--134},
  address   = {New York},
}


@Book{longacre83,
  title     = {The grammar of discourse},
  publisher = {Plenum Press},
  year      = {1983},
  author    = {Longacre, Robert E.},
  address   = {New York},
}



@InCollection{longacre07,
  author    = {Longacre, Robert E.},
  title     = {Sentences as combinations of clauses},
  booktitle = {{Language} typology and syntactic description: {Complex} constructions},
  publisher = {Cambridge University Press},
  year      = {2007},
  editor    = {Shopen, Timothy},
  volume    = {2},
  pages     = {372--420},
  address   = {Cambridge},
}


@book{Leung1991,
	author = {Leung, Elizabeth Woon-Yi},
	publisher = {Cornell University},
	series = {Working Papers of the Cornell Phonetics Laboratory},
	number = {6},
	title = {The tonal phonology of {Llogoori}: {{A}} study of {Llogoori} verbs},
	year = {1991},
	address = {Ithaca},
}


@article{Marlo2008,
	author = {Marlo, Michael R.},
	journal = {Studies in African Linguistics},
	pages = {153--243},
	title = {Tura verbal tonology},
	volume = {37},
	year = {2008}
}
  
@article{Loos1963,
	author = {Loos, Eugene E.},
	journal = {Texas Studies in Literature and Language},
	pages = {697--742},
	title = {Capanahua narration structure},
	volume = {7},
	year = {1963}
}

@Book{Mackridge85,
  title     = {The {Modern Greek} language: {{A}} descriptive analysis of {Standard Modern Greek}},
  publisher = {Oxford University Press},
  year      = {1985},
  author    = {Mackridge, Peter},
  address   = {Oxford},
}


@Article{Martin1998,
  author    = {Martin, Jack},
  title     = {Notes on switch-reference in {Creek}},
  journal = {Santa Barbara papers in linguistics: Proceedings from the first workshop on American indigenous languages},
  year    = {1998},
  volume  = {8},
  pages   = {97--107},
  }

  
  

@InCollection{martin01,
  author    = {Martin, James R.},
  title     = {Cohesion and texture},
  booktitle = {The handbook of discourse analysis},
  publisher = {Blackwell},
  year      = {2001},
  editor    = {Schiffrin, Deborah and Tannen, Deborah and Hamilton, Heidi},
  pages     = {35--53},
  address   = {Malden, MA},
}


@InCollection{maze12,
  author    = {Mazeland, Harrie},
  title     = {Grammar in conversation},
  booktitle = {The handbook of conversation analysis},
  publisher = {Wiley-Blackwell},
  year      = {2012},
  editor    = {Sidnell, Jack and Stivers, Tanya},
  pages     = {475--491},
  address   = {Boston, MA},
}



@InProceedings{McKay.2008,
  author    = {McKay, Graham},
  title     = {{Cohesive} features in {Rembarrnga} narratives},
  booktitle = {{Selected} papers from the 2007 Conference of the {Australian} {Linguistic} {Society}},
  year      = {2008},
  editor    = {Curnow, Timothy J.},
}

@Misc{michael10,
  author = {Michael, Lev},
  title  = {Phonological reconstruction of the {Kampan} branch of {Arawak}},
  year   = {2010},
  note   = {Paper presented at the Workshop on American Indian Languages, 29 April 2010},
}


@phdthesis{michael08,
 title     = {Nanti evidential practice: {Language}, knowledge, and social action in an {Amazonian} society},
  school = {University of Texas},
  year      = {2008},
  author    = {Michael, Lev},
  type   = {PhD Dissertation},
  address ={Austin, USA},
}


@Book{mihas15,
  title     = {A grammar of {Alto Perené} ({Arawak})},
  publisher = {Mouton De Gruyter},
  year      = {2015},
  author    = {Mihas, Elena},
  address   = {Berlin},
}

@InCollection{Mould1981,
  author    = {Mould, Martin},
  title     = {Greater {Luyia}},
  booktitle = {Studies in the classification of {Eastern} {Bantu} languages},
  publisher = {Helmut Buske Verlag},
  editor    = {Hinnebusch, Thomas H. and  Nurse , Derek and  Mould, Martin},
  year      = {1981},
  pages     = {181--256},
  address   = {Hamburg},
}


@InCollection{Miller1995,
  author    = {Miller, Jim},
  title     = {Does spoken language have sentences?},
  booktitle = {Grammar and meaning: {Essays} in honour of {Sir John Lyons}},
  publisher = {Cambridge University Press},
  editor    = {Palmer Frank R.},
  year      = {1981},
  pages     = {116--135},
  address   = {Cambridge},
}

@InCollection{Mithun2005,
  author    = {Mithun, Marianne},
  title     = {On the assumption of the sentence as the basic unit of syntactic structure},
  booktitle = {Linguistic diversity and language theories},
  publisher = {John Benjamins},
  editor    = {Frajzyngier, Zygmunt and Hodges, A. and Rood, David S.},
  year      = {2005},
  pages     = {169--183},
  address   = {Amsterdam},
}



@InCollection{Mithun2009,
  author    = {Mithun, Marianne},
  title     = {Re(e)volving complexity: {Adding} intonation},
  booktitle = {Syntactic complexity: {Diachrony}, acquisition, neuro-cognition, evolution},
  publisher = {John Benjamins},
  editor    = {Givón, Talmy and Shibatani, Masayoshi},
  year      = {2005},
  pages     = {53--80},
  address   = {Amsterdam},
}


@Misc{mortensen03,
  author = {Mortensen, David R.},
  title  = {Hmong elaborate expressions are coordinate compounds},
  year = {2003},
  note   = {Unpublished manuscript},
  url = {http://www.davidmortensen.org/papers.html},
  urldate = {2018-07-31}
}


@Article{Muntigl98,
  author  = {Muntigl, Peter and Turnbull, William},
  title   = {Conversational structure and facework in arguing},
  journal = {Journal of Pragmatics},
  year    = {1998},
  volume  = {29},
  number={3},
  pages   = {225--256},
  }

@Article{norrick87,
  author  = {Norrick, Neal R.},
  title   = {Functions of repetition in conversation},
  journal = {Text},
  year    = {1987},
  volume  = {7},
  number={3},
  pages   = {245--264},
  }



@book{Nichols1976,
		author = {Nichols, Sandra  and   Ssenyonga, Joseph},
	publisher = {University of California Media Center},
	title = {Maragoli},
	address = {Berkeley},
	year = {1976},
}


@InCollection{ochs96,
  author    = {Schegloff, Emanuel A. and Ochs, Elinor and Thompson, Sandra A.},
  title     = {Introduction},
  booktitle = {Interaction and grammar},
  publisher = {Cambridge University Press},
  year      = {1996},
  editor    = {Ochs, Elinor and Schegloff, Emanuel A. and Thompson, Sandra A.},
  pages     = {1--51},
  address   = {Cambridge},
}

@InCollection{Nurse2003,
  author    = {Nurse, Derek},
  title     = {Aspect and tense in {Bantu} languages},
  booktitle = {The {Bantu} languages},
  publisher = {Routledge},
  year      = {2003},
  editor    = {Nurse, Derek and Philippson, Gérard},
  pages     = {90--102},
  address   = {New York},
}

@Misc{sarvasyforth,
  author = {Sarvasy, Hannah},
  title  = {A typology of clause chains},
   year   = {forthcoming},
}



@InCollection{Sarvasy2016,
  author    = {Sarvasy, Hannah},
  title     = {The future in {Logoori} oral texts},
  booktitle = {Diversity in {African} Languages: {Selected} papers from the 46\textsuperscript{th} annual conference on {African} linguistics},
  publisher = {Language Science Press},
  year      = {2016},
  editor    = {Payne, Doris L. and  Pachiarotti, Sara and  Bosire, Mokaya},
  pages     = {201--218},
  address   = {Berlin},
}


@Book{overall17,
  title     = {A grammar of {Aguaruna}},
  publisher = {Mouton de Gruyter},
  year      = {2017},
  author    = {Overall, Simon E.},
  address   = {Berlin},
}


@InCollection{overall14,
  author    = {Overall, Simon E.},
  title     = {Clause chaining, switch reference, and nominalizations in {Aguaruna} ({Jivaroan})},
  booktitle = {Information structure and reference tracking in complex sentences},
  publisher = {John Benjamins},
  year      = {2014},
  editor    = {van  Gijn, Rik and Hammond, Jeremy and Mati{\'c}, Dejan and {van} Putten, Saskia and Vilacy Galucio, Ana},
  pages     = {309--340},
  address   = {Amsterdam},
}




@Book{palmer09,
  title     = {Kokota grammar},
  publisher = {University of Hawai'i Press},
  year      = {2009},
  author    = {Palmer, Bill},
  address   = {Honolulu},
}


@Book{payne81,
  title     = {The phonology and morphology of {Axininca C}ampa},
  publisher = {Summer Institute of Linguistics},
  year      = {1981},
  author    = {Payne, David L.},
  address   = {Arlington, TX},
}


@Misc{Pennington2015,
  author = {Pennington, Ryan},
  title  = {Bridging linkage in {Ma Manda}},
  year   = {2015},
  note   = {Paper presented at the special workshop of the Language and Culture Research Centre entitled ``Bridging linkage in cross-linguistic perspective'', James Cook University, Cairns, Australia, 24--25 February 2015},
}


@Misc{Pensalfini,
  author = {Pensalfini, Rob},
  title  = {Canonical and non-canonical bridging constructions in {Jingulu}},
  year   = {2015},
  note   = {Paper presented at the special workshop of the Language and Culture Research Centre entitled ``Bridging linkage in cross-linguistic perspective'', James Cook University, Cairns, Australia, 24-25 February 2015},
}



@Article{Phinnemore1998,
  author  = {Phinnemore, Penny},
  title   = {Coordination in {Ono}},
  journal = {Language and Linguistics in Melanesia},
  year    = {1998},
  volume  = {19},
  number={1--2},
  pages   = {97--123},
  }


@phdthesis{Plattel2013,
 title     = {Tail-head linkage in het {Biak} vergeleken met herhalingen in het {Nederlands}},
  school = {Universiteit Utrecht},
  year      = {2013},
  author    = {Plattèl, Marieta},
  type   = {MA thesis},
  address ={The Netherlands},
}


@InCollection{pomeratz84,
  author    = {Pomerantz, Anita},
  title     = {Agreeing and disagreeing with assessments: {Some} features of preferred/dispreferred turn shapes},
  booktitle = {Structures of social action: {S}tudies in conversation analysis},
  publisher = {Cambridge University Press},
  year      = {1984},
  editor    = {Atkinson, J. Maxwell and Heritage, John},
  pages     = {57--101},
  address   = {Cambridge},
}



@InCollection{prince81,
  author    = {Prince, Ellen},
  title     = {Towards a taxonomy of given-new information},
  booktitle = {Radical	Pragmatics},
  publisher = {Academic Press},
  year      = {1981},
  editor    = {Cole, Peter},
  pages     = {223--256},
  address   = {New York},
}



@Article{raymond03,
  author  = {Raymond, Geoffrey},
  title   = {Grammar and social organization: {Yes/No} interrogatives and the structure of responding},
  journal = {American Sociological Review},
  year    = {2003},
  volume  = {68},
  number={6},
  pages   = {939--967},
  }



@Book{reesink87,
  title     = {Structures and their functions in {Usan}: {A Papuan} language of {Papua New Guinea}},
  publisher = {John Benjamins},
  year      = {1987},
  author    = {Reesink, Ger P.},
  address   = {Amsterdam},
}



@InCollection{reesink94,
  author    = {Reesink, Ger P.},
  title     = {Domain-creating constructions in {Papuan} languages},
  booktitle = {Topics in descriptive {Papuan} linguistics},
  publisher = {Leiden University},
  year      = {2000},
  editor    = {Reesink, Ger P.},
  pages     = {98--121},
  address   = {Leiden},
}


@Book{renard04,
  title     = {El dios {Yabirebi} y su cargado {Yayenshi/Yaviteri} inti yayenshi igíane},
  publisher = {IFEA/Lluvia Editores},
  year      = {1981},
  author    = {Renard-Casevitz, France-Marie and Pacaia, Cristóbal},
  address   = {Edición bilingüe Matsiguenka-Español. Biblioteca Andina de Bolsillo, 21. Lima},
}


@Book{renard91,
  title     = {Le banquet masqué: {U}ne mythologie de l'étranger chez les indiens {Matsiguenga}},
  publisher = {Lierre and Coudrier},
  year      = {1981},
  author    = {Renard-Casevitz, France-Marie},
  address   = {Paris},
}

@InCollection{rosengren00,
  author    = {Rosengren, Dan},
  title     = {The delicacy of community: {On} kisagantsi in {Matsigenka} narrative discourse},
  booktitle = {The anthropology of love and anger: {The} aesthetics of conviviality in {Native Amazonia}},
  publisher = {Routledge},
  year      = {2000},
  editor    = {Overing, Joanna and  Passes, Allan},
  pages     = {309--340},
  address   = {London},
}



@Article{rosengren06,
  author  = {Rosengren, Dan},
  title   = {Transdimensional relations: {On} human-spirit interaction in the {Amazon}},
  journal = {Journal of the Royal Anthropological Institute},
  year    = {2006},
  volume  = {12},
  number = {4},
  pages   = {803--816},
  }
  

@Book{sacks95,
  title     = {Lectures on conversation},
  publisher = {Blackwell},
  year      = {1995},
  author    = {Sacks, Harvey},
  address   = {Oxford},
}



@Article{schegloff77,
  author  = {Schegloff, Emanuel A. and Jefferson, Gail and Sacks, Harvey},
  title   = {The preference for self-correction in the organization of repair in conversation},
  journal = {Language},
  year    = {1977},
  volume  = {53},
  number = {2},
  pages   = {361--382},
  }

@Article{schegloff68,
  author  = {Schegloff, Emanuel A.},
  title   = {Sequencing in conversational openings},
  journal = {American Anthropologist},
  year    = {1968},
  volume  = {70},
  number = {6},
  pages   = {1075--1095},
  }

@InCollection{schegloff87,
  author    = {Schegloff, Emanuel A.},
  title     = {Recycled turn beginnings: {{A}} precise repair mechanism in conversation’s turn-taking organisation},
  booktitle = {Talk and social organization},
  publisher = {Multilingual Matters},
  year      = {1987},
  editor    = {Button, Graham and Lee, John},
  pages     = {70--85},
  address   = {Clevedon},
}


@Article{schegloff96a,
  author  = {Schegloff, Emanuel A.},
  title   = {Confirming allusions: {Toward} an empirical account of action},
  journal = {American Journal of Sociology},
  year    = {1996},
  volume  = {102},
  number = {1},
  pages   = {161--216},
  }


@InCollection{schegloff96b,
  author    = {Schegloff, Emanuel A.},
  title     = {Turn organization: {One} intersection of grammar and interaction},
  booktitle = {Interaction and grammar},
  publisher = {Cambridge University Press},
  year      = {1996},
  editor    = {Ochs, Elinor and Schegloff, Emanuel A. and Thompson, Sandra A.},
   pages     = {52--133},
  address   = {Cambridge},
}



@Article{schegloff97,
  author  = {Schegloff, Emanuel A.},
  title   = {Practices and actions: {Boundary} cases of other-initiated repair},
  journal = {Discourse Processes},
  year    = {1997},
  volume  = {23},
  number = {3},
  pages   = {499--545},
  }




@InCollection{schegloff06,
  author    = {Schegloff, Emanuel A.},
  title     = {Interaction: {The} infrastructure for social institutions, the natural ecological niche for language, and the arena in which culture is enacted},
  booktitle = {Roots of human sociality: {C}ulture, cognition, and interaction},
  publisher = {Berg},
  year      = {2006},
  editor    = {Enfield, N. J. and Levinson, Stephen C.},
   pages     = {70--96},
  address   = {London},
}



@Book{schegloff07,
  title     = {Sequence organization in interaction},
  publisher = {Cambridge University Press},
  year      = {2007},
  author    = {Schegloff, Emanuel A.},
  address   = {Cambridge},
}


@phdthesis{Schokkin13,
 title     = {A grammar of {Paluai}, the language of {Baluan Island, Papua New Guinea}},
  school = {James Cook University},
  year      = {2013},
  author    = {Schokkin, Gerda},
  type   = {PhD Dissertation},
  address ={Cairns, Australia},
}


@InCollection{schulze73,
  author    = {Schulze, Marlene and Bieri, Dora},
  title     = {Chaining and spotlighting: {Two} types of paragraph boundaries in {Sunwar}},
  booktitle = {Clause, sentence, and discourse patterns in selected languages of {Nepal}},
  publisher = {SIL Oklahoma and Tribhuvan Universtity Press},
  year      = {1973},
  editor    = {Davis, Irvine},
   pages     = {389--399},
  address   = {Tribhuvan University, Kathmandu},
}

@Article{seifart10,
  author  = {Seifart, Frank},
  title   = {The {Bora} connector pronoun and tail-head linkage: {A} study in language-specific grammaticalization},
  journal = {Linguistics},
  year    = {2010},
  volume  = {48},
  number ={2},
  pages   = {893--918},
}

@InCollection{Selting01,
  author    = {Couper-Kuhlen, Elizabeth and Selting, Margret},
  title     = {Introducing interactional linguistics},
  booktitle = {Studies in interactional linguistics},
  publisher = {John Benjamins},
  year      = {2001},
  editor    = {Selting, Margret and Couper-Kuhlen, Elizabeth},
   pages     = {1--22},
  address   = {Amsterdam},
}



@Article{shaw86,
  author  = {Shaw, Daniel},
  title   = {The {Bosavi} language family},
  journal = {Papers in New Guinea linguistics},
  year    = {1986},
  volume  = {24},
  pages   = {45--76},
}




@Article{shepard02,
  author  = {Shepard, Glenn H.},
  title   = {Three days for weeping: {Dreams}, emotions, and death in the {Peruvian Amazon}},
  journal = {Medical Anthropology Quarterly},
  year    = {2002},
  volume  = {16},
  number ={2},
  pages   = {200--229},
}





@InCollection{silverstein76,
  author    = {Silverstein, Michael},
  title     = {Shifters, linguistic categories, and cultural description},
  booktitle = {Meaning in anthropology},
  publisher = {University of New Mexico Press},
  year      = {1976},
  editor    = {Basso, Keith and Selby, Henry A.},
   pages     = {1--53},
  address   = {Albuquerque},
}

@InCollection{silverstein93,
  author    = {Silverstein, Michael},
  title     = {Metapragmatic discourse and metapragmatic function},
  booktitle = {Reflexive language: {Reported} speech and metapragmatics},
  publisher = {Cambridge University Press},
  year      = {1993},
  editor    = {Lucy, John A.},
   pages     = {33--58},
  address   = {Cambridge},
}


@InCollection{sorjonen96,
  author    = {Sorjonen, Marja-Leena},
  title     = {On repeats and responses in {Finnish} conversations},
  booktitle = {Interaction and grammar},
  publisher = {Cambridge University Press},
  year      = {1996},
  editor    = {Ochs, Elinor and Schegloff, Emanuel A. and Thompson, Sandra A.},
   pages     = {277--327},
  address   = {Cambridge},
}

@Book{Sarvasy2017,
  title     = {{A} grammar of {Nungon: A Papuan} language of {Northeast New Guinea}},
  publisher = {Brill},
  year      = {2017},
  author    = {Sarvasy, Hannah},
  address   = {Leiden},
}



@Book{stirling93,
  title     = {Switch-reference and discourse representation},
  publisher = {Cambridge University Press},
  year      = {1993},
  author    = {Stirling, Lesley},
  address   = {Cambridge},
}



@Article{stiversHayashi10,
  author  = {Stivers, Tanya and Hayashi, Makoto},
  title   = {Transformative answers: {One} way to resist a question’s constraints},
  journal = {Language in Society},
  year    = {2010},
  volume  = {39},
  number ={1},
  pages   = {1--25},
}


@Article{stivers10,
  author  = {Stivers, Tanya},
  title   = {Modified repeats: {One} method for asserting primary rights from second position},
  journal = {Research on Language and Social Interaction},
  year    = {2005},
  volume  = {38},
  number ={2},
  pages   = {131--158},
}

@InCollection{stivers11,
  author    = {Stivers, Tanya},
  title     = {Morality and question design: `{Of} course' as contesting a presupposition of askability},
  booktitle = {The morality of knowledge in conversation},
  publisher = {Cambridge University Press},
  year      = {2011},
  editor    = {Stivers, Tanya and Mondada, Lorenza and Steensig, Jakob},
   pages     = {82--106},
  address   = {Cambridge},
}



@Article{tannen87,
  author  = {Tannen, Deborah},
  title   = {Repetition in conversation: {Towards} a poetics of talk},
  journal = {Language},
  year    = {1987},
  volume  = {63},
  number ={3},
  pages   = {574--605},
}

@Book{tannen89,
  title     = {Talking voices: {Repetition}, dialogue, and imagery in conversational discourse},
  publisher = {Cambridge University Press},
  year      = {1989},
  author    = {Tannen, Deborah},
  address   = {Cambridge},
}



@Book{Thompson15,
  title     = {Grammar in everyday talk: {B}uilding responsive actions},
  publisher = {Cambridge University Press},
  year      = {2015},
  author    = {Thompson, Sandra A. and Fox, Barbara A. and Couper-Kuhlen, Elizabeth},
  address   = {Cambridge},
}


@book{Nurse2008,
	title = {Tense and aspect in {Bantu}},
	address = {Oxford},
	author = {Nurse, Derek},
	publisher = {Oxford University Press},
	year = {2008},
}


%
@InCollection{Thompson.et.al.2007,
  author    = {Thompson, Sandra A. and Longacre, Robert E. and Hwang, Shin Ja J.},
  title     = {{Adverbial} clauses},
  booktitle = {{Language} typology and syntactic description: {Complex} constructions},
  publisher = {Cambridge University Press},
  year      = {2007},
  editor    = {Shopen, Timothy},
  volume    = {2},
  pages     = {237--300},
  address   = {Cambridge},
}

@Article{Thurman1975,
  author  = {Thurman, Robert C.},
  title   = {Chuave medial verbs},
  journal = {Anthropological Linguistics},
  year    = {1975},
  volume  = {17},
  number ={7},
  pages   = {342--352},
}



@Article{tyler94,
  author  = {Tyler, Andrea},
  title   = {The role of repetition in perceptions of discourse coherence},
  journal = {Journal of Pragmatics},
  year    = {1994},
  volume  = {21},
  number ={6},
  pages   = {671--688},
}


@Book{Dijk77,
  title     = {Text and context: {Explorations} in the semantics and pragmatics of discourse},
  publisher = {Longman},
  year      = {1977},
  author    = {van Dijk, Teun A.},
  address   = {London},
}



@Book{enk97,
  title     = {The {Korowai} of {Irian Jaya}. {Their} language in its cultural context},
  publisher = {Oxford University Press},
  year      = {1997},
  author    = {van Enk, Gerrit J. and de Vries, Lourens },
  address   = {Oxford},
}


@InCollection{vangijn14,
  author    = {van Gijn, Rik},
  title     = {Repeated dependent clauses in {Yurakar}é},
  booktitle = {Information structure and reference tracking in complex sentences},
  publisher = {John Benjamins},
  year      = {2014},
  editor    = {van Gijn, Rik and Hammond, Jeremy and Mati{\'c}, Dejan and {van} Putten, Saskia and Vilacy Galucio, Ana},
   pages     = {291--308},
  address   = {Amsterdam},
}



@article{kleef88,
  title={Tail-head linkage in {Siroi}},
  author={van Kleef, Sjaak},
  journal={Language and Linguistics in Melanesia},
  volume={20},
  pages={147--156},
  year={1988},
 }
 
 

@article{valin84,
  title={A typology of syntactic relations in clause linkage},
  author={Van Valin Jr, Robert D.},
  journal={Proceedings of the tenth annual meeting of the {Berkeley Linguistics Society}},
  pages={542--558},
  year={1984},
 }
 
 

@Misc{vargas13,
  author = {Vargas Pereira, Haroldo and Vargas Pereira, José},
  title  = {Matsigenka Texts},
  year   = {2013},
  url = {http://www.cabeceras.org/ldm_publications/mcb_text_collection_30jun2013_v1.pdf},
  urldate ={2018-09-07},
}

@Misc{PRAAT,
  author = {Boersma, Paul and Weenink, David},
  title  = {Praat: {D}oing phonetics by computer. {C}omputer program, version 6.0.46},
  year   = {2019},
  url = {http://www.praat.org},
  urldate ={2019-01-03},
}



@article{castro98,
  title={Cosmological deixis and {Amerindian} perspectivism},
  author={Viveiros de Castro, Eduardo},
  journal={Journal of the Royal Anthropological Institute},
  volume={4},
  number ={3},
  pages={469--488},
  year={1998},
 }
 

@article{voorhoeve68,
  title={The Central and {South New Guinea Phylum: A} report on the language situation in south {New Guinea}},
  author={Voorhoeve, Clemens L.},
  journal={Pacific Linguistics A. Occasional Papers},
  volume={16},
  pages={1--17},
  year={1968},
 }


@phdthesis{vuill12,
 title     = {A grammar of {Ese Ejja, a T}akanan language of the {Bolivian Amazon}},
  school = {Université Lumière Lyon 2},
  year      = {2017},
  author    = {Vuillermet, Marine},
  type   = {PhD Dissertation},
  address ={Lyon, France},
}




@Article{webster13,
  author  = {Webster, Anthony K. and Kroskrity, Paul V.},
  title   = {Introducing ethnopoetics: {Hymes}'s legacy},
  journal = {Journal of Folklore Research},
  year    = {2013},
  volume  = {50},
  number ={1},
  pages   = {1--11},
}




@phdthesis{wester14,
 title     = {A linguistic history of {Awyu-Dumut: M}orphological study and reconstruction of a {Papuan Language Family}},
  school = {Vrije Universiteit},
  year      = {2009},
  author    = {Wester, Ruth},
  type   = {PhD Dissertation},
  address ={Amsterdam},
}

@phdthesis{kasia17,
 title     = {A grammar of {Murui} ({Bue}): {A Witotoan} language of {Northwest Amazonia}},
  school = {James Cook University},
  year      = {2017},
  author    = {Wojtylak, Katarzyna I.},
  type   = {PhD Dissertation},
  address ={Cairns, Australia},
}
  


@Article{wong10,
  author  = {Wong, Jean},
  title   = {Repetition in conversation: {{A}} look at ``first and second sayings''},
  journal = {Research on Language and Social Interaction},
  year    = {2000},
  volume  = {33},
  number ={4},
  pages   = {407--424},
}




@Article{Yuasa02,
  author  = {Yuasa, Etsuyo and Sadock, Jerrold M.},
  title   = {Pseudo-subordination: {{A}} mismatch between syntax and semantics},
  journal = {Journal of Linguistics},
  year    = {2002},
  volume  = {38},
  number ={1},
  pages   = {87--111},
}




@Book{wurm78,
  title     = {New {Guinea} phylum of languages},
  publisher = {Australian National University},
  year      = {1978},
  author    = {Wurm, Stephen A.},
  series = {Pacific Linguistics},
  number = {D11},
  address   = {Canberra},
}



@InCollection{Alekseev.Radzhabov.2004,
  author    = {Alekseev, Mikhail E. and Radžabov, Ramazan N.},
  title     = {{Tsez}},
  booktitle = {{The} indigenous languages of the {Caucasus}, vol. 3: {The} {North} {East} {Caucasian} languages, part 1},
  publisher = {Caravan Books},
  year      = {2004},
  editor    = {Job, Michael},
  pages     = {115--168},
  address   = {Ann Arbor},
}

 
@Book{Forker.2013a,
  title     = {{A} grammar of {Hinuq}},
  publisher = {de Gruyter},
  year      = {2013},
  author    = {Forker, Diana},
  address   = {Berlin},
  isbn      = {9783110303766},
}



@Book{Khalilova.2009,
  title     = {{A} grammar of {Khwarshi}},
  publisher = {LOT},
  year      = {2009},
  author    = {Khalilova, Zaira},
  address   = {Utrecht},
}

@Book{vandenBerg.1995,
  title     = {A Grammar of {Hunzib}: {With} texts and lexicon},
  publisher = {Lincom},
  year      = {1995},
  author    = {van den Berg, Helma},
  address   = {Munich}
}

@InCollection{Kibrik.Testelets.2004,
  author    = {Kibrik, Aleksandr E. and Testelec, Jakov G.},
  title     = {{Bezhta}},
  booktitle = {{The} indigenous languages of the {Caucasus}, vol. 3: {The} {North} {East} {Caucasian} languages, part 1},
  publisher = {Caravan Books},
  year      = {2004},
  editor    = {Job, Michael},
  pages     = {217--295},
  address   = {Ann Arbor},
}

@InCollection{Comrie.Polinsky.InPreparation,
  author    = {Comrie, Bernard and Polinsky, Maria},
  title     = {Tsez},
  booktitle = {The {Caucasian} Languages: {{A}}n International Handbook},
  publisher = {Mouton},
  year      = {forthcoming},
  editor    = {Koryakov, Yuri and Lander, Yury and Maisak, Timur},
  series    = {HSK series},
}





@InCollection{Comrie.Forker.Khalilova.2012,
  author    = {Comrie, Bernard and Forker, Diana and Khalilova, Zaira},
  title     = {{Adverbial} clauses in the {Tsezic} languages},
  booktitle = {{Clause}-combining in cross-linguistic perspective},
  publisher = {de Gruyter},
  year      = {2012},
  editor    = {Diessel, Holger and Gast, Volker},
  pages     = {157--190},
  address   = {Berlin},
}

@Article{Forker.2013b,
  author  = {Forker, Diana},
  title   = {{Microtypology} and the {Tsezic} languages: {{A}} case study of syntactic properties of converbal clauses},
  journal = {SKY Journal of Linguistics},
  year    = {2013},
  volume  = {26},
  pages   = {21--40},
}



@Book{Maisak.2014,
  title     = {{Agul}ʹskie teksty 1900-1960-x godov},
  publisher = {Academia},
  year      = {2014},
  author    = {Maisak, Timur},
  address   = {Moscow},
  isbn      = {9785874443856},
}

@Book{Abdulaev.Abdullaev.2010,
  title     = {{Didojskij} (cezskij) fol'klor},
  publisher = {Lotos},
  year      = {2010},
  author    = {Abdulaev, Arsen K. and Abdullaev, I. K.},
  address   = {Makhachkala},
  isbn      = {5-91471-048-0},
}

@Book{Karimova.2014,
  title     = {{Xwarshinskij} folklor},
  publisher = {MPI EVA},
  year      = {2014},
  author    = {Karimova, Raisat Sh},
  address   = {Leipzig},
}

@Article{Khalilova.2011,
  author  = {Khalilova, Zaira},
  title   = {Evidentiality in {Tsezic} Languages},
  journal = {Linguistic Discovery},
  year    = {2011},
  volume  = {9},
  pages   = {30--48},
}

@InCollection{Bickel.2010,
  author    = {Bickel, Balthasar},
  title     = {{Capturing} particulars and universals in clause linkage: {{A}} multivariate analysis},
  booktitle = {{Clause} linking and clause hierarchy: {Syntax} and pragmatics},
  publisher = {Benjamins},
  year      = {2010},
  editor    = {Bril, Isabelle},
  pages     = {51--101},
  address   = {Amsterdam},
}

@InCollection{Comrie.et.al.2016,
  author    = {Comrie, Bernard and Forker, Diana and Khalilova, Zaira},
  title     = {Insubordination in the {Tsezic} languages},
  booktitle = {The dynamics of insubordination},
  publisher = {John Benjamins},
  editor    = {Evans, N. J. and Watanabe, Honoré},
  year      = {2016},
  pages     = {171--182},
  address   = {Amsterdam},
}

@Article{Forker.2015,
  author  = {Forker, Diana},
  title   = {{Towards} a semantic map for intensifying particles: {Evidence} from {Avar}},
  journal = {{Language} {Typology} and {Universals}},
  year    = {2015},
  volume  = {68},
  pages   = {485--513},
}

@Misc{Maisak.2010,
  author = {Maisak, Timur},
  title  = {{P}redicate topicalization in {East} {Caucasian} languages},
  year   = {2010},
  note   = {Presentation at the {SWL 4 Conference, Lyon, 23--26 S}eptember 2010},
}

@Unpublished{Polinsky.InPreparation,
  author = {Polinsky, Maria},
  title  = {{Tsez} syntax},
  note = {Ms. Harward University},
  year = {forthcoming},
}

@Book{Radjabov.1999,
  title     = {Sintaksis cezskogo jazyka},
  publisher = {MGLU},
  year      = {1999},
  author    = {Radžabov, Ramazan N.},
  address   = {Moscow},
}

@Book{Comrie.et.al.2015,
  title     = {Grammatika bežtinskogo jazyka},
  publisher = {Aleph},
  year      = {2015},
  author    = {Comrie, Bernard and Khalilov, Madzhid and Khalilova, Zaira},
  address   = {Makhachkala},
}

@Article{Jakobson.1966,
  author  = {Jakobson, Robert},
  title   = {Grammatical parallelism and its {Russian} facet},
  journal = {{L}anguage},
  year    = {1966},
  volume  = {42},
  pages   = {398--429},
}

@Book{Fabb.2015,
  title     = {{W}hat is Poetry? {Language} and Memory in the Poems of the World},
  publisher = {Cambridge University Press},
  year      = {2015},
  author    = {Fabb, Nigel},
  address   = {Cambridge},
}

@Book{Fox.2014,
  title     = {{E}xplorations in Semantic Parallelism},
  publisher = {ANU Press},
  year      = {2014},
  author    = {Fox, James J.},
  address   = {Canberra},
}



@Article{adam01,
  author  = {Adam, Jean-Michel},
  title   = {Types de textes ou genres de discours ? {Comment} classer les textes qui disent de et comment faire ?},
  journal = {{L}angages},
  year    = {2001},
  volume  = {141},
   pages   = {10--27},
}



@Book{besnier00,
  title     = {Tuvaluan: {{A}} {Polynesian} language of the {Central Pacific}},
  publisher = {Routledge},
  year      = {2014},
  author    = {Besnier, Niko},
  address   = {London},
}


@InCollection{bril10,
  author    = {Bril, Isabelle},
  title     = {Informational and referential hierarchy: {Clause}-linking strategies in {Austronesian-Oceanic} languages},
  booktitle = {{Clause} linking and clause hierarchy: {Syntax} and pragmatics},
  publisher = {John Benjamins},
  editor    = {Bril, Isabelle},
  year      = {2010},
  pages     = {269--312},
  address   = {Amsterdam},
}




@phdthesis{cleary15,
 title     = {Serial Verb Constructions Revisited: {A} Case Study from {Koro}},
  school = {University of California, Berkeley},
  year      = {2017},
  author    = {Cleary-Kemp, Jessica},
}



  @book{crowley98,
  title={An {Erromangan (Sye)} grammar},
  author={Crowley, Terry},
  year={1998},
  publisher={University of Hawai'i Press},
address={Honolulu},
}



@Article{delpech08,
  author  = {Delpech, Estelle and Saint-Dizier, Patrick},
  title   = {Investigating the structure of procedural texts for answering how-to questions},
  journal = {Proceedings of the {I}nternational {C}onference on {L}anguage {R}esources and {E}valuation},
  year    = {2008},
  pages ={46--51},
  url = {http://www.lrec-conf.org/proceedings/lrec2008/pdf/20_paper.pdf},
  urldate ={2018-08-08}
}



@Article{fontan08,
  author  = {Fontan, Lionel and  Saint-Dizier, Patrick},
  title   = {Analyzing the explanation structure of procedural texts: {Dealing} with advice and warnings},
  journal = {Proceedings of the 2008 {C}onference on {S}emantics in {T}ext {P}rocessing},
  year    = {2008},
  pages ={115--127},
  url = {https://dl.acm.org/citation.cfm?id=1626491},
  urldate ={2018-08-08}
}


  @book{hamel88,
  title={A grammar and lexicon of {Loniu, Papua New Guinea}},
  author={Hamel, Patricia},
  year={1988},
  publisher={The Australian National University},
  series = {Pacific Linguistics},
  number = {C103},
address={Canberra},
}



@Article{lee01,
  author  = {Lee, David Y. W.},
  title   = {Genres, registers, text types, domains, and styles: {Clarifying} the concepts and navigating a path through the {BNC} jungle},
  journal = {Language Learning and Technology},
  year    = {2001},
  volume  = {5},
  number={3},
  pages   = {37--72},
}

  @book{Lichtenberk83,
  title={A grammar of {Manam}},
  author={Lichtenberk, Frantisek},
  year={1983},
  publisher={University of Hawai'i Press},
address={Honolulu},
}






@Article{Lithgow95,
  author  = {Lithgow, David},
  title   = {Reduplication for past actions in {Auhelawa}},
  journal = {Language and Linguistics in Melanesia},
  year    = {1995},
  volume  = {26},
  number = {1},
  pages   = {89--95},
}


  @book{lynch02,
  title={The {Oceanic} languages},
  author={Lynch, John and  Ross, Malcolm and  Crowley, Terry},
  year={2002},
  publisher={Curzon},
address={Richmond},
}





@Article{Schneider09,
  author  = {Schneider, Cynthia},
  title   = {Information structure in {Abma}},
  journal = {Oceanic Linguistics},
  year    = {2009},
  volume  = {48},
  number={1},
  pages   = {1--35},
}


  @book{Schneider10,
  title={A grammar of {Abma: A} language of {Pentecost Island, Vanuatu}},
  author={Schneider, Cynthia},
  year={2010},
  publisher={The Australian National University},
  series = {Pacific Linguistics},
  number = {608},
address={Canberra},
}




@Article{Schokkin14,
  author  = {Schokkin, Dineke},
  title   = {Discourse practices as an areal feature in the {New Guinea} region? {Explorations} in {Paluai}, an {Austronesian} language of the {Admiralties}},
  journal = {Journal of Pragmatics},
  year    = {2014},
  volume  = {62},
  pages   = {107--120},
}



@book{Thieberger06,
  title={A grammar of {South Efate: An Oceanic} language of {Vanuatu}},
  author={Thieberger, Nicholas},
  year={2006},
  publisher={University of Hawai'i Press},
address={Honolulu},
}

%
%
%@article{Botne2009,
%	author = {Botne, Robert},
%	journal = {Studies in {A}frican {L}inguistics},
%	number = {2},
%	pages = {93--112},
%	title = {The curious case of auxiliary -many’a in {L}witaxo},
%	volume = {38},
%	year = {2009},
%}
%

