@comment{x-kbibtex-personnameformatting=<%l><, %f><, %s>}

@incollection{Lukp09,
	author = "L{\"u}pke, Friederike",
	booktitle = "{Language Documentation and Description}",
	crossref = "Aust09",
	journal = "Language Documentation and Description",
	pages = "53--100",
	title = "{Data collection methods for field-based language documentation}",
	volume = "6",
	year = "\biberror{no year}"
}

@unpublished{hasp14,
	author = "Haspelmath, Martin",
	howpublished = "\url{http://www.eva.mpg.de/fileadmin/content\_files/staff/haspelmt/pdf/GenericStyleRules.pdf}",
	institution = "Max Planck Institute for Evolutionary Anthropology",
	location = "Leipzig",
	month = "December",
	note = "Accessed: 24.02.2015",
	title = "{The Generic Style Rules for Linguistics}",
	year = "2014"
}

@unpublished{brin15c,
	author = "Brindle, Jonathan Allen",
	journal = "Afrikanistik-Aegyptologie-online",
	location = "Köln, Germany",
	note = "in preparation",
	title = "{Why is Chakali still spoken?}",
	year = "2015"
}

@unpublished{brin10,
	author = "Brindle, Jonathan Allen",
	optkey = "Jonathan Allen Brindle",
	optnote = "ms. ISK, NTNU",
	title = "{{{Chakali-{{English}}}} dictionary and {{English}}-Chakali glossary: {V}ersion 0.3}",
	year = "2010"
}

@phdthesis{hiro14,
	author = "Sakurai, Kazuhiro",
	institution = "University of Hong Kong",
	title = "{The Syntax and Semantics of Focus: {{{E}}}vidence from Dagaare}",
	year = "2014"
}

@phdthesis{ding11,
	author = "Dingemanse, Mark",
	location = "Nijmegen",
	school = "Radboud University",
	title = "{The Meaning and Use of Ideophones in Siwu}",
	year = "2011"
}

@phdthesis{brin11,
	author = "Brindle, Jonathan Allen",
	school = "Norges Teknisk-Naturvitenskapelige Universitet (NTNU)",
	title = "{Aspects of the Chakali language}",
	year = "2011"
}

@inproceedings{brin08c,
	author = "Brindle, Jonathan Allen",
	booktitle = "{Selected {{Proceedings of the 38th Annual Conference on {{African}} Linguistics: {L}inguistic Theory and {{African}} Language Documentation}}}",
	editor = "{Masangu Matondo} and {Fiona Mc Laughlin} and {Eric Potsdam}",
	isbn = "978-1-57473-429-4",
	pages = "84--94",
	publisher = "Cascadilla Press",
	risfield_0_bt = "Selected Proceedings of the 38th Annual Conference on African Linguistics: Linguistic Theory and African Language Documentation",
	title = "{On the Identification of {{Noun}} Class and Gender Systems in Chakali}",
	year = "2009"
}

@inproceedings{Purv07,
	author = "Purvis, Tristan Michael",
	booktitle = "{Texas Linguistics Society 9: {M}orphosyntax of Underrepresented Languages }",
	editor = "Bigham, Douglas S. and Hoyt, Frederick and Seifert, Nikki and Teodorescu, Alexandra and White, Jessica",
	location = "Stanford, CA",
	publisher = "CSLI Publications",
	title = "{A Reanalysis of Nonemphatic Pronouns in Dagbani }",
	year = "2007"
}

@inproceedings{Brin12,
	author = "Brindle, Jonathan Allen and Atintono, Samuel Awinkene",
	booktitle = "{Selected {{Proceedings of the 42nd Annual Conference on {{African}} Linguistics: {A}frican Languages in Context}}}",
	editor = "Marlo, Michael R. and Adams, Nikki B. and Green, Christopher R. and Morrison, Michelle and Purvis, Tristan M.",
	isbn = "978-1-57473-453-9",
	pages = "195--207",
	publisher = "Cascadilla Press",
	title = "{A Comparative Study of Topological Relation Markers in Two Gur Languages: {G}urenɛ and Chakali}",
	year = "2012"
}

@incollection{sama01,
	address = "\biberror{no address}",
	author = "Samarin, William J.",
	booktitle = "{Ideophones}",
	editor = "Voeltz, F. K. Erhard and Kilian-Hertz, Christa",
	location = "Amsterdam",
	pages = "321--337",
	publisher = "John Benjamins Publishing",
	sortname = "Samarin, William J.",
	title = "{Testing hypotheses about {{African}} ideophones}",
	year = "2001"
}

@incollection{nade89,
	address = "\biberror{no address}",
	author = "Naden, Anthony J.",
	booktitle = "{The {{{{Niger}}-Congo}} languages}",
	editor = "Bendor-Samuel, J.",
	location = "Lanham, New York, London",
	pages = "140--168",
	publisher = "University Press of America",
	sortname = "Naden, Anthony J.",
	title = "{Gur}",
	year = "1989"
}

@incollection{brin16,
	address = "\biberror{no address}",
	author = "Brindle, Jonathan Allen",
	booktitle = "{Colour Language and Colour Categorization}",
	editor = "Paulsen, Geda and Uusk{\"u}la, Mari and Brindle, Jonathan Allen",
	location = "Cambridge, UK",
	pages = "87--114",
	publisher = "Cambridge Scholars Publishing",
	title = "{Colour Basicness in Chakali}",
	year = "2016"
}

@incollection{brin08,
	address = "\biberror{no address}",
	author = "Brindle, Jonathan Allen",
	booktitle = "{Linguistics in the Making}",
	editor = "Jenset, Gard and Heggelund, {\O}ystein and Cardona, Margrete Dyvik and Wold, Stephanie and Didriksen, Anders",
	location = "Bergen, Norway",
	pages = "239--259",
	publisher = "Novus Press",
	title = "{On the encoding of animacy in Chakali}",
	year = "2008"
}

@book{vydr15,
	address = "\biberror{no address}",
	author = "Vydrine, Valentin",
	isbn = "9780993996924",
	location = "Oxford",
	number = "1",
	publisher = "African Books Collective",
	series = "{Manding-English Dictionary: Maninka, Bamana Vol. 1}",
	title = "{{{Manding-{{English}}}} Dictionary: {M}aninka, Bamana}",
	year = "2015"
}

@book{voel01,
	address = "Amsterdam",
	author = "Voeltz, F. K. Erhard and Kilian-Hatz, Christa",
	isbn = "9789027297235",
	lccn = "2001025060",
	publisher = "John Benjamins Publishing Company",
	series = "{Typological Studies in Language}",
	sortname = "Voeltz, F. K. Erhard and Kilian-Hatz, Christa",
	title = "{Ideophones}",
	url = "https://books.google.no/books?id=QXM9AAAAQBAJ",
	year = "2001"
}

@book{vagl80,
	address = "\biberror{no address}",
	author = "GILLBT",
	location = "Tamale",
	publisher = "Ghana Institute of Linguistics, Literacy and Bible Translation",
	title = "{{{Vagla-{{English}}}} Dictionary}",
	year = "1980"
}

@book{sisa75,
	address = "Tamale",
	author = "GILLBT",
	publisher = "Ghana Institute of Linguistics, Literacy and Bible Translation",
	title = "{{{Sisaala-{{English}}}} Dictionary}",
	year = "1975"
}

@book{newm07hausa,
	address = "\biberror{no address}",
	author = "Newman, Paul",
	isbn = "9780300122466",
	lccn = "2007920770",
	publisher = "Yale University Press",
	title = "{A {{Hausa-{{English}}}} Dictionary}",
	url = "https://books.google.no/books?id=ZBNJQIBv7DwC",
	year = "2007"
}

@book{nade98,
	address = "\biberror{no address}",
	author = "Crouch, Marjorie and Naden, Anthony J.",
	number = "1",
	optedition = "Hors S{\'e}rie",
	optseries = {{Cahiers Volta\"{i}ques}},
	publisher = "\biberror{no publisher}",
	series = "{Gur Papers/Cahiers Voltaïques : Special issue/Hors S{\'e}rie}",
	sortname = "Crouch, Marjorie and Naden, Anthony J.",
	title = "{A {{Semantically-Based}} Grammar of Vagla}",
	year = "1998"
}

@book{nade96,
	address = "Legon",
	booktitle = "{Time and the Calendar in some Ghanaian Languages}",
	editor = "Naden, Anthony J.",
	publisher = "Institute of African Studies, University of Ghana",
	sortname = "Naden, Anthony J.",
	title = "{Time and the Calendar in some Ghanaian Languages}",
	year = "1996"
}

@book{mcgi99,
	address = "University of Ghana",
	author = "McGill, Stuart and Fembeti, Samuel and Toupin, Mike",
	publisher = "Institute of African Studies",
	title = "{A Grammar of {{Sisaala-Pasaale}}}",
	year = "1999"
}

@book{lewi16,
	address = "\biberror{no address}",
	booktitle = "{Ethnologue: {L}anguages of the World}",
	edition = "Nineteenth edition",
	editor = "Lewis, Paul M. and Simons, Gary F. and Fennig, Charles D.",
	location = "Dallas, Texas",
	note = "Online version http://www.ethnologue.com/",
	publisher = "SIL International",
	sortname = "Lewis, Paul M. and Simons, Gary F. and Fennig, Charles D.",
	title = "{Ethnologue: {L}anguages of the World}",
	url = "http://www.ethnologue.com",
	year = "2016"
}

@book{lewi14,
	address = "\biberror{no address}",
	author = "Lewis, M. Paul and Simons, Gary F. and Fennig, Charles D.",
	edition = "17",
	location = "Dallas, Texas",
	publisher = "SIL International",
	sortname = "Lewis, M. Paul and Simons, Gary F. and Fennig, Charles D.",
	title = "{Ethnologue: {L}anguages of the World}",
	year = "2014"
}

@book{hawt06,
	address = "\biberror{no address}",
	author = "Hawthorne, W. D. and Jongkind, C. C. H.",
	isbn = "1842460897",
	location = "Kew, UK",
	publisher = "Royal Botanic Gardens",
	sortname = "Hawthorne, W. D. and Jongkind, C. C. H.",
	title = "{Woody Plants of {{Western}} African Forests. {A} guide to the forest trees, shrubs and lianes from Senegal to Ghana}",
	year = "2006"
}

@book{daku09ga,
	address = "\biberror{no address}",
	booktitle = "{{{{{Ga}}-English}} Dictionary with English-{{Ga}} Index}",
	edition = "2nd",
	editor = "Dakubu, Mary Esther Kropp;",
	publisher = "Black Mask",
	sortname = "Dakubu, Mary Esther Kropp;",
	title = "{{{{{Ga}}-English}} Dictionary with English-{{Ga}} Index}",
	year = "2009"
}

@book{daku07,
	address = "Legon",
	booktitle = "{{{Gurenɛ-{{English}}}} Dictionary}",
	editor = "Dakubu, Mary Esther Kropp and Atintono, Samuel Awinkene and Nsoh, Ephraim Avea",
	publisher = "Linguistics Department, University of Ghana",
	title = "{{{Gurenɛ-{{English}}}} Dictionary}",
	year = "2007"
}

@book{borr02,
	address = "\biberror{no address}",
	author = "Borrow, Nik and Demey, Ron",
	publisher = "Princeton University Press",
	title = "{A Guide to the Birds of {{Western}} Africa}",
	year = "2002"
}

@book{blas90,
	address = "\biberror{no address}",
	author = "Blass, Regina",
	number = "55",
	publisher = "Cambridge University Press",
	series = "{Cambridge Studies in Linguistics}",
	title = "{Relevance Relations in Discourse: {A} study with special reference to Sissala}",
	year = "1990"
}

@book{bald08,
	address = "\biberror{no address}",
	author = "Baldi, Sergio",
	isbn = "9782845869820",
	publisher = "{\'E}ditions Karthala",
	series = "{Dictionnaires et langues}",
	title = "{Dictionnaire des emprunts arabes dans les langues de l'Afrique de l'Ouest et en swahili}",
	url = "https://books.google.fr/books?id=FV5jSrTLOn0C",
	year = "2008"
}

@book{arie10,
	address = "\biberror{no address}",
	author = "Ariel, Mira",
	isbn = "9781139488679",
	publisher = "Cambridge University Press",
	series = "{Research Surveys in Linguistics}",
	title = "{Defining Pragmatics}",
	url = "https://books.google.fr/books?id=pa0gAwAAQBAJ",
	year = "2010"
}

@book{alla14,
	address = "\biberror{no address}",
	author = "Allan, Keith",
	isbn = "9781134742448",
	publisher = "Taylor \& Francis",
	series = "{Routledge Library Editions: Linguistics}",
	title = "{Linguistic Meaning}",
	year = "2014"
}

@book{Mieh07,
	address = "\biberror{no address}",
	booktitle = "{{{Noun}} Class Systems in Gur Languages: {S}outhwestern Gur Languages (without Gurunsi)}",
	editor = "Miehe, Gudrun and Winkelmann, Kerstin",
	publisher = "R{\"u}diger K{\"o}ppe Verlag",
	title = "{{{Noun}} Class Systems in Gur Languages: {S}outhwestern Gur Languages (without Gurunsi)}",
	volume = "I",
	year = "2007"
}

@book{Kang07b,
	__markedentry = "[brindle:6]",
	address = "Trondheim",
	author = "Kanganu, Daniel and Brindle, Jonathan Allen",
	isbn = "ISBN:82-471-6047-1",
	owner = "brindle",
	publisher = "ISK, ISBN:82-471-6047-1",
	sannote = "in Chakali",
	timestamp = "2013.10.24",
	title = "{beŋ tʃelle (The law breaker)}",
	year = "2008"
}

@book{Kang07a,
	__markedentry = "[brindle:6]",
	address = "Trondheim",
	author = "Kanganu, Daniel and Brindle, Jonathan Allen",
	isbn = "ISBN:82-471-6049-8",
	owner = "brindle",
	publisher = "ISK, ISBN:82-471-6049-8",
	timestamp = "2013.10.24",
	title = "{{bɪpɔlɪɪ naŋzɪmatɪɪna (The Clever {{Man}})} }",
	year = "2008"
}

@book{Dume11,
	address = "\biberror{no address}",
	author = "Dumestre, G{\'e}rard",
	publisher = "Karthala",
	sortname = "Dumestre, G{e}rard",
	title = "{Dictionnaire {{Bambara-Fran}}\c{c}ais}",
	year = "2011"
}

@article{newm68,
	author = "Newman, Paul",
	journal = "Journal of West African Languages",
	pages = "107--117",
	title = "{Ideophones from a syntactic point of view}",
	volume = "2",
	year = "1968"
}

@article{nade82,
	author = "Naden, Anthony J.",
	journal = "JWAL",
	number = "1",
	pages = "\biberror{no pages}",
	sortname = "Naden, Anthony J.",
	title = "{Class Pronoun Desuetude Revisited}",
	volume = "12",
	year = "1982"
}

@article{koen12,
	author = "Koenig, Ekkehard",
	journal = "Bulletin de la Soci{\'e}t{\'e} de Linguistique de Paris",
	pages = "11--42",
	title = "{{{Le}} r{\^o}le des d{\'e}ictiques de la mani{\`e}re dans le cadre d{\rq}une typologie de la deixis}",
	volume = "CVII",
	year = "2012"
}

@article{glot16,
	author = "Hammarstr{\"o}m, Harald and Forkel, Robert and Haspelmath, Martin and Bank, Sebastian",
	institution = "Max Planck Institute for the Science of Human History",
	journal = "\biberror{no journal}",
	location = "Jena",
	pages = "\biberror{no pages}",
	sortname = "Hammarstr{o}m, Harald and Forkel, Robert and Haspelmath, Martin and Bank, Sebastian",
	title = "{Glottolog 2.7. {J}ena: {M}ax Planck Institute for the Science of Human History. (Available online at http://glottolog. {O}rg) }",
	volume = "\biberror{no volume}",
	year = "2016"
}

@article{brin15d,
	author = "Brindle, Jonathan Allen",
	doi = "10.1515/jall-2015-0008",
	journal = "Journal of African Languages and Linguistics",
	number = "2",
	pages = "163--192",
	title = "{Waali plural formation: {A} preliminary study on variation in noun class realization}",
	volume = "32",
	year = "2015"
}

@article{brin08b,
	author = "Brindle, Jonathan Allen",
	journal = "Working Papers ISK",
	pages = "127--142",
	title = "{Chakali Numbers}",
	volume = "\biberror{no volume}",
	year = "2008"
}

@article{Stew79,
	author = "Stewart, John M. and van Leynseele, H{\'e}l{\`e}ne",
	journal = "Journal of African Languages and Linguistics",
	pages = "31--54",
	sortname = "Stewart, John M. and van Leynseele, H{e}l{e}ne",
	title = "{Underlying cross-height vowel harmony in Nem}",
	volume = "1",
	year = "1979"
}

