@book{langsci-current-book, editor = {Svetla Koeva}, title = {{Universality of semantic frames and language-specific Bulgarian data}}, year = {2025}, series = {Frame-Based Approaches to Semantics}, number = {1}, location = {Berlin}, publisher = {Language Science Press}, options = {dataonly=true} } 
