@article{Kleinewillinghofer1996,
	author = {Kleinewillingh{\"o}fer, Ulrich},
	date-added = {2021-07-23 17:01:03 -0700},
	date-modified = {2021-07-23 17:02:53 -0700},
	journal = {Gur Papers/Cahiers Volta{\"\i}ques},
	pages = {25--45},
	title = {Relationship between {Adamawa} and {Gur}: the case of {Waja} and {Tula}},
	volume = {1},
	year = {1996}}

@unpublished{Kleinewillinghofer2014,
	author = {Kleinewillingh{\"o}fer, Ulrich},
	date-added = {2021-07-23 17:03:01 -0700},
	date-modified = {2021-07-23 17:07:18 -0700},
	note = {Mainz, Germany. Ms. https://www.blogs.uni-mainz.de/fb07-adamawa/adamawa-languages/tula-waja-group/the-languages-of-the-tula-waja-group/.},
	title = {{Tula-Waja} group: 100-Wordlist},
	year = {2014}}

@book{Lopez2012,
	address = {Cambridge, MA},
	author = {L{\'o}pez, Luis},
	date-added = {2021-07-23 16:57:01 -0700},
	date-modified = {2021-07-23 16:58:12 -0700},
	publisher = {MIT Press},
	title = {Indefinite objects: {Scrambling}, choice functions and differential marking},
	year = {2012}}

@incollection{KeineMuller2008,
	address = {Leipzig},
	author = {Keine, Stefan and Müller, Gereon},
	booktitle = {Scales},
	date-added = {2021-06-29 12:38:31 -0700},
	date-modified = {2021-06-29 12:42:14 -0700},
	editor = {Richards, Marc and Malchukov, Andrej L.},
	pages = {83-136},
	publisher = {Universität Leipzig},
	series = {Linguistische Arbeitsberichte},
	title = {Differential argument encoding by impoverishment},
	volume = {86},
	year = {2008}}

@article{MartenKulaThwala:2007:BantuParameters,
	author = {Marten, Lutz and Kula, Nancy C. and Thwala, Nhlanhla},
	date-modified = {2021-06-13 17:07:37 -0700},
	journal = {Transactions of the Philological Society},
	number = {3},
	pages = {253--338},
	title = {Parameters of morpho-syntactic variation in {B}antu},
	volume = {105},
	year = {2007}}

@incollection{mcCloskey90,
	address = {New York},
	author = {James McCloskey},
	booktitle = {The Syntax and Semantics of the {Modern} {{Celtic}} Languages},
	date-modified = {2021-06-22 00:19:22 -0700},
	editor = {Randall Hendrick},
	pages = {199--248},
	publisher = {Academic Press},
	title = {Resumptive pronouns, A'-Binding and levels of representation},
	year = {1990}}

@article{hyman2008,
	author = {Hyman, Larry M.},
	journal = {Linguistics},
	number = {2},
	pages = {309--350},
	title = {Directional asymmetries in the morphology and phonology of words, with special reference to {B}antu},
	volume = {46},
	year = {2008}}

@inproceedings{McPherson2017acal,
	address = {Berlin},
	author = {Laura McPherson},
	booktitle = {{{S}elected {P}roceedings of the 46th Annual Conference on {A}frican Linguistics}},
	editor = {Doris Payne and Sara Pacchiarotti and Mokaya Bosire},
	pages = {5--21},
	publisher = {Language Science Press},
	title = {Tone features revisited: {{E}}vidence from {S}eenku ({M}ande, {B}urkina {F}aso)},
	year = {2017}}

@book{Lewis:2016:Ethnologue,
	address = {Dallas},
	booktitle = {{{Ethnologue}}: {{L}}anguages of the World, Nineteenth edition},
	editor = {Lewis, M. Paul and Simons, Gary F. and Fennig Charles D.},
	publisher = {SIL International},
	title = {{{Ethnologue}}: {{L}}anguages of the World, Nineteenth edition},
	year = {2016}}

@incollection{Manfredi1989,
	address = {Lanham, Maryland},
	author = {Manfredi, Vincent},
	booktitle = {The {{Niger}-{Congo}} Languages: {A} classification and description of {{Africa}}'s largest language family},
	date-modified = {2021-06-27 23:46:33 -0700},
	editor = {J. Bendor-Samuel},
	pages = {337--358},
	publisher = {University Press of America},
	title = {Igboid},
	year = {1989}}

@incollection{egblewogbe1984personal,
	address = {Paris},
	author = {Egblewogbe, Eustace Yao},
	booktitle = {Peuples du golfe du Bénin},
	date-modified = {2021-06-29 13:23:29 -0700},
	editor = {{de Medeiros}, François},
	pages = {209--219},
	publisher = {Karthala},
	title = {Personal names as a parameter for the study of culture: {T}he Case of the {G}hanaian {{E}}we},
	year = {1984}}

@incollection{Progovac1993,
	address = {Stanford, CA},
	author = {Progovac, Ljiljana},
	booktitle = {Theoretical aspects of {{Bantu}} grammar 1},
	editor = {Sam Mchombo},
	pages = {257--270},
	publisher = {Center for Study of Language and Information},
	title = {Non-augmented {{NP}}s in {K}inande as negative polarity items},
	year = {1993}}

@misc{Allen1978,
	address = {University of Connecticut},
	author = {Allen, Margaret Rees},
	title = {{Morphological investigations (Ph. {{D}}. {{D}}issertation)}},
	year = {1978}}

@article{stump84,
	author = {Gregory T. Stump},
	journal = {Natural Language and Linguistic Theory},
	pages = {289--426},
	title = {Agreement vs. {{I}}ncorporation in {{Breton}}},
	volume = {2},
	year = {1984}}

@article{cowperandb16,
	author = {Bjorkman, Bronwyn and Cowper, Elizabeth},
	ids = {cowperandbjorkman2016},
	journal = {Lingua},
	pages = {30--48},
	publisher = {Elsevier},
	title = {Possession and necessity: {{F}}rom individuals to worlds},
	volume = {182},
	year = {2016}}

@phdthesis{wasike2007left,
	author = {Wasike, Aggrey},
	school = {Cornell University},
	title = {The left periphery, wh-in-situ and {A}-bar movement in {L}ubukusu and other {B}antu languages},
	year = {2007}}

@phdthesis{abney87,
	address = {Cambridge, MA},
	author = {Steven Paul Abney},
	school = {MIT},
	title = {The {{English}} Noun Phrase in its Sentential Aspect},
	year = {1987}}

@incollection{becker+nformi16,
	address = {Leipzig},
	author = {Laura Becker and Jude Nformi},
	booktitle = {Replicative {Processes} in {Grammar}},
	editor = {Katja Barnickel and Matías Guzmán Naranjo and Johannes Hein and Sampson Korsah and Andrew Murphy and Ludger Paschen and Zorica Puškar and Joanna Zaleska},
	pages = {57--84},
	publisher = {Universiät Leipzig},
	series = {Linguistische {Arbeitsberichte} {(LAB)}},
	title = {Focus and verb doubling in {{Limbum}}},
	volume = {93},
	year = {2016}}

@article{McPherson2019ipa,
	author = {Laura McPherson},
	doi = {10.1017/S0025100318000312},
	ids = {McPherson2019b},
	journal = {Journal of the International Phonetic Association},
	number = {2},
	pages = {220--239},
	title = {Illustration of {S}eenku},
	volume = {50},
	year = {2019},
}

@article{scheinsteriade,
	author = {Schein, Barry and Steriade, Donca},
	date-modified = {2021-06-28 11:54:45 -0700},
	journal = {Linguistic Inquiry},
	number = {4},
	pages = {691--744},
	title = {On geminates},
	volume = {17},
	year = {1986}}

@book{Musere1999,
	address = {Los Angeles},
	author = {Musere, Jonathan},
	publisher = {Ariko Publications},
	title = {{{African}} proverbs and proverbial names},
	year = {1999}}

@incollection{Mous2012,
	address = {Cambridge},
	author = {Mous, Maarten},
	booktitle = {The {A}froasiatic Languages},
	editor = {Frajzyngier, Zygmunt and Shay, Erin},
	pages = {342--422},
	publisher = {Cambridge University Press},
	title = {{{Cushitic}}},
	year = {2012}}

@article{jelinek84,
	author = {Eloise Jelinek},
	journal = {Natural Language and Linguistic Theory},
	pages = {39--76},
	title = {Empty categories, case, and configurationality},
	volume = {2},
	year = {1984}}

@article{borsley09,
	author = {Robert D. Borsley},
	doi = {10.1007/s11049-009-9067-3},
	journal = {Natural Language and Linguistic Theory},
	pages = {225--265},
	title = {On the Superficiality of Welsh Agreement},
	volume = {27},
	year = {2009},
}

@article{lunden2017vowel,
	author = {Lunden, Anya and Campbell, Jessica and Hutchens, Mark and Kalivoda, Nick},
	journal = {Phonology},
	number = {3},
	pages = {565--580},
	publisher = {Cambridge University Press},
	title = {Vowel-length contrasts and phonetic cues to stress: {{A}}n investigation of their relation},
	volume = {34},
	year = {2017}}

@misc{Glushan2010,
	author = {Glushan, Zhana},
	note = {Ms., University of Connecticut},
	title = {Deriving case syncretism in differential object marking},
	year = {2010}}

@book{Eberhard2020,
	editor = {Eberhard, David M. and Gary F. Simons and Charles D. Fennig},
	url = {http://www.ethnologue.com},
	publisher = {SIL International},
	title = {{Ethnologue}: {L}anguages of the world},
	year = {2020}
}

@inbook{mccloskey2006questions,
	author = {McCloskey, James},
	date-modified = {2021-06-13 16:10:42 -0700},
	journal = {Crosslinguistic research in syntax and semantics: Negation, tense, and clausal architecture},
	pages = {87--126},
	publisher = {Crosslinguistic Research in Syntax and Semantics: Negation, Tense, and Clausal Architecture},
	title = {Questions and questioning in a local {{E}}nglish},
	volume = {87},
	year = {2006}}

@article{ZempSoro2010,
	author = {Hugo Zemp and Sikaman Soro},
	journal = {African Music},
	number = {4},
	pages = {7--24},
	title = {Talking balafons},
	volume = {8},
	year = {2010}}

@phdthesis{ford:1971,
	address = {Legon},
	author = {Ford, Kevin C.},
	school = {University of Ghana},
	title = {Aspects of {A}vatime syntax},
	year = {1971}}

@incollection{ByarushengoHymanTenenbaum:1976:Haya,
	address = {Los Angeles},
	author = {Byarushengo, Ernest R. and Hyman, Larry M. and Tenenbaum, Sarah},
	booktitle = {Studies in {B}antu tonology},
	editor = {Hyman, Larry M.},
	pages = {183--205},
	publisher = {Department of Linguistics, University of Southern California.},
	title = {Tone, accent and assertion in {H}aya},
	year = {1976}}

@phdthesis{Bentley1994,
	address = {Bloomington, IN},
	author = {Mayrene Bentley},
	school = {Indiana University},
	title = {The syntactic effects of animacy in {B}antu languages},
	year = {1994}}

@inproceedings{LeGac2016,
	address = {Boston University},
	author = {{Le Gac}, David},
	booktitle = {Proceedings of {S}peech {P}rosody 2016},
	editor = {Barnes, Jon and Brugos, Alejna and Shattuck-Hufnagel, Stefanie and Veilleux, Nanette},
	pages = {292--296},
	title = {{Somali} as a tone language},
	volume = {8},
	year = {2016}}

@misc{SILInternational2019a,
	author = {{SIL International}},
	title = {Fieldworks Language Explorer},
	url = {https://software.sil.org/fieldworks.},
	year = {2019},
	options = {indexing=false}}

@misc{Ezeanya1967,
	author = {Ezeanya, Stephen N.},
	note = {Port Harcourt},
	title = {A handbook of {{Igbo}} {{Christian}} names},
	year = {1967}}

@misc{Stegen2005,
	address = {Dallas},
	author = {Stegen, Oliver},
	note = {Paper presented at SIL Bantu Orthography meeting, November 7-12, 2005},
	title = {Tone in {{E}}astern {B}antu Orthographies},
	url = {https://www.academia.edu/2155341/Tone_in_Eastern_Bantu_Orthographies},
	year = {2005},
	Bdsk-Url-1 = {https://www.academia.edu/2155341/Tone_in_Eastern_Bantu_Orthographies}}

@misc{sport18,
	author = {Angelopoulos, Nikos and Sportiche, Dominique},
	howpublished = {Ms. UCLA},
	title = {Clitic dislocations and clitics in {F}rench and {G}reek: {{F}}rom interpretation to structure},
	year = {2018}}

@incollection{silverstein76,
	address = {Canberra},
	author = {Michael Silverstein},
	booktitle = {Grammatical Categories in {A}ustralian Languages},
	editor = {R. Dixon},
	pages = {112--171},
	publisher = {Australian Institute of Aboriginal Studies},
	title = {Hierarchy of Features and Ergativity},
	year = {1976}}

@book{mcCloskey79,
	address = {Dordrecht},
	author = {James McCloskey},
	publisher = {Riedel},
	title = {Transformational Syntax and Model Theoretic Semantics: {{A}} case study in {Modern} {{Irish}}},
	year = {1979}}

@incollection{Woolford:2001:RuwundOm,
	address = {Amherst, MA},
	author = {Woolford, Ellen},
	booktitle = {The {{{U}}}{M}ass Volume on Indigenous Languages},
	editor = {Benedicto, Elena},
	pages = {75--106},
	publisher = {GLSA},
	series = {University of Massachusetts Occasional Papers in Linguistics 20},
	title = {Conditions on object agreement in {R}uwund ({B}antu)},
	year = {2001}}

@phdthesis{Eiesland2015,
	author = {Eiesland, Eli-Anne},
	school = {University of Oslo},
	title = {The semantics of {N}orwegian noun-noun compounds},
	year = {2015}}

@article{Gilley2004,
	author = {Gilley, Leoma},
	date-modified = {2021-06-28 11:59:19 -0700},
	journal = {SIL Electronic Working Papers 2004-003},
	pages = {1--13},
	title = {Morphophonemic Orthographies in Fusional Languages: {T}he Cases of {D}inka and {S}hilluk},
	year = {2004}}

@misc{R,
	author = {{R Core Team}},
	note = {Vienna, Austria: R Foundation for Statistical Computing},
	title = {R: {A} Language and Environment for Statistical Computing},
	url = {http://www.R-project.org},
	year = {2019},
	Bdsk-Url-1 = {http://www.R-project.org}}

@article{amaechi+georgi19,
	author = {Mary Amaechi and Doreen Georgi},
	journal = {Glossa},
	number = {1},
	pages = {69--136},
	title = {Quirks of Subject (Non-)Extraction in {{Igbo}}},
	volume = {4},
	year = {2019}}

@article{rezac2008,
	author = {Rezac, Milan},
	journal = {Natural Language \& Linguistic Theory},
	number = {1},
	pages = {61--106},
	publisher = {Springer},
	title = {The syntax of eccentric agreement: {The Person Case Constraint} and Absolutive displacement in {Basque}},
	volume = {26},
	year = {2008}}

@article{ko2005syntax,
	author = {Ko, Heejeong},
	journal = {Natural Language \& Linguistic Theory},
	number = {4},
	pages = {867--916},
	publisher = {Springer},
	title = {Syntax of why-in-situ: {M}erge into [{S}pec, {{CP}}] in the overt syntax},
	volume = {23},
	year = {2005}}

@article{dobrovie90,
	author = {Dobrovie-Sorin, Carmen},
	journal = {Linguistic Inquiry},
	pages = {351--397},
	title = {Clitic doubling, wh-movement, and quantification in {Romanian}},
	volume = {21},
	year = {1990}}

@article{lin1992syntax,
	author = {Lin, Jo-Wang},
	journal = {Journal of East Asian Linguistics},
	number = {3},
	pages = {293--331},
	publisher = {Springer},
	title = {The syntax of \textit{zenmeyang} `how' and \textit{weishenme} `why' in {M}andarin {C}hinese},
	volume = {1},
	year = {1992}}

@phdthesis{Kula02,
	author = {Kula, Nancy C.},
	date-modified = {2021-06-27 23:24:54 -0700},
	note = {PhD thesis},
	school = {Universiteit Leiden},
	title = {The Phonology of Verbal Derivation in {B}emba},
	year = {2002}}

@article{Zeller:2015:ZuluDrD,
	author = {Zeller, Jochen},
	journal = {Lingua},
	pages = {17--39},
	title = {Argument prominence and agreement: {{{{E}}}}xplaining an unexpected object asymmetry in {Z}ulu.},
	volume = {156},
	year = {2015}}

@book{Halpert:2016:Book,
	address = {New York},
	author = {Halpert, Claire},
	publisher = {Oxford University Press},
	title = {Argument licensing and agreement},
	year = {2016}}

@incollection{vanderWal2017,
	address = {Berlin},
	author = {van der Wal, Jenneke},
	booktitle = {Order and structure in syntax {{II}}: {{S}}ubjecthood and argument structure},
	editor = {Sheehan, Michelle and Laura R. Bailey},
	pages = {115---152},
	publisher = {Language Science Press},
	title = {Flexibility in symmetry: {{A}}n implicational relation in {{Bantu}} double object constructions},
	year = {2017}}

@book{Cahill2007,
	address = {Dallas},
	author = {Cahill, Michael},
	publisher = {SIL International},
	title = {Aspects of the Morphology and Phonology of {K}ɔnni},
	year = {2007}}

@incollection{Lecarme2002,
	address = {Somerville, MA},
	author = {Lecarme, Jacqueline},
	booktitle = {Many Morphologies},
	editor = {Boucher, Paul and Plénat, Marc},
	pages = {109--141},
	publisher = {Cascadilla Press},
	title = {Gender ``polarity''': {T}heoretical aspects of {S}omali Nominal Morphology},
	year = {2002}}

@misc{issah+smith18,
	author = {Samuel Issah and Peter W. Smith},
	howpublished = {Ms., Goethe-Universität Frankfurt},
	title = {Subject and Non-Subject Ex-Situ Focus in {{Dagbani}}},
	year = {2018}}

@article{vanderWal2015,
	author = {van der Wal, Jenneke},
	journal = {41st Meeting of the Berkeley Linguistic Society},
	pages = {1--18},
	title = {Object clitics in comparative {{Bantu}} syntax},
	volume = {41},
	year = {2015}}

@book{Atakpa1997,
	address = {Accra},
	author = {Atakpa, F. K.},
	publisher = {Awoeli Publishing Services},
	sortname = {Atakpa},
	title = {{The Ewes of {Southeastern} {Ghana}}},
	year = {1997}}

@phdthesis{huettner:1989,
	address = {Amherst, MA},
	author = {Huettner, Alison K.},
	school = {University of Massachusetts at Amherst},
	title = {Adjunct infinitives in {{E}}nglish},
	year = {1989}}

@phdthesis{lebeaux88,
	address = {Amherst, MA},
	author = {David Lebeaux},
	date-modified = {2021-06-22 00:18:50 -0700},
	school = {University of Massachusetts},
	title = {Language Acquistion and the form of the grammar},
	year = {1988}}

@phdthesis{rose97,
	author = {Rose, Sharon},
	school = {McGill University},
	title = {Theoretical issues in comparative {Ethio-{Semitic}} phonology and morphology.},
	year = {1997}}

@incollection{laz01,
	address = {Berlin},
	author = {Gilbert Lazard},
	booktitle = {Language typology and linguistic universals. {A}n international handbook},
	editor = {Martin Haspelmath and Ekkehard König and Wulf {Ö}sterreicher and Wolfgang Raible},
	pages = {873--885},
	publisher = {Berlin/New York: Mouton de Gruyter},
	title = {Le marquage  differentiel  de  Pobjet},
	volume = {2},
	year = {2001}}

@incollection{LandmanRanero:2018:KuriaFocus,
	address = {Berlin},
	author = {Landman, Meredith and Ranero, Rodrigo},
	booktitle = {{A}frican linguistics on the prairie: {{S}}elected papers from the 45th {A}nnual {C}onference on {A}frican {L}inguistics},
	editor = {Kandybowicz, Jason and Major, Travis and Torrence, Harold and Duncan, Philip T.},
	pages = {393--412},
	publisher = {Language Science Press},
	title = {Focus marking in {K}uria},
	year = {2018}}

@phdthesis{hiraiwa05,
	author = {Hiraiwa, Ken},
	school = {Massachusetts Institute of Technology},
	title = {Dimensions of symmetry in syntax: {{A}}greement and clausal architecture},
	year = {2005}}

@book{perlmutter71,
	address = {New York},
	author = {David M. Perlmutter},
	date-modified = {2021-06-22 00:27:51 -0700},
	publisher = {Holt, Rinehart and Winston},
	title = {Deep and surface structure constraints in syntax},
	year = {1971}}

@article{danon2006,
	author = {Danon, Gabi},
	date-modified = {2021-07-07 04:41:51 -0700},
	journal = {Natural Language \& Linguistic Theory},
	number = {4},
	pages = {977--1008},
	title = {Caseless nominals and the projection of {DP}},
	volume = {24},
	year = {2006}}

@incollection{Zeller:2009:ZuluClld,
	address = {Frankfurt},
	author = {Zeller, Jochen},
	booktitle = {{{Frankfurt}} {A}frican Studies Bulletin 18: {{F}}ocus and Topic in {A}frican Languages},
	editor = {Sonja Ermisch Ruediger},
	pages = {131--156},
	publisher = {Koeppe Verlag},
	title = {On clitic left-dislocation in {Z}ulu},
	year = {2009}}

@article{Katamba84,
	author = {Katamba, Francis},
	journal = {Journal of Linguistics},
	number = {2},
	pages = {257--275},
	title = {{A nonlinear analysis of vowel harmony in {Luganda}}},
	volume = {20},
	year = {1984}}

@article{foxpes:2005,
	author = {Fox, Danny and David Pesetsky},
	journal = {Theoretical Linguistics},
	pages = {1--45},
	title = {Cyclic linearization of syntactic structure.},
	volume = {31},
	year = {2005}}

@incollection{vandeVelde2019,
	address = {London},
	author = {van de Velde, Mark},
	booktitle = {The {{Bantu}} Languages},
	editor = {van de Velde, Mark and Koen Bostoen and Derek Nurse and Gérard Philippson},
	pages = {237--269},
	publisher = {Routledge},
	title = {Nominal morphology and syntax},
	year = {2019}}

@inproceedings{Schellenberg2009,
	address = {Somerville, MA},
	author = {Murray Schellenberg},
	booktitle = {{Selected Proceedings of the 39th {A}nnual {C}onference on {A}frican {L}inguistics}},
	editor = {Akinloye Ojo and Lioba Moshi},
	pages = {137--144},
	publisher = {Cascadilla Proceedings Project},
	title = {Singing in a tone language: {S}hona},
	year = {2009}}

@book{Ezeude2000,
	address = {Pittsburgh Pennsylvania},
	author = {Ezeude, Enuma E.},
	publisher = {Dorrace},
	title = {{{Igbo}} names},
	year = {2000}}

@book{stewart01,
	address = {New York},
	author = {Osamuyimen Thompson Stewart},
	publisher = {Garland},
	title = {The Serial Verb Construction Parameter},
	year = {2001}}

@misc{Mtenje01,
	author = {Mtenje, Al D.},
	note = {Available to download from the Comparative Bantu Online Dictionary.},
	title = {{Database of ``{Chewa} dictionary''}},
	url = {http://www.cbold.ish-lyon.cnrs.fr/Dico.asp?Langue=Chewa},
	year = {2001},
	Bdsk-Url-1 = {http://www.cbold.ish-lyon.cnrs.fr/Dico.asp?Langue=Chewa}}

@phdthesis{defina2009aspect,
	author = {Defina, Rebecca},
	school = {Leiden University},
	title = {Aspect and modality in {A}vatime},
	year = {2009}}

@incollection{croft13,
	address = {Berlin},
	author = {Croft, William},
	booktitle = {Languages across boundaries: {{S}}tudies in Memory of {Anna} {Siewierska}},
	date-modified = {2021-07-07 04:41:00 -0700},
	editor = {Bakker, Dik and Haspelmath, Martin},
	journal = {Languages across boundaries: Studies in memory of Anna Siewierska},
	pages = {95--117},
	publisher = {De Gruyter Mouton},
	title = {Agreement as anaphora, anaphora as coreference},
	year = {2013}}

@article{Guldemann:2003:ProgressiveFocusBantu,
	author = {Güldemann, Tom},
	journal = {Studies in Language},
	number = {2},
	pages = {323--360},
	sortname = {Guldemann, Tom},
	title = {Present progressive vis-{\`a}-vis predication focus in {B}antu: {{A}} verbal category between semantics and pragmatics},
	volume = {27},
	year = {2003}}

@article{Schwarzschild:1999:Givenness,
	author = {Schwarzschild, Roger},
	date-modified = {2021-06-13 17:08:26 -0700},
	journal = {Natural Language Semantics},
	number = {2},
	pages = {141--177},
	title = {Givenness, {A}void {F} and other constraints on the placement of accent},
	volume = {7},
	year = {1999}}

@article{barss+lasnik86,
	author = {Andrew Barss and Howard Lasnik},
	journal = {Linguistic Inquiry},
	number = {2},
	pages = {347--354},
	title = {A Note on Anaphora and Double Objects},
	volume = {17},
	year = {1986}}

@book{Saeed1999a,
	address = {Amsterdam},
	author = {Saeed, John I.},
	publisher = {John Benjamins},
	title = {{Somali}},
	volume = {10},
	year = {1999}}

@article{anttila,
	author = {Arto Anttila},
	journal = {Natural Language \& Linguistic Theory},
	note = {Springer},
	number = {4},
	pages = {893--944},
	title = {Variation and Opacity},
	volume = {24},
	year = {2006}}

@article{SikukuEtAl:2018:LubukusuOM,
	author = {Sikuku, Justine and Diercks, Michael and Marlo, Michael R.},
	date-modified = {2021-06-13 17:09:07 -0700},
	journal = {Linguistic Variation},
	number = {2},
	pages = {359--429},
	title = {Pragmatic Effects of Clitic Doubling: {{T}}wo Kinds of Object Markers in {L}ubukusu},
	volume = {18},
	year = {2018}}

@book{Baker1988,
	address = {Chicago},
	author = {Mark C. Baker},
	publisher = {University of Chicago Press},
	title = {Incorporation: {A} theory of grammatical function changing},
	year = {1988}}

@article{Halpert2013,
	author = {Halpert, Claire},
	journal = {Proceedings of NELS},
	number = {2},
	pages = {209--222},
	title = {Structural case and the nature of v{P} in {{Zulu}}},
	volume = {42},
	year = {2013}}

@article{Koenig2006,
	author = {König, Christa},
	issue = {4},
	journal = {Studies in Language},
	pages = {655--732},
	sortname = {Konig, Christa},
	title = {{Marked nominative in {Africa}}},
	volume = {30},
	year = {2006}}

@book{Halpert2015,
	address = {Oxford/New York},
	author = {Halpert, Claire},
	publisher = {Oxford University Press},
	title = {Argument licensing and agreement},
	year = {2015}}

@article{Richards1972,
	author = {Paul Richards},
	journal = {African Language Studies},
	pages = {137--161},
	title = {A quantitative analysis of the relationship between language tone and melody in a {H}ausa song},
	volume = {13},
	year = {1972}}

@misc{Ngunga01,
	author = {Ngunga, Armindo},
	note = {Available to download from the Comparative Bantu Online Dictionary.},
	title = {{Yao lexical database}},
	url = {http://www.cbold.ish-lyon.cnrs.fr/Dico.asp?Langue=Yao},
	year = {2001},
	Bdsk-Url-1 = {http://www.cbold.ish-lyon.cnrs.fr/Dico.asp?Langue=Yao}}

@article{OrmazabalRomero2013,
	author = {Ormazabal, Javier and Juan Romero},
	journal = {Borealis. An {I}nternational {J}ournal of {H}ispanic {L}inguistics},
	number = {2},
	pages = {221--239},
	title = {Differential object marking, case and agreement},
	volume = {2},
	year = {2013}}

@misc{Gusimana72CBOLD,
	author = {Gusimana, Barthelemy},
	note = {Available to download from the Comparative Bantu Online Dictionary.},
	title = {{Dictionnaire pende--français}},
	url = {http://www.cbold.ish-lyon.cnrs.fr/Dico.asp?Langue=Gusimana},
	year = {1972},
	Bdsk-Url-1 = {http://www.cbold.ish-lyon.cnrs.fr/Dico.asp?Langue=Gusimana}}

@incollection{Pittayaporn2015,
	address = {Berlin/Boston},
	author = {Pittayawat Pittayaporn},
	booktitle = {Languages of Mainland {S}outheast {A}sia: {T}he State of the Art},
	editor = {Nick Enfield and Bernard Comrie},
	pages = {500--528},
	publisher = {De Gruyter Mouton},
	title = {Typologizing sesquisyllabicity},
	year = {2015}}

@book{denDikken2006,
	address = {Cambridge, MA},
	author = {den Dikken, Marcel},
	date-modified = {2021-07-07 04:51:14 -0700},
	publisher = {MIT Press},
	title = {Relators and linkers: {T}he syntax of predication, predicate inversion, and copulas},
	year = {2006}}

@article{VanUrk2020,
	author = {van Urk, Coppe},
	journal = {Natural Language and Linguistic Theory},
	number = {1},
	pages = {313--364},
	title = {Object licensing in {{Fijian}} and the role of adjacency},
	volume = {38},
	year = {2020}}

@book{Booij2002,
	address = {Oxford},
	author = {Booij, Geert},
	publisher = {Oxford University Press},
	title = {The Morphology of {D}utch},
	year = {2002}}

@incollection{jaeggli86,
	address = {New York},
	author = {Jaeggli, Osvaldo},
	booktitle = {The Syntax of Pronominal Clitics},
	date-modified = {2021-07-07 05:38:38 -0700},
	editor = {Borer, Hagit},
	pages = {15--42},
	publisher = {Academic Press},
	title = {Three issues in the theory of clitics: {C}ase, doubled {{NP}}s, and extraction},
	year = {1986}}

@article{avorgbedor1983psycho,
	author = {Avorgbedor, Daniel},
	journal = {Folklore Forum},
	number = {1},
	pages = {21--43},
	publisher = {Department of Folklore and Ethnomusicology, Indiana University},
	title = {The Psycho-social dynamics of {{E}}we Names: {T}he Case of {A}hanonko},
	volume = {16},
	year = {1983}}

@incollection{DiercksRaneroPaster:2014:KuriaClitic,
	address = {Somerville, MA},
	author = {Diercks, Michael and Ranero, Rodrigo and Paster, Mary},
	booktitle = {{{Selected Proceedings of the 44th {A}nnual {C}onference on {A}frican {L}inguistics}}},
	editor = {Kramer, Ruth and Zsiga, Elizabeth C. and Boyer, One Tlale},
	pages = {52--70},
	publisher = {Cascadilla Proceedings Project},
	title = {Evidence for a Clitic Analysis of Object Markers in {K}uria},
	year = {2014}}

@incollection{Noonan2007,
	address = {New York},
	author = {Noonan, Michael},
	booktitle = {Language Typology and Syntactic Description, Vol. {{{II}}}: {{C}}omplex Constructions},
	edition = {2},
	editor = {Timothy Shopen},
	pages = {52--150},
	publisher = {Cambridge University Press},
	title = {Complementation},
	year = {2007}}

@book{Carrington1949,
	address = {London},
	author = {John Carrington},
	publisher = {Carey-Kingstate Press},
	title = {The talking drums of {A}frica},
	year = {1949}}

@article{kramer14,
	author = {Kramer, Ruth},
	journal = {Natural Language \& Linguistic Theory},
	number = {2},
	pages = {593--634},
	publisher = {Springer},
	title = {Clitic doubling or object agreement: {The view from {A}mharic}},
	volume = {32},
	year = {2014}}

@article{Kula00a,
	author = {Kula, Nancy C. and Marten, Lutz},
	journal = {SOAS Working Papers in Linguistics},
	pages = {91--102},
	title = {{Constraints and processes: {{{E}}}vidence from {Bemba}, Herero and {Swahili}}},
	volume = {10},
	year = {2000}}

@inproceedings{Leben1983,
	address = {Washington, DC},
	author = {William R. Leben},
	booktitle = {Proceedings of the Ninth Annual Meeting of the {B}erkeley {L}inguistics {S}ociety},
	date-modified = {2021-06-27 23:17:44 -0700},
	pages = {148--157},
	publisher = {Linguistic Society of America},
	title = {The correspondence between linguistic tone and musical melody},
	year = {1983}}

@article{Schellenberg2012,
	author = {Murray Schellenberg},
	journal = {Ethnomusicology},
	number = {2},
	pages = {266--278},
	title = {Does language determine music in tone languages?},
	volume = {56},
	year = {2012}}

@phdthesis{Iwundu1994,
	author = {Iwundu, Mataebere},
	school = {University of Nigeria, Nssuka},
	title = {{Igbo} anthroponyms: {{A}} socio-semantic analysis},
	year = {1994}}

@incollection{Partee1999,
	address = {Amsterdam},
	author = {Partee, Barbara},
	booktitle = {{{JFAK}}, a {L}iber {A}micorum for {{Johan}} van {B}enthen on the occasion of his 50th Birthday},
	editor = {J. Gerbrandy and M. Marx and M. de Rijke and Y. Venema},
	pages = {39--57},
	publisher = {University of Amsterdam},
	title = {Weak {{NP}}s in {{HAVE}}-Sentences},
	year = {1999}}

@article{Ekwunife1989,
	author = {Ekwunife, Anthony},
	journal = {African languages and Cultures},
	number = {2},
	pages = {133--146},
	title = {Philosophy and {{African}} traditional religious values},
	volume = {6},
	year = {1989}}

@phdthesis{russel:2006,
	address = {Urbana, IL},
	author = {Russell, Margaret A.},
	school = {University of Illinois at Urbana-Champaign},
	title = {The syntax and placement of {W}olof clitics},
	year = {2006}}

@article{Mursell2018,
	author = {Mursell, Johannes},
	journal = {Jezikoslovlje},
	pages = {427--455},
	title = {Object marking in {{Swahili}} is topic marking},
	volume = {19.3},
	year = {2018}}

@article{Marlo:2014:ExceptionalOmsBantu,
	author = {Marlo, Michael R.},
	date-modified = {2021-06-13 17:06:05 -0700},
	journal = {Studies in African Linguistics},
	pages = {85--123},
	title = {Exceptional patterns of object marking in {B}antu},
	volume = {43},
	year = {2014}}

@incollection{nissenbaum:2000,
	author = {Nissenbaum, John},
	booktitle = {Proceedings  of the {North East Linguistic  Society} 30},
	pages = {541--555},
	title = {Covert Movement and Parasitic Gaps},
	editor = {Masako Hirotani and Andries Coetzee and Nancy Hall and Ji-yung Kim},
	volume = {2},
	year = {2000},
	url = {https://scholarworks.umass.edu/nels/vol30/iss2/10}}

@unpublished{Kpodo2018,
	author = {Kpodo, Pascal and Akpanglo-Nartey, R.},
	date-modified = {2021-06-29 13:05:51 -0700},
	note = {Talk given at the 49th {A}nnual {C}onference on {A}frican {L}inguistics, Michigan State University.},
	title = {The effect of tone on vowel duration: {{T}}he case of {{Ga} and {Ewe}}},
	year = {2018}}

@book{Andrzejewski1964,
	address = {London},
	author = {Andrzejewski, Bogumil W.},
	publisher = {School of Oriental and African Studies, University of London},
	title = {{The declension of {Somali} nouns}},
	year = {1964}}

@phdthesis{Wasike:2007:Thesis,
	author = {Wasike, Aggrey},
	school = {Cornell University},
	title = {The Left Periphery, {{Wh}}-in-Situ and {A}-Bar Movement in {L}ubukusu and other {B}antu languages},
	year = {2007}}

@incollection{steele78,
	address = {Stanford},
	author = {Steele, Susan},
	booktitle = {Universals of human language: {{S}}yntax},
	editor = {Greenberg, Joseph H, Charles Ferguson and E. A. Moravcsik},
	pages = {585--623},
	publisher = {Stanford University Press},
	title = {Word order variation. {{A}} typological study},
	volume = {IV},
	year = {1978}}

@article{Green2016,
	author = {Green, Christopher R. and Morrison, Michelle E.},
	journal = {Morphology},
	number = {1},
	pages = {3--32},
	title = {{{Somali} wordhood and its relationship to prosodic structure}},
	volume = {26},
	year = {2016}}

@incollection{buckley00,
	address = {Trenton, NJ},
	author = {Buckley, Eugene},
	booktitle = {Advances in {African} linguistics},
	date-modified = {2021-07-06 06:44:49 -0700},
	editor = {Carstens, Vicki and Parkinson, Frederick},
	pages = {165--175},
	publisher = {Africa World Press},
	series = {Trends in African linguistics},
	title = {Alignment and weight in the {{Tigrinya}} verb stem},
	volume = {4},
	year = {2000}}

@article{nissenbaumschwarz:2010,
	author = {Nissenbaum, John and Bernhard Schwarz},
	journal = {Natural Language Semantics},
	pages = {1--38},
	title = {Parasitic degree phrases},
	volume = {19},
	year = {2011}}

@article{anderson82,
	author = {Stephen R. Anderson},
	journal = {Linguistic Inquiry},
	pages = {571--612},
	title = {Where's morphology?},
	volume = {13},
	year = {1982}}

@phdthesis{fransen95,
	address = {Amsterdam, The Netherlands},
	author = {Margo A. E. Fransen},
	school = {Vrije Universitet Amsterdam},
	title = {A Grammar of {{Limbum}}: {{A}} {Grassfields} {Bantu} Language},
	year = {1995}}

@incollection{Surakat2009,
	address = {New York},
	author = {Surakat, T.},
	booktitle = {Translation Studies in {{Africa}}},
	date-modified = {2021-06-28 00:21:30 -0700},
	editor = {Inggs, J. and L. Meintjes},
	ids = {Surukat2009},
	pages = {88--109},
	publisher = {Continuum},
	title = {Problems and prospects of translating {Yoruba} verbal art into literary {{English}}: {{A}}n ethnolinguistic approach},
	year = {2009}}

@article{sande2018cross,
	author = {Sande, Hannah L.},
	journal = {Morphology},
	number = {3},
	pages = {253--295},
	publisher = {Springer},
	title = {Cross-word morphologically conditioned scalar tone shift in {{Guébie}}},
	volume = {28},
	year = {2018}}

@misc{2019,
	booktitle = {Glottolog 3.3},
	editor = {Hammarström, Harald and Forkel, Robert and Haspelmath, Martin},
	note = {Dadiya (25 February, 2019).},
	title = {Glottolog 3.3},
	url = {https://glottolog.org/resource/languoid/id/dadi1249},
	year = {2019},
	Bdsk-Url-1 = {https://glottolog.org/resource/languoid/id/dadi1249}}

@article{siewierska99,
	author = {Siewierska, Anna},
	date-modified = {2021-07-07 15:37:29 -0700},
	journal = {Folia Linguistica},
	number = {1-2},
	pages = {225--251},
	title = {From anaphoric pronoun to grammatical agreement marker: {Why} objects don't make it},
	volume = {33},
	year = {1999}}

@article{HG,
	author = {Legendre, Géraldine and Miyata, Yoshiro and Smolensky, Paul},
	date-modified = {2021-06-28 11:53:46 -0700},
	journal = {Computer Science Technical Reports},
	pages = {447},
	sortname = {Legendre, Geraldine and Miyata, Yoshiro and Smolensky, Paul},
	title = {Harmonic grammar: {{A}} formal multi-level connectionist theory of linguistic well-formedness: {{T}}heoretical foundations},
	year = {1990}}

@book{karimi2008minimalist,
	address = {Berlin},
	author = {Karimi, Simin},
	date-modified = {2021-06-13 16:04:11 -0700},
	publisher = {Walter de Gruyter},
	title = {A minimalist approach to scrambling: {{E}}vidence from {P}ersian},
	year = {2008}}

@article{Irimia2018,
	author = {Irimia, Monica Alexandrina},
	journal = {Proceedings of the LSA 2018},
	number = {1},
	pages = {1--15},
	title = {Differential objects and other structural objects},
	volume = {50},
	year = {2018}}

@article{holmberg05,
	author = {Holmberg, Anders},
	date-modified = {2021-07-07 05:37:46 -0700},
	journal = {Linguistic Inquiry},
	number = {4},
	pages = {533--564},
	publisher = {MIT Press},
	title = {Is there a little {\emph{pro}}? {{{E}}}vidence from {F}innish},
	volume = {36},
	year = {2005}}

@article{Diercks2012parameterizing,
	author = {Diercks, Michael},
	date-modified = {2021-06-22 00:30:17 -0700},
	journal = {Syntax},
	number = {3},
	pages = {253--286},
	publisher = {Wiley Online Library},
	title = {Parameterizing Case: {{E}}vidence from {B}antu},
	volume = {15},
	year = {2012}}

@inproceedings{Villepastour2014,
	author = {Amanda Villepastour},
	booktitle = {{Jahrbuch} des {Phonogrammarchivs} der Österreichischen {Akademie} der {Wissenschaften}},
	pages = {29--47},
	title = {Talking tones and singing speech among the {Y}or{\`u}bá of {S}outhwest {N}igeria},
	year = {2014}}

@inproceedings{Proto2016,
	author = {Teresa Proto},
	booktitle = {Tonal Aspects of Languages},
	organization = {University of Buffalo},
	pages = {162--166},
	title = {Methods of analysis for tonal text-setting: {T}he case of {F}e'{F}e' {B}amileke},
	year = {2016}}

@book{OkaforEtAl2008,
	address = {Enugu},
	author = {Okafor, Richard and Lawrence Emeka and Tom A. Inyiama},
	date-modified = {2021-06-27 23:55:20 -0700},
	publisher = {New generation Books},
	title = {{{Igbo}} personal and title names},
	year = {2008}}

@book{Corbett2006,
	address = {Cambridge},
	author = {Corbett, Greville G.},
	date-modified = {2021-07-07 04:29:20 -0700},
	publisher = {Cambridge University Press},
	title = {Agreement},
	year = {2006},
	ids = {corbett2006}
}

@book{mason96,
	address = {Trenton, NJ},
	author = {Mason, John S},
	date-modified = {2021-07-07 06:03:01 -0700},
	publisher = {Red Sea Press},
	title = {{Tigrinya} Grammar},
	year = {1996}}

@article{Mursell:2018:SwahiliOmTopic,
	author = {Mursell, Johannes},
	journal = {Jezikoslovlje},
	number = {3},
	pages = {427--455},
	title = {Object marking in {S}wahili is topic agreement},
	volume = {19},
	year = {2018}}

@book{landau2010,
	address = {Cambridge, MA},
	author = {Landau, Idan},
	date-modified = {2021-07-07 05:54:57 -0700},
	publisher = {MIT Press},
	title = {The Locative Syntax of Experiencers},
	year = {2010}}

@article{Lampitelli2013,
	author = {Lampitelli, Nicola},
	issue = {1},
	journal = {Brill's Journal of {A}froasiatic Languages and Linguistics},
	pages = {117--158},
	title = {The decomposition of {S}omali nouns},
	volume = {5},
	year = {2013}}

@misc{khalil,
	author = {Nubantood Khalil},
	url = {https://www.academia.edu/37659466/The_Accusative_Marker_-ka_in_Nobiin},
	title = {The accusative marker /-ka/ in {N}obiin},
	pubstate = {inpreparation}
}

@article{Kaminski2008,
	author = {Joseph Kaminski},
	journal = {Yearbook for Traditional Music},
	pages = {117--135},
	title = {Surrogate speech of the {A}sante ivory trumpeters of {G}hana},
	volume = {40},
	year = {2008}}

@article{McPherson2020,
	author = {Laura McPherson},
	date-modified = {2021-06-27 23:21:01 -0700},
	journal = {Mandenkan},
	number = {63},
	pages = {68--88},
	title = {On {S}amogo latent nasals},
	year = {2020}}

@article{ackema+neeleman03,
	author = {Peter Ackema and Ad Neeleman},
	journal = {Natural Language and Linguistic Theory},
	pages = {681--735},
	title = {Context-sensitive spell-out},
	volume = {21},
	year = {2003}}

@article{gandour1977interaction,
	author = {Gandour, Jack},
	journal = {Phonetica},
	number = {1},
	pages = {54--65},
	publisher = {Karger Publishers},
	title = {On the interaction between tone and vowel length: {{{E}}}vidence from {{Thai}} dialects},
	volume = {34},
	year = {1977}}

@unpublished{Lampitelli2019,
	author = {Lampitelli, Nicola},
	month = {October},
	note = {Paper presented at the Workshop on {S}omali Grammar, University of Gothenburg},
	title = {On nominal declensions and syntactic case},
	year = {2019}}

@incollection{Rycroft1979,
	address = {Cape Town},
	author = {David Rycroft},
	booktitle = {{South} {A}frican Music Encylopedia},
	editor = {J. P. Malan},
	pages = {301--314},
	publisher = {OUP for Human Sciences Research Council},
	title = {The relationships between speech-tone and melody in {S}outhern {A}frican music},
	volume = {2},
	year = {1979}}

@book{570887,
	address = {Dallas},
	author = {David M. Eberhard and Gary F. Simons and Charles D. Fennig},
	edition = {23},
	hhtype = {overview},
	inlg = {English [eng]},
	lgcode = {Magiyi [gmg]},
	macro_area = {Papunesia},
	publisher = {SIL International},
	src = {hh},
	title = {{Ethnologue}: {L}anguages of the World},
	url = {http://www.ethnologue.com},
	year = {2020},
	Bdsk-Url-1 = {http://www.ethnologue.com}}

@misc{Madu1996,
	address = {New York},
	author = {Madu, Raphael O.},
	publisher = {Peter Lang},
	title = {{{African}} symbols, proverbs and mythsː {T}he Hermeneutics of destiny},
	year = {1996}}

@misc{nobiingeminates,
	author = {Barzilai, Maya L.},
	note = {Manuscript, Georgetown University},
	title = {Phonetics \& Phonology of {N}obiin Geminates},
	year = {2018}}

@incollection{Hyman:2010:AghemFocus,
	address = {Amsterdam},
	author = {Hyman, Larry M.},
	booktitle = {The Expression of Information Structure: {{A}} documentation of its diversity across {A}frica},
	editor = {Fielder, Ines and Schwarz, Anne},
	pages = {95--116},
	publisher = {John Benjamins},
	title = {Focus marking in {A}ghem: {{S}}yntax or semantics?},
	year = {2010}}

@book{baker96,
	address = {New York},
	author = {Mark C. Baker},
	publisher = {Oxford University Press},
	title = {The polysynthesis parameter},
	year = {1996}}

@unpublished{Marlo:2009:LuyiaTonalDialects,
	author = {Marlo, Michael R.},
	date-modified = {2021-06-13 17:06:41 -0700},
	note = {Handout from a talk given at the University of Nairobi, December 16.},
	title = {Luyia Tonal Dialectology},
	year = {2009}}

@article{alexiadou14,
	author = {Alexiadou, Artemis and Anagnostopoulou, Elena and Sevdali, Christina},
	journal = {The Journal of Comparative Germanic Linguistics},
	number = {1},
	pages = {1--34},
	publisher = {Springer},
	title = {Opaque and transparent datives, and how they behave in passives},
	volume = {17},
	year = {2014}}

@phdthesis{Buell:2005:Thesis,
	address = {Los Angeles, CA},
	author = {Leston Buell},
	school = {UCLA},
	title = {Issues in {Z}ulu morphosyntax},
	year = {2005}}

@article{agyekum2006sociolinguistic,
	author = {Agyekum, Kofi},
	date-modified = {2021-06-29 13:17:40 -0700},
	journal = {Nordic journal of African studies},
	number = {2},
	pages = {206--235},
	title = {{The sociolinguistic of {Akan} personal names}},
	volume = {15},
	year = {2006}}

@unpublished{Banti2016,
	author = {Banti, Giorgio},
	month = {August},
	note = {(Paper presented at the {C}olloquium on {A}frican {L}anguages and {L}inguistics 2016, {L}eiden {U}niversity)},
	title = {{T}onal Sandhi in {N}orthern {S}omali},
	year = {2016}}

@book{Langacker1987,
	address = {Stanford, CA},
	author = {Langacker, Ronald},
	publisher = {Stanford University Press},
	title = {Foundations of cognitive grammar: {T}heoretical prerequisites},
	volume = {1},
	year = {1987}}

@inproceedings{matthewsonetal05,
	author = {Matthewson, Lisa and Hotze Rullmann and Henry Davis},
	booktitle = {40th international conference on {Salish} and neighbourig languages},
	title = {Modality in {S}t'at'imcets},
	volume = {93-112},
	year = {2005}}

@unpublished{Puglielli1989,
	author = {Puglielli, Annarita},
	note = {Manuscript},
	title = {Compounds in {S}omali},
	year = {1989}}

@phdthesis{baier18,
	address = {Berkeley, CA},
	author = {Nico Baier},
	school = {University of California at Berkeley},
	title = {Anti-Agreement},
	year = {2018}}

@article{nevins11a,
	author = {Nevins, Andrew},
	date-modified = {2021-07-07 06:10:13 -0700},
	journal = {Natural Language \& Linguistic Theory},
	number = {4},
	pages = {939--971},
	title = {Multiple {A}gree with Clitics: {Person} Complementarity vs. Omnivorous Number},
	volume = {29},
	year = {2011}}

@incollection{kifle07,
	address = {Stanford},
	author = {Kifle, Nazareth Amlesom},
	booktitle = {Proceedings of {LFG07}},
	date-modified = {2021-07-07 05:52:29 -0700},
	editor = {Butt, Miriam \& Holloway King, Tracy},
	pages = {5--25},
	publisher = {CSLI Publications},
	title = {Differential object marking and topicality in {T}igrinya},
	year = {2007}}

@book{Ubahakwe1981,
	address = {Ibadan},
	author = {Ubahakwe, Ebo},
	date-modified = {2021-06-28 00:21:49 -0700},
	publisher = {Daystar Press},
	title = {{{Igbo}} names, their structures and their meanings},
	year = {1981}}

@incollection{keenan76,
	address = {New York},
	author = {Keenan, Edward L},
	booktitle = {Subject and Topic},
	date-modified = {2021-07-07 05:48:52 -0700},
	editor = {Li, Charles N.},
	pages = {303--334},
	publisher = {Academic Press},
	title = {Towards a universal definition of ``{SUBJECT}"},
	year = {1976}}

@incollection{DurantiByarushengo:1977:HayaDirectObject,
	address = {Los Angeles},
	author = {Duranti, Alessandro and Byarushengo, Ernest R.},
	booktitle = {{H}aya grammatical structure},
	editor = {Byarushengo, Ernest R. and Duranti, Alessandro and Hyman, Larry M.},
	pages = {45--71},
	publisher = {Department of Linguistics, University of Southern California},
	title = {On the notion of ``direct object.''},
	year = {1977}}

@article{buell2011zulu,
	author = {Buell, Leston},
	date-modified = {2021-06-13 15:48:28 -0700},
	journal = {Lingua},
	number = {5},
	pages = {805--821},
	publisher = {Elsevier},
	title = {{Zulu} \textit{ngani} `why': {P}ostverbal and yet in {{CP}}},
	volume = {121},
	year = {2011}}

@incollection{Steele1978,
	address = {Stanford},
	author = {Steele, Susan},
	booktitle = {Universals of Human Language: {S}yntax},
	editor = {Greenberg, Joseph H. and Ferguson, Charles A. and Moravcsik, Edith A.},
	pages = {585--623},
	publisher = {Stanford University Press},
	title = {Word order variation: {A} typological study},
	year = {1978}}

@incollection{sport96,
	address = {Dordecht},
	author = {Sportiche, Dominique},
	booktitle = {Phrase structure and the lexicon},
	date-modified = {2021-07-07 15:44:01 -0700},
	editor = {Rooryck, Johan and Zaring, Laura},
	pages = {213--276},
	publisher = {Kluwer Academic Publishers},
	title = {Clitic constructions},
	year = {1996}}

@article{bovskovic04,
	author = {Bošković, Željko},
	date-modified = {2021-07-06 06:40:39 -0700},
	journal = {Journal of Slavic Linguistics},
	number = {1/2},
	pages = {37--90},
	title = {Clitic placement in {{South} {Slavic}}},
	volume = {12},
	year = {2004}}

@misc{barzilaispips,
	author = {Barzilai, Maya L.},
	howpublished = {Paper presented at the {S}egmental {P}rocesses in {I}nteraction with {P}rosodic {S}tructure workshop},
	title = {Phonologically non-optimizing prosodic faithfulness in {N}obiin},
	year = {2019}}

@article{d1977some,
	author = {D'Angelo, Frank J},
	journal = {{College Composition and Communication}},
	number = {4},
	pages = {365--369},
	publisher = {JSTOR},
	sortname = {D'Angelo, Frank J},
	title = {Some uses of proverbs},
	volume = {28},
	year = {1977}}

@article{Hornbostel1928,
	author = {E. M. von Hornbostel},
	journal = {Africa},
	number = {1},
	pages = {30--62},
	title = {{African} Negro Music},
	volume = {1},
	year = {1928}}

@article{Aissen2003,
	author = {Aissen, Judith},
	journal = {Natural Language and Linguistic Theory},
	number = {3},
	pages = {435--483},
	title = {Differential object marking. {I}conicity vs. {{{E}}}conomy},
	volume = {21},
	year = {2003}}

@book{Diesing1992,
	address = {Cambridge, MA},
	author = {Molly Diesing},
	publisher = {MIT Press},
	title = {Indefinites},
	year = {1992}}

@article{HawkinsonHyman1974,
	author = {Hawkinson, Anne and Larry M. Hyman},
	journal = {Studies in African Linguistics},
	number = {2},
	pages = {147--170},
	title = {Natural hierarchies of topic in {{Shona}}},
	volume = {5},
	year = {1974}}

@unpublished{Maho:2008:GuthrieUpdate,
	author = {Maho, Jouni},
	note = {Version dated March 25th, 2008. Available online at http://goto.glocalnet.net/maho/bantusurvey.html.},
	title = {{{{NUGL}}} Online: {{T}}he web version of the New Updated {G}uthrie List, a referential classification of the {B}antu languages},
	year = {2008}}

@book{spencerandluis,
	address = {Cambridge},
	author = {Spencer, Andrew and Luís, Ana R},
	publisher = {Cambridge University Press},
	sortname = {Spencer, Andrew and Luís, Ana R},
	title = {Clitics: {{A}}n Introduction},
	year = {2012}}

@incollection{Silverstein1976,
	address = {Canberra},
	author = {Silverstein, Michael},
	booktitle = {Grammatical categories in {{Australian}} languages},
	editor = {Dixon, Robert M. W},
	pages = {112--171},
	publisher = {Australian Institute of Aboriginal Studies},
	title = {Hierarchy of features and ergativity},
	year = {1976}}

@phdthesis{Riedel2009,
	address = {Leiden, Netherlands},
	author = {Kristina Riedel},
	school = {University of Leiden},
	title = {The syntax of object marking in {S}ambaa},
	year = {2009}}

@incollection{KonoshenkoKuznetsova2015,
	address = {Switzerland},
	author = {Maria Konoshenko and Ogla Kuznetsova},
	booktitle = {Language, Music, and Computing. {{LMAC}} 2015.},
	date-modified = {2021-06-27 23:11:53 -0700},
	editor = {P. Eismont and N. Konstantinova},
	pages = {166--175},
	publisher = {Springer},
	series = {Communications in Computer and Information Science},
	title = {Songs in {A}frican tonal languages: {{C}}ontrasting the tonal system and the melody},
	volume = {561},
	year = {2015}}

@article{holmbergetal19,
	author = {Anders Holmberg and Michelle Sheehan and van der Wal, Jenneke},
	date-modified = {2021-06-22 00:18:04 -0700},
	journal = {Linguistic Inquiry},
	number = {4},
	pages = {677--722},
	title = {Movement from the Double Object Construction is not fully symmetrical},
	volume = {50},
	year = {2019}}

@phdthesis{dunigan:1994,
	address = {Chapel Hill, NC},
	author = {Dunigan, Melynda B.},
	school = {University of North Carolina at Chapel Hill},
	title = {On the clausal structure of {W}olof},
	year = {1994}}

@incollection{chomsky2001,
	address = {Cambridge},
	author = {Chomsky, Noam},
	booktitle = {{Ken Hale}: {A} life in language},
	date-modified = {2021-07-06 06:48:36 -0700},
	editor = {Kenstowicz, Michael},
	pages = {1--52},
	publisher = {MIT Press},
	title = {Derivation by phase},
	year = {2001}}

@book{Dooley2017,
	address = {Dallas, TX},
	author = {Dooley, Robert A.},
	date-modified = {2021-06-28 12:05:11 -0700},
	number = {125},
	publisher = {SIL International},
	series = {SIL Electronic Working Papers},
	title = {Information structure: An introduction},
	year = {2017}}

@incollection{chomsky2000,
	address = {Cambridge, MA},
	author = {Chomsky, Noam},
	booktitle = {Step by step: {Essays} on minimalist syntax in honor of {Howard Lasnik}},
	editor = {Martin, Roger and Michaels, David and Uriagereka, Juan},
	pages = {89--155},
	publisher = {MIT Press},
	title = {Minimalist inquiries: {The} framework},
	year = {2000}}

@article{deHoop+malchukov08,
	author = {Helen de Hoop and Andrej Malchukov},
	journal = {Linguistic Inquiry},
	number = {4},
	pages = {565--587},
	title = {Case-Marking Strategies},
	volume = {39},
	year = {2008}}

@book{Croft2001a,
	address = {Oxford},
	author = {Croft, William},
	publisher = {Oxford University Press},
	title = {Radical {C}onstruction {G}rammar: {{S}}yntactic theory in typological perspective},
	year = {2001}}

@book{myler16,
	address = {Cambridge, MA},
	author = {Myler, Neil},
	date-modified = {2021-07-07 06:09:04 -0700},
	publisher = {MIT Press},
	title = {Building and interpreting possession sentences},
	year = {2016}}

@article{Roberts2016,
	author = {Roberts, David and Walter, Steven and Snider, Keith},
	journal = {Language and Speech},
	pages = {1--113},
	title = {Neither deep nor shallow: {{T}}esting the optimal orthographic depth for the representation of tone in {K}abiye ({T}ogo)},
	volume = {59},
	year = {2016}}

@article{aissen03,
	author = {Aissen, Judith},
	journal = {Natural Language \& Linguistic Theory},
	number = {3},
	pages = {435--483},
	publisher = {Springer},
	title = {Differential object marking: {{I}}conicity vs. {{{E}}}conomy},
	volume = {21},
	year = {2003}}

@incollection{Schwarz:2007:KikuyuFocus,
	address = {Berlin},
	author = {Schwarz, Florian},
	booktitle = {Focus Strategies in {A}frican Languages: {{T}}he Interaction of Focus, Grammar in {N}iger-{C}ongo \& {A}fro-{A}siatic},
	editor = {Aboh, Enoch Oladé and Hartmann, Katharina and Zimmermann, Malte},
	pages = {139--160},
	publisher = {Mouton de Gruyter},
	title = {Ex-situ focus in {K}ikuyu},
	year = {2007}}

@inbook{Roberts2013,
	address = {Amsterdam},
	author = {Roberts, David},
	booktitle = {Typology of writing systems},
	editor = {Borgwaldt, Susanne R. and Joyce, Terry},
	pages = {85--111},
	publisher = {John Benjamins},
	title = {A tone orthography typology},
	year = {2013}}

@book{Yip2002,
	address = {Cambridge, UK},
	author = {Yip, Moira},
	publisher = {Cambridge University Press},
	title = {Tone},
	year = {2002}}

@incollection{Odden15,
	address = {Oxford},
	author = {Odden, David},
	booktitle = {{{Oxford} Handbooks Online}},
	publisher = {Oxford University Press},
	title = {{Bantu} Phonology},
	doi = {10.1093/oxfordhb/9780199935345.013.59},
	year = {2015}}

@article{MartenRamadhani:2001:KiluguruOM,
	author = {Marten, Lutz and Ramadhani, Deograsia},
	journal = {SOAS Working Papers in Linguistics},
	pages = {259--275},
	title = {An overview of object marking in {K}iluguru},
	volume = {11},
	year = {2001}}

@book{Jones1959,
	address = {London},
	author = {A. M. Jones},
	publisher = {Oxford University Press},
	title = {Studies in {A}frican Music},
	year = {1959}}

@misc{Boersma2017,
	author = {Boersma, Paul and Weenink, David},
	biburl = {https://www.bibsonomy.org/bibtex/232367795348acf2f7ca08c2bccf47c28/lran022},
	interhash = {aa077a0d2d1779b7712a998e30e6f989},
	intrahash = {32367795348acf2f7ca08c2bccf47c28},
	title = {Praat: {{D}}oing phonetics by computer ({Version} 5.1.13)},
	url = {http://www.praat.org},
	year = {2017},
	Bdsk-Url-1 = {http://www.praat.org}}

@incollection{bejar08,
	address = {Oxford},
	author = {Béjar, Susana},
	booktitle = {Phi Theory: {Phi}-Features across Modules and Interfaces},
	date-modified = {2021-07-06 06:25:14 -0700},
	editor = {Harbour, Daniel and David Adger and Béjar, Susana},
	pages = {130-154},
	publisher = {Oxford University Press},
	sortname = {B{e}jar, Susana},
	title = {Conditions on {Phi-Agree}},
	year = {2008}}

@article{McPherson2019glossa,
	author = {Laura McPherson},
	date-modified = {2021-06-27 23:19:13 -0700},
	doi = {10.5334/gjgl.798},
	ids = {McPherson2019c},
	journal = {Glossa},
	number = {1},
	pages = {22},
	title = {Seenku argument-head tone sandhi: {A}llomorph selection in a cyclic grammar},
	volume = {4},
	year = {2019},
}

@phdthesis{Henderson:2006:Thesis,
	address = {Urbana, IL},
	author = {Henderson, Brent},
	school = {University of Illinois at Urbana-Champaign},
	title = {The syntax and typology of {B}antu relative clauses},
	year = {2006}}

@article{McPhersonBalafon2018,
	author = {Laura McPherson},
	ids = {McPherson2019a},
	journal = {Anthropological Linguistics},
	number = {3},
	pages = {255--294},
	title = {The talking balafon of the {S}ambla: {G}rammatical principles and documentary implications},
	volume = {60},
	year = {2018}}

@article{McPherson2017morphology,
	author = {Laura McPherson},
	journal = {Morphology},
	number = {2},
	pages = {217--252},
	title = {Multiple feature affixation in {S}eenku plural formation},
	volume = {27},
	year = {2017}}

@incollection{hale72,
	address = {Albuquerque},
	author = {Ken Hale},
	booktitle = {New Perspectives on the Pueblos},
	date-modified = {2021-06-22 00:15:57 -0700},
	editor = {A. Ortiz},
	pages = {87--103},
	publisher = {University of New Mexico Press},
	title = {A New Perspective on {American} {Indian} Linguistics},
	year = {1972}}

@incollection{adger11,
	address = {Amsterdam},
	author = {David Adger},
	booktitle = {Resumptive Pronouns at the Interfaces},
	editor = {Alain Rouveret},
	pages = {343--365},
	publisher = {John Benjamins},
	title = {Bare resumptives},
	year = {2011}}

@article{Armstrong1934,
author = {Armstrong, Lilias E.},
journal = {Mitteilungen des Seminars f{\"u}r Orientalische Sprachen zu Berlin},
number = {3},
pages = {116--161},
title = {{The Phonetic Structure of Somali}},
volume = {37},
year = {1934}
}

@article{Duranti1979,
	author = {Duranti, Alessandro},
	journal = {Studies in African Linguistics},
	pages = {31---45},
	title = {Object clitic pronouns in {{Bantu}} and the Topicality Hierarchy},
	volume = {10},
	year = {1979}}

@book{Zorc1993,
	address = {Kensington},
	author = {Zorc, R. David and Osman, Madina M.},
	edition = {3},
	publisher = {Dunwoody Press},
	title = {{Somali} - {{{E}}}nglish Dictionary with {{{E}}}nglish Index},
	year = {1993}}

@incollection{mccloskey97,
	address = {Dordecht},
	author = {McCloskey, Jim},
	booktitle = {Elements of Grammar},
	editor = {Haegeman, Liliane},
	pages = {197--235},
	publisher = {Kluwer Academic Publishers},
	title = {Subjecthood and Subject Positions},
	year = {1997},
	doi = {10.1007/978-94-011-5420-8_5}}

@article{levi2005,
	author = {Levi, Susannah V},
	journal = {Journal of the International Phonetic Association},
	number = {1},
	pages = {73--97},
	publisher = {Cambridge University Press},
	title = {Acoustic correlates of lexical accent in {{Turkish}}},
	volume = {35},
	year = {2005}}

@article{jaya2004,
	author = {Jayaseelan, Karattuparambil A},
	journal = {Typological Studies in Language},
	pages = {227--244},
	title = {The possessor-experiencer dative in {M}alayalam},
	volume = {60},
	year = {2004}}

@book{hornstein1995logical,
	address = {Oxford},
	author = {Hornstein, Norbert},
	publisher = {Blackwell Oxford},
	title = {Logical form: {F}rom {{GB}} to minimalism},
	year = {1995}}

@phdthesis{Adams:2010:Thesis,
	author = {Adams, Nikki},
	school = {University of Chicago},
	title = {The {Z}ulu ditransitive verb phrase},
	year = {2010}}

@inproceedings{Matisoff1990,
	author = {James A. Matisoff},
	booktitle = {Proceedings of the 16th Annual Meeting of the {B}erkeley {L}inguistics {S}ociety},
	pages = {543--559},
	title = {Bulging monosyllables: {A}real tendencies in {S}outheast {A}sian diachrony},
	year = {1990}}

@incollection{lowenstamm96,
	address = {University of Salford},
	author = {Lowenstamm, Jean},
	booktitle = {Current trends in phonology: {Models} and methods},
	date-modified = {2021-07-07 05:57:54 -0700},
	editor = {Laks, Bernard and Durand, Jacques},
	pages = {419--441},
	publisher = {European Studies Research Institute},
	title = {{CV} as the only syllable type},
	year = {1996}}

@phdthesis{oxford14,
	author = {Oxford, Robert William},
	school = {University of Toronto},
	title = {Microparameters of agreement: {{A}} diachronic perspective on {{Algonquian}} verb inflection},
	year = {2014}}

@inbook{Vydrin2016,
	author = {Vydrin, Valentin},
	booktitle = {Tone and inflection: {{N}}ew facts and new perspectives},
	date-modified = {2021-06-28 12:04:02 -0700},
	editor = {Palancar, Enrique L. and Léonard, Jean Léo},
	note = {Also at https://halshs.archives-ouvertes.fr/halshs-01287458/document},
	pages = {83--105},
	publisher = {De Gruyter},
	title = {Tonal inflection in {Mande} languages: {{T}}he cases of Bamana and Dan-Gwɛɛtaa},
	urldate = {2020-01-29},
	year = {2016}}

@incollection{hamilton14,
	address = {East Lansing},
	author = {Hamilton, Michael},
	booktitle = {Papers of the Forty-Fifth {A}lgonquian Conference},
	date-modified = {2021-07-07 05:35:24 -0700},
	editor = {Macaulay, Monica and Noodin, Margaret and Valentine, J. Randolph},
	pages = {73-91},
	publisher = {Michigan State University Press},
	title = {Multiple instances of agreement in {Mi'gmaq} verbs},
	year = {2014}}

@article{anttilaCT,
	author = {Anttila, Arto},
	journal = {Natural Language \& Linguistic Theory},
	number = {1},
	pages = {1--42},
	title = {Morphologically conditioned phonological alternations},
	volume = {20},
	year = {2002}}

@incollection{adger00,
	address = {San Diego, CA},
	author = {David Adger},
	booktitle = {The Nature and Function of Syntactic Categories},
	editor = {Robert D. Borsley and Jaklin Kornfilt},
	pages = {79--100},
	publisher = {Academic Press},
	title = {Feature checking under adjacency and {{VSO}} clause structure},
	year = {2000}}

@book{Keine2010,
	address = {Berlin/New York},
	author = {Stefan Keine},
	publisher = {de {G}ruyter},
	title = {Case and agreement from fringe to core: {A} minimalist approach},
	year = {2010}}

@article{Stern1957,
	author = {Theodore Stern},
	journal = {American Anthropologist},
	pages = {487--506},
	title = {Drum and whistle ``languages'': {A}n analysis of speech surrogates},
	volume = {59},
	year = {1957}}

@article{ameka2017ghana,
	author = {Ameka, Felix K},
	date-modified = {2021-06-13 15:45:55 -0700},
	journal = {Language Typology and Universals},
	number = {2},
	pages = {239--244},
	publisher = {De Gruyter},
	title = {The {G}hana-{T}ogo {M}ountain languages: {I}ntroduction},
	volume = {70},
	year = {2017}}

@article{rosewalker,
	author = {Rose, Sharon and Walker, Rachel},
	journal = {Language},
	number = {3},
	pages = {475--531},
	title = {A typology of consonant agreement as correspondence},
	volume = {80},
	year = {2004}}

@phdthesis{riedel09,
	address = {Leiden, The Netherlands},
	author = {Riedel, Kristina},
	school = {Universiteit Leiden},
	title = {The syntax of object marking in {Sambaa}: {A} comparative {Bantu} perspective},
	year = {2009}}

@article{BaxDiercks:2012:ManyikaOm,
	author = {Bax, Anna and Diercks, Michael},
	date-modified = {2021-06-28 11:55:57 -0700},
	journal = {Southern African Linguistics and Applied Language Studies},
	pages = {185--202},
	title = {Information structure constraints on object marking in {M}anyika},
	volume = {30},
	year = {2012}}

@article{jouitteau+rezac06,
	author = {Mélanie Jouitteau and Milan Rezac},
	journal = {Lingua},
	pages = {1915--1945},
	sortname = {Melanie Jouitteau and Milan Rezac},
	title = {Deriving the {Complementarity} {Effect}: {{R}}elativized minimality in {{Breton}} agreement},
	volume = {116},
	year = {2006}}

@incollection{giustiandstavrou08,
	address = {Amsterdam},
	author = {Giusti, Giuliana and Stavrou, Melita},
	booktitle = {Clitic doubling in the {Balkan} languages},
	date-modified = {2021-07-07 05:04:59 -0700},
	editor = {Kallulli, Dalina and Tasmowski, Liliane},
	pages = {389--433},
	publisher = {John Benjamins},
	title = {Possessive clitics in the {{DP}}: {{D}}oubling or dislocation},
	year = {2008}}

@article{svantesson2006,
	author = {Svantesson, Jan-Olof and House, David},
	journal = {Phonology},
	pages = {309--333},
	publisher = {JSTOR},
	title = {Tone production, tone perception and {{Kammu} }tonogenesis},
	volume = {23},
	year = {2006}}

@book{anderson05,
	address = {Oxford},
	author = {Anderson, Stephen R.},
	publisher = {Oxford University},
	title = {Aspects of the Theory of Clitics},
	year = {2005}}

@article{weisser19,
	author = {Philipp Weisser},
	doi = {10.5334/gjgl.803},
	journal = {Glossa},
	number = {1},
	pages = {86},
	title = {Telling allomorphy from agreement},
	volume = {4},
	year = {2019},
}

@article{Enger2012,
	author = {Enger, Hans-Olav and Corbett, Greville G.},
	issue = {4},
	journal = {Journal of Germanic Linguistics},
	pages = {287--324},
	title = {{Definiteness, gender, and hybrids: {{{E}}}vidence from {Norwegian} dialects}},
	volume = {24},
	year = {2012}}

@article{zwickyandpullum,
	author = {Zwicky, Arnold M. and Pullum, Geoffrey K},
	journal = {Language},
	number = {3},
	pages = {502--513},
	title = {Cliticization vs. {{I}}nflection: {{English}} n't},
	volume = {59},
	year = {1983}}

@book{Caney1984,
	address = {Hamburg},
	author = {Caney, John Charles},
	publisher = {Helmut Buske Verlag},
	title = {The modernisation of {S}omali vocabulary, with particular reference to the period from 1972 to the present},
	year = {1984}}

@article{HymanSchuh1974,
	author = {Hyman, Larry M.  and Schuh, Russell G.},
	journal = {Linguistic Inquiry},
	number = {1},
	pages = {81--115},
	title = {Universals of tone rules: {{E}}vidence from {W}est {A}frica},
	volume = {5},
	year = {1974}}

@incollection{driemel+nformi18,
	address = {T{ü}bingen},
	author = {Imke Driemel and Jude Nformi},
	booktitle = {Proceedings of {{TripleA}} 4: {{F}}ieldwork Perspectives on the Semantics of {African}, {Asian} and {Austronesian} Languages},
	editor = {Elizabeth Bogal-Allbritten and Elizabeth Coppock},
	pages = {17--30},
	publisher = {Universitätsbibliothek T{ü}bingen},
	title = {Focus strategies in {{Limbum}}},
	year = {2018}}

@article{Harris94,
	author = {Harris, John},
	journal = {UCL Working Papers in Linguistics},
	pages = {509--547},
	title = {{Monovalency and opacity: {{C}}hiche{\^w}a height harmony}},
	volume = {6},
	year = {1994}}

@article{bejarandrezac09,
	author = {Béjar, Susana and Rezac, Milan},
	date-modified = {2021-07-06 06:26:34 -0700},
	journal = {Linguistic Inquiry},
	pages = {35--73},
	sortname = {B{e}jar, Susana and Rezac, Milan},
	title = {Cyclic {A}gree},
	volume = {40},
	year = {2009}}

@phdthesis{pranka83,
	address = {Cambridge, MA},
	author = {Paula Pranka},
	school = {MIT},
	title = {Syntax and word formation},
	year = {1983}}

@unpublished{compton14,
	author = {Compton, Richard},
	date-modified = {2021-07-07 04:14:34 -0700},
	note = {Poster presented at GLOW37},
	title = {An argument for genuine object phi-agreement in {Inuit}: {Evidence} from mood variance},
	year = {2014}}

@book{engdahl86,
	address = {Dordrecht},
	author = {Elisabet Engdahl},
	publisher = {Reidel},
	title = {Constituent Questions},
	year = {1986}}

@incollection{Haspelmath2018,
	address = {Berlin},
	author = {Haspelmath, Martin},
	booktitle = {Aspects of Linguistic Variation},
	editor = {Olmen, Daniël and Mortelmans, Tanja and Brisard, Frank},
	pages = {83--114},
	publisher = {De Gruyter},
	title = {How comparative concepts and descriptive linguistic categories are different},
	year = {2018}}

@incollection{davissinhala,
	address = {Cambridge},
	author = {Davis, Stuart},
	booktitle = {The Syllable in Optimality Theory},
	date-modified = {2021-06-28 11:47:26 -0700},
	editor = {Caroline Féry, Ruben van de Vijver},
	pages = {77--98},
	publisher = {Cambridge University Press},
	title = {The controversy over geminates and syllable weight},
	year = {2003}}

@phdthesis{Pepper2020,
	author = {Pepper, Steve},
	school = {University of Oslo},
	title = {The typology and semantics of binominal lexemes: {N}oun-noun compounds and their functional equivalents},
	year = {2020}}

@mastersthesis{Kaldhol2017,
	author = {Kaldhol, Nina Hagen},
	school = {University of Oslo},
	title = {The {O}slo dialect of {S}omali: {T}onal adaptations of {{Norwegian}} loanwords},
	year = {2017}}

@article{MartenKula:2012:BantuOmParameters,
	author = {Marten, Lutz and Kula, Nancy C.},
	journal = {Southern African Linguistics and Applied Language Studies},
	number = {2},
	pages = {237--253},
	title = {Object marking and morphosyntactic variation in {{Bantu}}},
	volume = {30},
	year = {2012}}

@article{Hudson1987,
	author = {Hudson, Richard A.},
	issue = {1},
	journal = {Journal of {L}inguistics},
	pages = {109--132},
	title = {{Zwicky on heads}},
	volume = {23},
	year = {1987}}

@incollection{dakubu1988central,
	address = {Milton Park},
	author = {Dakubu, Mary Esther Kropp and Ford, Kevin C.},
	booktitle = {The Languages of {Ghana}},
	date-modified = {2021-06-13 15:54:12 -0700},
	editor = {Mary Esther Kropp Dakubu},
	pages = {119--154},
	publisher = {Routledge},
	title = {The central-{T}ogo languages},
	year = {1988}}

@incollection{compton16,
	address = {Amherst, MA},
	author = {Compton, Richard},
	booktitle = {{NELS 46}: {Proceedings} of the 46th annual meeting of the {N}orth {E}ast {L}inguistic {S}ociety},
	date-modified = {2021-07-07 04:25:27 -0700},
	editor = {Hammerly, Christopher and Prickett, Brandon},
	pages = {241--250},
	publisher = {GLSA},
	title = {Mutually conditioned mood and object agreement in Inuit},
	volume = {46},
	year = {2016}}

@phdthesis{Riedel:2009:Thesis,
	address = {Leiden, The Netherlands},
	author = {Riedel, Kristina},
	school = {Universiteit Leiden},
	title = {The syntax of object marking in {S}ambaa: {{A}} comparative {B}antu perspective},
	year = {2009}}

@article{franich2016internal,
	author = {Franich, Kathryn H},
	journal = {The Journal of the Acoustical Society of America},
	number = {1},
	pages = {EL107--EL112},
	publisher = {ASA},
	title = {Internal and contextual cues to tone perception in {Medumba}},
	volume = {140},
	year = {2016}}

@incollection{freidin86,
	address = {Dordrecht},
	author = {Robert Freidin},
	booktitle = {Studies in the acquisition of anaphora},
	editor = {Barbara Lust},
	pages = {151--188},
	publisher = {Reidel},
	title = {Fundamental issues in the theory of binding},
	year = {1986}}

@incollection{postal69,
	address = {Englewood Cliffs, NJ},
	author = {Paul Postal},
	booktitle = {Modern Studies in {{English}}: {{R}}eadings in Transformational Grammar},
	editor = {David A. Reibel and Sanford A. Schane},
	pages = {201--224},
	publisher = {Prentice-Hall},
	title = {On {So}-Called ``Pronouns'' in {{English}}},
	year = {1969}}

@incollection{pesetskyandtorrego2007,
	address = {Amsterdam},
	author = {Pesetsky, David and Torrego, Esther},
	booktitle = {Phrasal and Clausal Architecture: {Syntactic} derivation and interpretation. In honor of {Joseph E. Emonds}.},
	date-modified = {2021-07-07 06:42:50 -0700},
	editor = {Karimi, Simin and Samiian, Vida and Wilkins, Wendy K.},
	pages = {262--294},
	publisher = {John Benjamins},
	title = {The syntax of valuation and the interpretability of features},
	year = {2007}}

@article{Harris97,
	author = {Harris, John},
	journal = {Phonology},
	pages = {315--370},
	title = {{Licensing inheritance: {{A}}n integrated theory of neutralization}},
	volume = {14},
	year = {1997}}

@phdthesis{HarfordPerez1985,
	address = {Madison, WI},
	author = {Harford Perez, Carolyn},
	school = {University of Wisconsin-Madison},
	title = {Aspects of Complementation in Three {B}antu Languages},
	year = {1985}}

@article{shih,
	author = {Shih, Stephanie S},
	date-modified = {2021-06-28 11:54:57 -0700},
	journal = {Phonology},
	number = {2},
	pages = {243--268},
	title = {Constraint conjunction in weighted probabilistic grammar},
	volume = {34},
	year = {2017}}

@incollection{Hyman99,
	address = {Stanford, CA},
	author = {Hyman, Larry M.},
	booktitle = {{Bantu} Historical Linguistics: {T}heoretical and Empirical Perspectives},
	editor = {Hombert, Jean-Marie and Hyman, Larry M.},
	pages = {235--295},
	publisher = {CSLI Publications},
	title = {The Historical Interpretation of Vowel Harmony in {B}antu},
	year = {1999}}

@misc{FrancoManzini2017,
	author = {Franco, Ludovico and M. Rita Manzini},
	journal = {Revue Roumaine de Linguistique},
	pages = {427--444},
	title = {Genitive/`of' arguments in {{DOM}} contexts},
	volume = {LXII},
	year = {2017}}

@inbook{rizzi2001position,
	address = {Leiden, The Netherlands},
	author = {Rizzi, Luigi},
	date-modified = {2021-06-13 16:25:09 -0700},
	editor = {Cinque, Guglielmo and Salvi, Giampaolo},
	journal = {Current studies in Italian syntax: Essays offered to Lorenzo Renzi},
	pages = {287--296},
	publisher = {Brill},
	title = {On the position ``{I}nt(errogative)'' in the left periphery of the clause},
	volume = {59},
	year = {2001}}

@unpublished{smolenskyLC,
	author = {Smolensky, Paul},
	date-modified = {2021-06-28 11:55:21 -0700},
	note = {Paper presented at the Rutgers Optimality Workshop},
	title = {Harmony, markedness, and phonological activity.},
	year = {1993}}

@inbook{KutschLojenga2014,
	address = {Dallas, TX},
	author = {Kutsch Lojenga, Constance},
	booktitle = {Developing orthographies for unwritten languages},
	editor = {Cahill, Michael and Keren Rice},
	pages = {49--72},
	publisher = {SIL International},
	title = {Orthography and Tone: {{A}} tone-system typology with implications for orthography development},
	year = {2014}}

@book{EberhardFennig2019,
	address = {Ethnologue. Dallas, TX},
	booktitle = {Dadiya},
	editor = {Eberhard, David M. and Simons, Gary F. and Charles D. Fennig},
	note = {(25 February, 2019).},
	publisher = {SIL International},
	title = {Dadiya},
	url = {http://www.ethnologue.com},
	year = {2019},
	Bdsk-Url-1 = {http://www.ethnologue.com}}

@book{ethnologue,
	address = {Dallas, TX},
	booktitle = {{Ethnologue}: {{L}}anguages of the {World}},
	edition = {22},
	editor = {David M. Eberhard and Gary F. Simmons and Charles D. Fennig},
	publisher = {SIL International},
	title = {{Ethnologue}: {{L}}anguages of the {World}},
	year = {2019}}

@book{bianchi:1999,
	address = {Berlin},
	author = {Bianchi, Valentina},
	publisher = {Mouton de Gruyter},
	title = {Consequences of antisymmetry: {H}eaded Relative Clauses},
	year = {1999}}

@book{Aligwekwe1991,
	address = {Owerri},
	author = {Aligwekwe, Pauline E.},
	publisher = {Totan Publishers Ltd},
	title = {The continuity of traditional values in the {{African}} Society? {{T}}he {{Igbo}} of {{Nigeria}}},
	year = {1991}}

@incollection{Wagner:2012:FocusGivenness,
	address = {Cambridge},
	author = {Wagner, Michael},
	booktitle = {Contrasts and Positions in Information Structure},
	editor = {Kučerová, Ivona and Neeleman, Ad},
	pages = {102--147},
	publisher = {Cambridge University Press},
	title = {Focus and givenness: {{A}} unified approach},
	year = {2012}}

@phdthesis{bleam99,
	author = {Bleam, Tonia},
	journal = {Unpublished Ph. D. thesis},
	school = {University of Delaware},
	title = {{Le}ísta {{Spanish}} and the Syntax of Clitic Doubling},
	year = {1999}}

@article{HymanWatters:1984:AuxFocus,
	author = {Hyman, Larry M. and Watters, John R.},
	journal = {Studies in African Linguistics},
	pages = {233--273},
	title = {Auxiliary focus},
	volume = {15},
	year = {1984}}

@article{harizanov14,
	author = {Harizanov, Boris},
	journal = {Natural Language \& Linguistic Theory},
	number = {4},
	pages = {1033--1088},
	publisher = {Springer},
	title = {Clitic doubling at the syntax-morphophonology interface},
	volume = {32},
	year = {2014}}

@article{Kalin2018,
	author = {Kalin, Laura},
	journal = {Syntax},
	number = {2},
	pages = {112--159},
	title = {Licensing and differential object marking: {{T}}he view from {{Neo}}-Aramaic},
	volume = {21},
	year = {2018}}

@conference{Mamadou2018,
	address = {East Lansing},
	author = {Dine Mamadou},
	booktitle = {49th {A}nnual {C}onference on {A}frican {L}inguistics},
	date = {2018-03-24},
	date-modified = {2021-06-27 23:40:28 -0700},
	organization = {Michigan State University},
	title = {Influence of level tones on vowel duration in {{Yoruba}}},
	year = {2018}}

@book{chomsky1995,
	address = {Cambridge},
	author = {Chomsky, Noam},
	date-modified = {2021-07-06 06:45:27 -0700},
	publisher = {Cambridge University Press},
	title = {The {M}inimalist program},
	year = {1995}}

@incollection{HymanPolinsky:2010:AghemFocus,
	address = {Oxford},
	author = {Hyman, Larry M. and Polinsky, Maria},
	booktitle = {Information Structure: {{T}}heoretical, Typological, and Experimental Perspectives},
	editor = {Zimmerman, Malte and Féry, Caroline},
	pages = {206--233},
	publisher = {Oxford University Press},
	title = {Focus in {A}ghem},
	year = {2010}}

@misc{Mathangwane94,
	author = {Mathangwane, Joyce},
	note = {Available to download from the Comparative Bantu Online Dictionary.},
	title = {{{Kalanga} lexical database}},
	url = {http://www.cbold.ish-lyon.cnrs.fr/Dico.asp?Langue=Kalanga},
	year = {1994},
	Bdsk-Url-1 = {http://www.cbold.ish-lyon.cnrs.fr/Dico.asp?Langue=Kalanga}}

@incollection{beckeretal19,
	address = {Berlin},
	author = {Laura Becker and Imke Driemel and Jude Nformi},
	booktitle = {{{African}} Linguistics across the Disciplines: {{S}}elected Papers from the 48th {Annual} {Conference} on {{{African}}} {Linguistics}},
	editor = {Samson Lotven and Silvina Bongiovanni and Phillip Weirich and Robert Botne and Samuel Gyasi Obeng},
	pages = {219--237},
	publisher = {Language Science Press},
	series = {Contemporary {African} {Lingusitics}},
	title = {Focus in {{Limbum}}},
	volume = {5},
	year = {2019}}

@mastersthesis{Godon1998,
	author = {Godon, Elsa},
	school = {Université de Paris VII},
	title = {Aspects de la morphologie nominale du somali: {{L}}a formation du pluriel},
	year = {1998}}

@article{Zeller:2012:ZuluOM,
	author = {Zeller, Jochen},
	date-modified = {2021-06-13 17:10:45 -0700},
	journal = {Southern {A}frican Linguistics and Applied Language Studies},
	pages = {219--325},
	title = {Object marking in {Z}ulu},
	volume = {30},
	year = {2012}}

@incollection{Moskal2019,
	address = {Oxford},
	author = {Moskal, Beata and Smith, Peter W.},
	booktitle = {{Oxford} Research Encyclopedia of Linguistics},
	doi = {10.1093/acrefore/9780199384655.013.583},
	publisher = {Oxford University Press},
	title = {The Status of Heads in Morphology},
	year = {2019}
}

@incollection{RBO15,
	address = {Oxford},
	author = {Berm{\'u}dez-Otero, Ricardo},
	booktitle = {The {O}xford Handbook of Historical Phonology},
	editor = {Honeybone, Patrick and Salmons, Joseph},
	pages = {374--399},
	publisher = {Oxford University Press},
	sortname = {Bermudez-Otero, Ricardo},
	title = {{Amphichronic explanation and the life cycle of phonological processes}},
	year = {2015}}

@article{baker12,
	author = {Baker, Mark C.},
	journal = {Linguistic Inquiry},
	number = {1},
	pages = {255--274},
	publisher = {MIT Press},
	title = {On the relationship of object agreement and accusative case: {{{E}}}vidence from {A}mharic},
	volume = {43},
	year = {2012}}

@article{Zeller:2014:ZuluOm3Types,
	author = {Zeller, Jochen},
	date-modified = {2021-06-13 17:10:57 -0700},
	journal = {Linguistische Berichte},
	pages = {347--367},
	title = {Three types of object marking in {B}antu},
	volume = {239},
	year = {2014}}

@article{Pietraszko2019,
	author = {Pietraszko, Asia},
	date-modified = {2021-06-22 00:45:15 -0700},
	journal = {Natural Language and Linguistic Theory},
	pages = {579--599},
	title = {The coming apart of case and focus in {{Bantu}}},
	volume = {34},
	year = {2021}}

@phdthesis{torrence:2005,
	address = {Los Angeles, CA},
	author = {Torrence, Harold},
	school = {University of California, Los Angeles},
	title = {On the distribution of complementizers in {W}olof},
	year = {2005}}

@incollection{Jackendoff2016,
	address = {Cambridge},
	author = {Jackendoff, Ray},
	booktitle = {The semantics of compounding},
	editor = {{ten Hacken}, Pius},
	pages = {15--37},
	publisher = {Cambridge University Press},
	title = {{{English} noun-noun compounds in Conceptual Semantics}},
	year = {2016}}

@book{obeng2001african,
	address = {Munich},
	author = {Obeng, Samuel Gyasi},
	publisher = {Lincom Europa},
	title = {{African} anthroponymy: {A}n ethnopragmatic and morphophonological study of personal names in {A}kan and some {A}frican societies},
	volume = {8},
	year = {2001}}

@incollection{Longacre2007,
	address = {New York},
	author = {Longacre, Robert E.},
	booktitle = {Language Typology and Syntactic Description, Vol. {{{II}}}: {{C}}omplex Constructions},
	edition = {2},
	editor = {Timothy Shopen},
	pages = {372--420},
	publisher = {Cambridge University Press},
	title = {Sentences as combinations of clauses},
	year = {2007}}

@mastersthesis{Starke1930,
	author = {Amy Starke},
	school = {University of Cape Town},
	title = {The relation between the intonation of song and of speech among the {A}maxosa},
	year = {1930}}

@book{baker08,
	address = {Cambridge},
	author = {Baker, Mark C.},
	date-modified = {2021-07-06 06:21:51 -0700},
	publisher = {Cambridge University Press},
	title = {The syntax of agreement and concord},
	year = {2008}}

@book{salzmann17:book,
	address = {Berlin/Boston},
	author = {Martin Salzmann},
	date-modified = {2021-06-22 00:27:17 -0700},
	number = {117},
	publisher = {de Gruyter},
	series = {Studies in {Generative} {Grammar}},
	title = {Reconstruction and resumption in indirect A'-dependencies. {{O}}n the syntax of prolepsis and relativization in ({{Swiss}}) {{German}} and beyond},
	year = {2017}}

@book{Hockett1958,
	address = {New York},
	author = {Hockett, Charles F.},
	publisher = {Macmillan},
	title = {A course in modern linguistics},
	year = {1958}}

@phdthesis{DiGarbo2014,
	author = {{Di Garbo}, Francesca},
	school = {Stockholm University},
	title = {Gender and its interaction with number and evaluative morphology: {A}n intra- and intergenealogical typological survey of {A}frica},
	year = {2014}}

@incollection{Nurse03a,
	address = {London},
	author = {Nurse, Derek and Philippson, Gérard},
	booktitle = {The {B}antu Languages},
	editor = {Nurse, Derek and Philippson, Gérard},
	pages = {1--12},
	publisher = {Routledge},
	sortname = {Nurse, Derek and Philippson, Gerard},
	title = {{Introduction}},
	year = {2003}}

@article{DiGarbo2016,
	author = {{Di Garbo}, Francesca},
	issue = {1},
	journal = {Linguistic Discovery},
	pages = {46--85},
	title = {Exploring grammatical complexity crosslinguistically: {{T}}he case of gender},
	volume = {14},
	year = {2016}}

@unpublished{Payne2019,
	author = {Payne, Doris},
	date-modified = {2021-06-29 12:12:40 -0700},
	note = {Ms, University of Oregon},
	title = {The Importance of Tone in {M}aa},
	year = {2019}}

@misc{fominyam+georgi19,
	author = {Henry Fominyam and Doreen Georgi},
	howpublished = {Talk given at {ACAL} 50, Vancouver},
	title = {On the nature of subject marking in {{Awing}}},
	year = {2019}}

@incollection{preminger09,
	address = {Amsterdam},
	author = {Preminger, Omer},
	booktitle = {{Linguistic Variation Yearbook 9}},
	date-modified = {2021-07-07 06:46:32 -0700},
	editor = {Van Craenenbroeck, Jeroen and Rooryck, Johan},
	pages = {241--278},
	publisher = {John Benjamins},
	title = {Failure to agree is not a failure: {Agreement} with post-verbal subjects in {Hebrew}},
	year = {2009}}

@unpublished{Banti2016a,
	annote = {https://triplelab.files.wordpress.com/2016/09/conference-programme.pdf},
	author = {Banti, Giorgio and Jama, Jama Musse},
	date-modified = {2021-06-27 22:21:25 -0700},
	note = {Ms.},
	title = {{Compounds and Multi-word Expressions ({MWE}s) in {Somali}}},
	year = {2016}}

@phdthesis{Strand2009,
	author = {Julie Strand},
	school = {Wesleyan},
	title = {The {S}ambla xylophone: {T}radition and identity in {B}urkina {F}aso},
	year = {2009}}

@inbook{Snider2014,
	address = {Dallas, TX},
	author = {Snider, Keith},
	booktitle = {Developing orthographies for unwritten languages},
	editor = {Cahill, Michael and Keren Rice},
	pages = {27--48},
	publisher = {SIL International},
	title = {Orthography and phonological depth},
	year = {2014}}

@article{boeckx00,
	author = {Boeckx, Cedric},
	date-modified = {2021-07-06 06:33:27 -0700},
	journal = {Studia Linguistica},
	number = {3},
	pages = {354--380},
	publisher = {Wiley Online Library},
	title = {Quirky agreement},
	volume = {54},
	year = {2000}}

@phdthesis{zhang2001,
	author = {Zhang, Jie},
	school = {University of California, Los Angeles},
	title = {The effects of duration and sonority on contour tone distribution--typological survey and formal analysis},
	year = {2001}}

@unpublished{kratzer2006,
	author = {Kratzer, Angelika},
	date-modified = {2021-07-07 05:54:15 -0700},
	note = {Talk honoring {Anita Mittwoch} on her 80th birthday at The {Hebrew University of Jerusalem}},
	title = {Decomposing attitude verbs},
	year = {2006}}

@article{torrence2015wh,
	author = {Torrence, Harold and Kandybowicz, Jason},
	journal = {Journal of African Languages and Linguistics},
	number = {2},
	pages = {253--285},
	publisher = {De Gruyter Mouton},
	title = {{Wh}-question formation in {K}rachi},
	volume = {36},
	year = {2015}}

@article{McPhersonRyan2018,
	author = {Laura McPherson and Kevin Ryan},
	journal = {Language},
	number = {1},
	pages = {119--156},
	title = {Tone-tune association in {T}ommo {S}o ({D}ogon) folk songs},
	volume = {94},
	year = {2018}}

@article{BresnanMchombo:1987:ChichewaSmOm,
	author = {Bresnan, Joan and Mchombo, Sam},
	journal = {Language},
	pages = {741--782},
	title = {Topic, pronoun, and agreement in {C}hichewa},
	volume = {63},
	year = {1987}}

@article{Marten97,
	author = {Marten, Lutz},
	journal = {Papers in Linguistics from the University of Manchester},
	pages = {239--255},
	title = {Licensing Constraints for {S}wahili Vowel Harmony},
	volume = {2},
	year = {1997}}

@article{Marten96,
	author = {Marten, Lutz},
	journal = {SOAS Working Papers in Linguistics \& Phonetics},
	pages = {61--75},
	title = {{Swahili} Vowel Harmony},
	volume = {6},
	year = {1996}}

@article{ouhalla05,
	author = {Jamal Ouhalla},
	journal = {Natural Language and Linguistic Theory},
	pages = {655--686},
	title = {Agreement features, agreement, and anti-agreement},
	volume = {23},
	year = {2005}}

@article{Marlo:2015:ExceptionalReflexive,
	author = {Marlo, Michael R.},
	date-modified = {2021-06-13 17:05:53 -0700},
	journal = {Nordic Journal of {A}frican Studies},
	pages = {1--22},
	title = {Exceptional properties of the reflexive in {{Bantu}} languages},
	volume = {24},
	year = {2015}}

@unpublished{Snider2007,
	address = {Gainesville, FL},
	author = {Snider, Keith},
	booktitle = {Paper presented at 38th {Annual Conference on {African} Linguistics, {March}} 22, 2007},
	date-modified = {2021-06-29 12:14:42 -0700},
	title = {The Effect of Floating Tones on the Diminutive Consonant in {M}ada ({N}igeria)},
	year = {2007}}

@article{adjah2011name,
	author = {Adjah, Olive Akpebu},
	journal = {African Research and Documentation},
	pages = {3--17},
	title = {{What is in a name? {{G}}hanaian personal names as information sources}},
	volume = {117},
	year = {2011}}

@book{Mansuur2012,
	address = {Rome},
	author = {Mansuur, Cabdalla Cumar and Puglielli, Annarita},
	date-modified = {2021-06-27 22:30:15 -0700},
	publisher = {Rome TrE-Press},
	title = {{Qaamuuska Af-Soomaaliga}},
	year = {2012}}

@book{Hamm2016,
	address = {Yaoundé},
	author = {Hamm, Valerie and Hamm, Cameron},
	publisher = {SIL Cameroon},
	title = {Bafanji ({C}hufie') Orthography Guide (updated from 2007)},
	year = {2016}}

@article{Beier1954,
	author = {Ulli Beier},
	journal = {African Music},
	number = {1},
	pages = {29--31},
	title = {The talking drums fo the {Y}oruba},
	volume = {1},
	year = {1954}}

@article{Onukawa1999,
	author = {Onukawa, M. C.},
	date-modified = {2021-06-27 23:58:20 -0700},
	journal = {Anthroplogical Linguistics},
	number = {1},
	pages = {107-119},
	title = {The significance of the verb kwe in {{Igbo}} personal names},
	volume = {41},
	year = {1999}}

@phdthesis{nyamuame2013history,
	author = {Nyamuame, Samuel Elikem Kwame},
	school = {University of Florida},
	title = {History, Religion and Performing {Y}eve: {{E}}we Dance-Drumming, Songs and Rituals at {A}ve-{D}akpa, {G}hana},
	year = {2013}}

@article{zeijlstra2012,
	author = {Zeijlstra, Hedde},
	journal = {The Linguistic Review},
	number = {3},
	pages = {491--539},
	title = {There is only one way to agree},
	volume = {29},
	year = {2012}}

@article{butler03,
	author = {Butler, Jonny},
	journal = {Lingua},
	number = {10},
	pages = {967--996},
	publisher = {Elsevier},
	title = {A minimalist treatment of modality},
	volume = {113},
	year = {2003}}

@misc{Jalla82CBOLD,
	address = {Lusaka},
	author = {Jalla, Adolphe},
	edition = {3},
	note = {Available to download from the Comparative Bantu Online Dictionary.},
	publisher = {National Educational Company of Zambia},
	title = {Database of ``{D}ictionary of the {L}ozi Language, Vol.~1: {L}ozi--{{E}}nglish''},
	url = {http://www.cbold.ish-lyon.cnrs.fr/Dico.asp?Langue=Lozi},
	year = {1982},
	Bdsk-Url-1 = {http://www.cbold.ish-lyon.cnrs.fr/Dico.asp?Langue=Lozi}}

@book{Corbett1991,
	address = {Cambridge},
	author = {Corbett, Greville G.},
	publisher = {Cambridge University Press},
	title = {{Gender}},
	year = {1991}}

@misc{International2018,
	author = {{SIL International}},
	title = {Best practice when using non-alphabetic characters in orthographies: {H}elping languages succeed in the modern world},
	url = {https://www.sil.org/sites/default/files/best_practice_for_non-alphabetic_characters_v2_0.pdf},
	year = {2018},
	options = {indexing=false}}

@book{Corbett1993,
	address = {Cambridge},
	author = {Corbett, Greville G. and Fraser, Norman M. and McGlashan, Scott},
	publisher = {Cambridge University Press},
	title = {{Heads in grammatical theory}},
	year = {1993}}

@phdthesis{sande2017,
	author = {Sande, Hannah L.},
	school = {University of California at Berkeley},
	title = {Distributing morphologically conditioned phonology: {T}hree case studies from {Gu}ébie},
	year = {2017}}

@article{landau1999,
	author = {Landau, Idan},
	journal = {Lingua},
	number = {1},
	pages = {1--37},
	publisher = {Elsevier},
	title = {Possessor raising and the structure of {{VP}}},
	volume = {107},
	year = {1999}}

@phdthesis{Zerbian:2006:Thesis,
	author = {Zerbian, Sabine},
	school = {Humboldt University},
	title = {Expression of information structure in the {B}antu language {N}orthern {S}otho},
	year = {2006}}

@incollection{Richards2008,
	address = {Universitaet Leipzig},
	author = {Richards, Marc},
	booktitle = {Scales},
	date-modified = {2021-06-22 00:48:43 -0700},
	editor = {Richards, Marc and Andrej L. Malchukov},
	pages = {137--161},
	publisher = {Linguistische {A}rbeits Berichte},
	title = {Defective Agree, Case Alternations, and the Prominence of {P}erson},
	volume = {86},
	year = {2008}}

@unpublished{sande2020,
	author = {Sande, Hannah L. and Oakley, Madeleine and Pfifner, Alexandra},
	note = {Submitted manuscript, {Georgetown University}},
	title = {{{Guébie}} Phonetics},
	year = {2020}}

@incollection{kirk2010greek,
	annote = {https://benjamins.com/catalog/cilt.320
},
	author = {Kirk, Allison},
	booktitle = {Selected papers from the 19th International Conference on Historical Linguistics, Nijmegen, 10-14 August 2009},
	date-modified = {2021-06-13 16:38:51 -0700},
	editor = {van Kemenade, Ans M.C. and de Haas, Nynke},
	pages = {293--314},
	publisher = {John Benjamins},
	series = {{Current Issues in Linguistic Theory}},
	title = {Word {O}rder {V}ariation in {N}ew {T}estament {G}reek \emph{wh}-{Q}uestions},
	volume = {320},
	year = {2012}}

@article{brunelle2016,
	author = {Brunelle, Marc and Kirby, James},
	journal = {Language and Linguistics Compass},
	number = {4},
	pages = {191--207},
	publisher = {Wiley Online Library},
	title = {Tone and phonation in {{Southeast} {Asian}} languages},
	volume = {10},
	year = {2016}}

@article{beckman1997,
	author = {Beckman, Jill N.},
	journal = {Phonology},
	number = {1},
	pages = {1--46},
	title = {Positional faithfulness, positional neutralisation and {Shona} vowel harmony},
	volume = {14},
	year = {1997}}

@book{Tucker1955,
	address = {London},
	author = {Tucker, Archibald and Ole-Mpaayei, John},
	publisher = {Longman, Green \& Co},
	title = {{Maasai} Grammar, with Vocabulary},
	year = {1955}}

@inproceedings{lubowicz,
	author = {Łubowicz, Anna},
	booktitle = {Proceedings of the 24th {W}est {C}oast {C}onference on {F}ormal {L}inguistics},
	doi = {10.7282/T3833VZN},
	editor = {John Alderete and Chung-hye Han and Alexei Kochetov},
	note = {Cascadilla Proceedings Project},
	pages = {254--263},
	title = {Locality of conjunction},
	year = {2005},
}

@article{schuh1995aspects,
	author = {Schuh, Russell G.},
	journal = {Studies in African Linguistics},
	number = {1},
	pages = {32--67},
	title = {Aspects of {A}vatime phonology},
	volume = {24},
	year = {1995}}

@misc{Kisseberth96,
	author = {Kisseberth, Charles W.},
	note = {Available to download from the Comparative Bantu Online Dictionary.},
	title = {{Makhua--{English} lexicon}},
	url = {http://www.cbold.ish-lyon.cnrs.fr/Dico.asp?Langue=Makhua},
	year = {1996},
	Bdsk-Url-1 = {http://www.cbold.ish-lyon.cnrs.fr/Dico.asp?Langue=Makhua}}

@article{beckman1995,
	author = {Beckman, Jill N.},
	date-modified = {2021-06-13 16:46:43 -0700},
	journal = {University of Massachusetts {O}ccasional Papers in Linguistics},
	pages = {53--75},
	title = {{Shona} height harmony: {{M}}arkedness and positional identity},
	volume = {18},
	year = {1995}}

@book{Committee2018,
	address = {Nigeria},
	author = {{Language and Literacy Committee, Dadiya}},
	options = {indexing = false},
	edition = {2},
	publisher = {Dadiya Language and Literacy Project},
	title = {Masomin Karatu da Rubutun Yaren {Dadiya} ({Basics} of reading and writing {Dadiya})},
	year = {2018}}

@article{matushansky2006,
	author = {Matushansky, Ora},
	journal = {Linguistic Inquiry},
	number = {1},
	pages = {69--109},
	publisher = {MIT Press},
	title = {Head movement in linguistic theory},
	volume = {37},
	year = {2006}}

@book{Onyema2009,
	address = {Port Harcourt},
	author = {Onyema, Anozie},
	date-modified = {2021-06-29 13:16:03 -0700},
	publisher = {Assumpta Press},
	title = {The {{Igbo}} culture and the formation of conscience},
	year = {1999}}

@book{SebeokUmiker-Sebeok1976,
	address = {The Hague},
	author = {Thomas Sebeok and Donna Jean Umiker-Sebeok},
	publisher = {Mouton},
	title = {Speech Surrogates: {D}rum and Whistle Systems},
	year = {1976}}

@phdthesis{martinovic:2015,
	address = {Chicago, IL},
	author = {Martinović, Martina},
	school = {University of Chicago},
	title = {Feature geometry and head-splitting: {{E}}vidence from the {W}olof clausal periphery},
	year = {2015}}

@article{Scullen92,
	author = {Scullen, Mary Ellen},
	journal = {Linguistic Analysis},
	pages = {218--245},
	title = {Chiche{\^w}a vowel harmony and Underspecification Theory},
	volume = {22},
	year = {1992}}

@article{vanurkrichards:2015,
	author = {van Urk, Coppe and Norvin Richards},
	journal = {Linguistic Inquiry},
	number = {1},
	pages = {113--155},
	title = {Two components of long-distance extraction: {S}uccessive cyclicity in {D}inka},
	volume = {46},
	year = {2015}}

@article{Robinson76,
	author = {Robinson, Orrin Warner},
	journal = {Language},
	number = {1},
	pages = {148--162},
	title = {A `Scattered' Rule in {S}wiss {G}erman},
	volume = {52},
	year = {1976}}

@article{gebre13b,
	author = {Gebregziabher, Keffyalew},
	journal = {Journal of Afroasiatic Languages},
	number = {2},
	pages = {223--296},
	title = {{Tigrinya} vowel and consonant epenthesis: {{A}}n Optimality Theory account},
	volume = {5},
	year = {2013}}

@incollection{Andrews2007,
	address = {New York},
	author = {Andrews, Avery D.},
	booktitle = {Language Typology and Syntactic Description, Vol. {{{II}}}: {{C}}omplex Constructions},
	edition = {2},
	editor = {Timothy Shopen},
	pages = {206--236},
	publisher = {Cambridge University Press},
	title = {Relative Clauses},
	year = {2007}}

@book{kallulli08,
	address = {Amsterdam},
	author = {Kallulli, Dalina and Tasmowski, Liliane},
	date-modified = {2021-07-07 05:39:51 -0700},
	publisher = {John Benjamins},
	title = {Clitic doubling in the {Balkan} languages},
	year = {2008}}

@unpublished{nformi18,
	author = {Jude Nformi},
	note = {Ms., Universität Leipzig},
	title = {Complementizer agreement and intervention effects},
	year = {2018}}

@incollection{boss98,
	address = {Berlin/New York},
	author = {Georg Bossong},
	booktitle = {Actance et valence dans les langues d'{{E}}urope},
	editor = {Jacques Feuillet},
	pages = {193--259},
	publisher = {Mouton de Gruyter},
	title = {Le marquage différentiel de l'objet dans les langues {d'Europe}},
	year = {1998}}

@article{ikpana,
	author = {Kandybowicz, Jason and Baron, Bertille and Duncan, Philip and Katsuda, Hironori},
	date-modified = {2021-06-13 16:03:51 -0700},
	journal = {Journal of African Languages and Linguistics},
	note = {(under review)},
	title = {Documenting the {I}kpana {I}nterrogative {S}ystem},
	year = {2020}}

@inbook{abramson1979,
	address = {Bangkok},
	author = {Abramson, Arthur S},
	booktitle = {The coarticulation of tones: {A}n acoustic study of {{Thai}}},
	editor = {T. L. Thongkum},
	journal = {Studies in Tai and Mon-Khmer phonetics and phonology in honour of Eugenie JA Henderson},
	pages = {1--9},
	publisher = {Chulalongkorn University Press},
	title = {The coarticulation of tones: {A}n acoustic study of {{Thai}}},
	year = {1979}}

@incollection{boss91,
	address = {Amsterdam/Philadelphia},
	author = {Georg Bossong},
	booktitle = {New analyses in {R}omance linguistics},
	editor = {Dieter Wanner and Douglas A. Kibbee},
	pages = {143--170},
	publisher = {John Benjamins},
	title = {Differential object marking in {Romance} and beyond},
	year = {1991}}

@book{torrence:2013,
	address = {Amsterdam},
	author = {Torrence, Harold},
	publisher = {John Benjamins},
	series = {Linguistik Aktuell/Linguistics Today},
	title = {The Clause Structure of {W}olof: {I}nsights Into the Left Periphery.},
	year = {2013}}

@article{ChengDowning:2009:ZuluTopic,
	author = {Cheng, Lisa Lai-Shen and Downing, Laura J.},
	journal = {The Linguistic Review},
	pages = {207--238},
	title = {Where's the topic in {Z}ulu?},
	volume = {26},
	year = {2009}}

@phdthesis{ross1967constraints,
	author = {Ross, John Robert},
	school = {MIT},
	title = {Constraints on variables in syntax.},
	year = {1967}}

@incollection{asudeh11,
	address = {Amsterdam},
	author = {Ash Asudeh},
	booktitle = {Resumptive Pronouns at the Interfaces},
	editor = {Alain Rouveret},
	pages = {121--187},
	publisher = {John Benjamins},
	title = {Towards a unified theory of resumption},
	year = {2011}}

@book{asudeh12,
	address = {Oxford},
	author = {Ash Asudeh},
	publisher = {Oxford University Press},
	title = {The logic of pronominal resumption},
	year = {2012}}

@article{Zwicky1985,
	author = {Zwicky, Arnold M.},
	issue = {1},
	journal = {Journal of linguistics},
	pages = {1--29},
	title = {{Heads}},
	volume = {21},
	year = {1985}}

@unpublished{longenbaugh:2917,
	address = {Cambridge, MA},
	author = {Longenbaugh, Nicholas},
	note = {Unpublished Manuscript},
	title = {Composite {A/A}{$'$}-movement: {{{E}}}vidence from {{{E}}}nglish tough-movement},
	year = {2017}}

@article{AbelsMuriungi:2008:TharakaFocus,
	author = {Abels, Klaus and Muriungi, Peter},
	journal = {Lingua},
	pages = {687--731},
	title = {The focus marker in {K}iitharaka: {{S}}yntax and semantics},
	volume = {118},
	year = {2008}}

@article{inkelaszollCT,
	author = {Inkelas, Sharon and Zoll, Cheryl},
	journal = {Linguistics},
	number = {1},
	pages = {133--171},
	title = {Is grammar dependence real? {A} comparison between cophonological and indexed constraint approaches to morphologically conditioned phonology},
	volume = {45},
	year = {2007}}

@mastersthesis{berinstein1979cross,
	author = {Berinstein, Ava E},
	school = {UCLA Working Papers in Phonetics 47},
	title = {A cross-linguistic study on the perception and production of stress},
	year = {1979}}

@article{Rycroft1959,
	author = {David Rycroft},
	journal = {Journal of the International Folk Music Council},
	pages = {25--30},
	title = {{African} music in {J}ohannesburg: {A}frican and non-{A}frican features},
	volume = {11},
	year = {1959}}

@incollection{franco00,
	address = {Amsterdam},
	author = {Franco, Jon},
	booktitle = {Clitic phenomena in {European} languages},
	editor = {Frits, Beukema and Marcel den Dikken},
	pages = {147--189},
	publisher = {John Benjamins},
	title = {Agreement as a Continuum},
	year = {2000}}

@article{Martin11,
	author = {Martin, Andrew},
	journal = {Language},
	number = {4},
	pages = {751--770},
	title = {{Grammars leak: {{M}}odeling how phonotactic generalizations interact within the grammar}},
	volume = {87},
	year = {2011}}

@article{shlonskysoare,
	author = {Shlonsky, Ur and Gabriela Soare},
	date-modified = {2021-06-13 16:43:05 -0700},
	journal = {Linguistic {I}nquiry},
	number = {4},
	pages = {651--669},
	title = {Where's `{W}hy?'},
	volume = {42},
	year = {2011}}

@article{coetzee2006,
	author = {Coetzee, Andries W},
	date-modified = {2021-06-28 11:46:39 -0700},
	journal = {Phonology},
	number = {3},
	pages = {337--385},
	title = {Variation as Accessing `Non-Optimal' Candidates},
	volume = {23},
	year = {2006}}

@book{Myler2016,
	address = {Cambridge, MA},
	author = {Myler, Neil},
	publisher = {MIT Press},
	title = {Building and interpreting possession sentences},
	year = {2016}}

@incollection{SeidlDimitriadis1997,
	address = {Chicago, IL},
	author = {Seidl, Amanda and Dimitriadis, Alexis},
	booktitle = {{Chicago} Linguistic Society 33: {{P}}apers from the Main Session, {April} 17--19},
	date-modified = {2021-06-27 22:16:20 -0700},
	editor = {Singer, Kora and Eggert, Randall and Anderson, Gregory},
	pages = {373--389},
	publisher = {Chicago Linguistic Society},
	title = {The discourse function of object marking in {S}wahili},
	year = {1997}}

@article{koopman83,
	author = {Hilda Koopman},
	journal = {The Linguistic Review},
	number = {4},
	pages = {365--391},
	title = {Control from {{COMP}} and Comparative Syntax},
	volume = {2},
	year = {1983}}

@phdthesis{harley1995,
	author = {Harley, Heidi B.},
	school = {Massachusetts Institute of Technology},
	title = {Subjects, events and licensing},
	year = {1995}}

@misc{romero10,
	author = {Ormazabal, Javier and Romero, Juan},
	howpublished = {Ms. University of Basque Country and Universidad de Extremadura},
	title = {Object clitics and agreement},
	year = {2010}}

@misc{VHCalc,
	author = {Harrison, K. David and Thomforde, Emily and O'Keefe, Michael},
	title = {The Vowel Harmony Calculator},
	url = {http://www.swarthmore.edu/SocSci/harmony/public_html},
	year = {2002--2004},
	Bdsk-Url-1 = {http://www.swarthmore.edu/SocSci/harmony/public_html}}

@book{Nwigwe2001,
	address = {New Brunswick},
	author = {Nwigwe, Boniface},
	publisher = {Transaction Publishers},
	title = {Naming and Being: {{A}} philosophical investigation on names and objects, with special reference to {{Igbo}} anthroponyms},
	year = {2001}}

@incollection{Kaldhol2020a,
	address = {Oxford},
	author = {Kaldhol, Nina Hagen and {Stausland Johnsen}, Sverre},
	booktitle = {Synchronic and diachronic aspects of tonal accent},
	editor = {Köhnlein, Björn and Iosad, Pavel},
	publisher = {Oxford University Press},
	title = {{There is no ``one High tone per word'' rule in {Somali}}},
	pubstate = {forthcoming}
}

@book{hetzron1972,
	address = {Manchester},
	author = {Hetzron, Robert},
	date-modified = {2021-07-07 05:37:06 -0700},
	number = {2},
	publisher = {Manchester University Press},
	series = {Journal of Semitic Studies},
	title = {Ethiopian {{Semitic}}: {{S}}tudies in classification},
	year = {1972}}

@incollection{halleandmarantz1993,
	address = {Cambridge, MA},
	author = {Halle, Morris and Marantz, Alec},
	booktitle = {The view from Building 20: {Essays} in linguistics in honor of {Sylvian} {Bromberger}},
	date-modified = {2021-07-07 05:30:39 -0700},
	editor = {Hale, Kenneth and Keyser, Samuel Jay},
	pages = {111--176},
	publisher = {MIT Press},
	read = {0},
	title = {Distributed morphology and the pieces of inflection},
	year = {1993}}

@incollection{Guevara2009,
	address = {Dordecht},
	author = {Guevara, Emiliano and Scalise, Sergio},
	booktitle = {Universals of language today},
	editor = {Scalise, Sergio and Magni, Elisabetta and Bisetto, Antonietta},
	pages = {101--128},
	publisher = {Springer},
	title = {{Searching for universals in compounding}},
	year = {2009}}

@unpublished{kalin16,
	author = {Kalin, Laura},
	date-modified = {2021-07-07 05:39:21 -0700},
	note = {Talk given at the University of Toronto},
	title = {Phi-features as derivational time bombs: {{A}} new model of nominal licensing},
	year = {2016}}

@article{marlo2007exponence,
	author = {Marlo, Michael R. and Odden, David},
	date-modified = {2021-06-13 17:06:48 -0700},
	journal = {Bantu in Bloomsbury, SOAS Working Papers in Linguistics},
	pages = {19--31},
	title = {The exponence of {{TAM}} in {B}akweri},
	volume = {15},
	year = {2007}}

@article{sichel:2014,
	author = {Sichel, Ivy},
	journal = {Linguistic Inquiry},
	number = {4},
	pages = {655--693},
	title = {Resumptive pronouns and competition},
	volume = {45},
	year = {2014}}

@phdthesis{van2014information,
	author = {van Putten, Saskia},
	school = {Radboud University Nijmegen},
	title = {Information structure in {A}vatime},
	year = {2014}}

@incollection{Scalise2010,
	address = {Amsterdam},
	author = {Scalise, Sergio and Fábregas, Antonio},
	booktitle = {Cross-disciplinary issues in compounding},
	editor = {Scalise, Sergio and Vogel, Irene},
	pages = {109--126},
	publisher = {John Benjamins},
	sortname = {Scalise, Sergio and Fabregas, Antonio},
	title = {{The head in compounding}},
	year = {2010}}

@incollection{horvath13,
	address = {Amsterdam},
	author = {Julia Horvath},
	booktitle = {Approaches to {{Hungarian}}: {{P}}apers from the 2011 {{Lund}} conference},
	editor = {Johan Brandtler and Valéria Molnár and Christer Platzack},
	pages = {97--132},
	publisher = {John Benjamins},
	title = {On Focus, Exhaustivity and {Wh}-interrogatives: {{T}}he case of {{Hungarian}}},
	volume = {1},
	year = {2013}}

@incollection{Keach:1995:SwahiliSmOm,
	address = {Trenton, NJ},
	author = {Keach, Camillia},
	booktitle = {Theoretical Approaches to {A}frican Linguistics},
	editor = {Akinlabi, Akinbiyi},
	pages = {109--116},
	publisher = {Africa World},
	series = {Trends in {A}frican linguistics},
	title = {Subject and Object Markers as Agreement and Pronoun Incorporation in {S}wahili},
	year = {1995}}

@article{harleyandritter02,
	author = {Harley, Heidi B. and Ritter, Elizabeth},
	journal = {Language},
	number = {3},
	pages = {482--526},
	publisher = {Linguistic Society of America},
	title = {Person and number in pronouns: {{A}} feature-geometric analysis},
	volume = {78},
	year = {2002}}

@article{horvath10,
	author = {Julia Horvath},
	journal = {Lingua},
	pages = {1346--1369},
	title = {``{D}iscourse-features'', syntactic displacement and the status of contrast},
	volume = {120},
	year = {2010}}

@incollection{pesetskyandtorrego11,
	address = {Oxford},
	author = {Pesetsky, David and Torrego, Esther},
	booktitle = {{Oxford} Handbook of Linguistic Minimalism},
	date-modified = {2021-07-07 06:16:03 -0700},
	editor = {Boeckx, Cedric},
	pages = {52-72},
	publisher = {Oxford University Press},
	title = {Case},
	year = {2011}}

@book{stump01,
	address = {Cambridge},
	author = {Stump, Gregory T.},
	date-modified = {2021-07-07 15:44:54 -0700},
	publisher = {Cambridge University Press},
	title = {Inflectional morphology: {A} theory of paradigm structure},
	year = {2001}}

@phdthesis{Gambarage2019,
	address = {Vancouver, CA},
	author = {Joash Gambarage},
	school = {University of British Columbia},
	title = {Belief-of-{E}xistence determiners: {{E}}vidence from the syntax and semantics of {N}ata augments},
	year = {2019}}

@incollection{Onumajuru2013,
	address = {Port Harcourt},
	author = {Onumajuru, Virginia C.},
	booktitle = {Issues in Contemporary {{African}} Linguistics: {{A}} {{Festschrift}} for {Oladele} {Awobuluyi}},
	date-modified = {2021-06-29 13:12:56 -0700},
	editor = {Ndimele, Ozo-mekuri and Yuka, Lendzemo Constatine, and Ilori, Johnson Folorunso},
	pages = {445-462},
	publisher = {M \& J Grand Orbit Communications},
	title = {A semantic and pragmatic analysis of {{Igbo}} names},
	year = {2013}}

@article{mccarthy,
	author = {McCarthy, John J},
	date-modified = {2021-06-28 11:54:13 -0700},
	journal = {Linguistic Inquiry},
	number = {2},
	pages = {207--263},
	title = {{OCP} effects: {{G}}emination and antigemination},
	volume = {17},
	year = {1986}}

@incollection{Hyman03,
	address = {London},
	author = {Hyman, Larry M.},
	booktitle = {The {B}antu Languages},
	editor = {Nurse, Derek and Philippson, Gérard},
	pages = {42--58},
	publisher = {Routledge},
	title = {{Segmental phonology}},
	year = {2003}}

@article{hayes89,
	author = {Hayes, Bruce},
	date-modified = {2021-06-28 11:48:55 -0700},
	journal = {Linguistic Inquiry},
	number = {2},
	pages = {253--306},
	title = {Compensatory lengthening in moraic phonology},
	volume = {20},
	year = {1989}}

@incollection{Schneider-Zioga2015a,
	address = {Somerville, MA},
	author = {Schneider-Zioga, Patricia},
	booktitle = {Selected proceedings of the 44th {A}nnual {C}onference on {A}frican {L}inguistics},
	date-modified = {2021-06-27 22:10:33 -0700},
	pages = {264--276},
	publisher = {Cascadilla Proceedings Project},
	title = {The linker in {K}inande re-examined},
	year = {2015}}

@incollection{Schneider-Zioga2015b,
	address = {Somerville, MA},
	author = {Schneider-Zioga, Patricia},
	booktitle = {{Proceedings of the 32nd {West} Coast Conference on Formal Linguistics}},
	pages = {323--331},
	publisher = {Cascadilla Proceedings Project},
	title = {Linking, predication, and symmetry: {{O}}n the syntax of the linker in {K}inande},
	year = {2015}}

@incollection{Gueldemann2019,
	address = {Berlin},
	author = {Güldemann, Tom and Fiedler, Ines},
	booktitle = {Grammatical gender and linguistic complexity: {G}eneral issues and specific studies},
	chapter = {5},
	editor = {{Di Garbo}, Francesca and Olsson, Bruno and Wälchli, Bernhard},
	pages = {95--146},
	publisher = {Language Science Press},
	sortname = {G{u}ldemann, Tom and Fiedler, Ines},
	title = {{{Niger}-{Congo} ``noun classes'' conflate gender with deriflection}},
	volume = {1},
	year = {2019}}

@article{uri95,
	author = {Uriagereka, Juan},
	date-modified = {2021-07-07 15:45:11 -0700},
	journal = {Linguistic Inquiry},
	number = {1},
	pages = {79--123},
	publisher = {JSTOR},
	title = {Aspects of the syntax of clitic placement in {{Western} {Romance}}},
	volume = {26},
	year = {1995}}

@unpublished{Gueldemann2016,
	author = {Güldemann, Tom and Maniscalo, Samuele},
	month = {June},
	note = {Paper presented at the 22. Afrikanistentag, Humboldt Universität zu Berlin},
	title = {A new approach to gender in {S}omali},
	year = {2016}}

@incollection{mcCloskey17,
	address = {Oxford},
	author = {James McCloskey},
	booktitle = {The {Wiley} {{Blackwell}} {Companion} to {Syntax}, {Second} {Edition}},
	editor = {Martin Everaert and Henk van Riemsdijk},
	pages = {1--30},
	publisher = {Wiley-Blackwell},
	title = {Resumption},
	year = {2017}}

@incollection{doron88,
	address = {Stanford, CA},
	author = {Edit Doron},
	booktitle = {Agreement in Natural Language: {{A}}pproaches, Tendencies and Description},
	editor = {M. Barlow and C. A. Ferguson},
	pages = {201--218},
	publisher = {CSLI},
	title = {On the complementarity of subject-verb agreement},
	year = {1988}}

@article{CarstensMletshe2016,
	author = {Carstens, Vicki and Mletshe, Loyiso},
	journal = {Natural Language and Linguistic Theory},
	number = {3},
	pages = {761--804},
	title = {Negative concord and nominal licensing in {{Xhosa}} and {{Zulu}}},
	volume = {34},
	year = {2016}}

@phdthesis{mcginnis98,
	author = {McGinnis, Martha},
	school = {Massachusetts Institute of Technology},
	title = {Locality in {A}-movement},
	year = {1998}}

@book{cable10,
	address = {Oxford},
	author = {Seth Cable},
	publisher = {Oxford University Press},
	title = {The Grammar of {Q}. {Q-Particles}, {Wh}-Movement, and Pied-Piping},
	year = {2010}}

@phdthesis{kim11,
	author = {Kim, Kyumin},
	school = {University of Toronto},
	title = {External argument introducers},
	year = {2011}}

@incollection{marantz1997,
	address = {Philadelphia},
	author = {Marantz, Alec},
	booktitle = {University of Pennsylvania Working Papers in Linguistics vol. 4.2},
	date-modified = {2021-07-07 06:02:04 -0700},
	editor = {Dimitriadis, Alexis and Siegel, Laura and Surek-Clark, Clarissa and Williams, Alexander},
	pages = {201--225},
	publisher = {University of Pennsylvania},
	title = {{No} escape from syntax: {Don't} try morphological analysis in the privacy of your own lexicon},
	year = {1997}}

@article{remijsen2014study,
	author = {Remijsen, Bert},
	journal = {Language Documentation \& Conservation},
	pages = {672--689},
	publisher = {University of Hawai'i Press},
	title = {The study of tone in languages with a quantity contrast},
	volume = {8},
	year = {2014}}

@incollection{HymanKatamba1993,
	address = {Stanford, CA},
	author = {Hyman, Larry M. and Francis Katamba},
	booktitle = {Theoretical aspects of {{Bantu}} grammar 1},
	editor = {Sam Mchombo},
	pages = {209--256},
	publisher = {Center for Study of Language and Information},
	title = {The augment in {L}uganda: {{S}}yntax or pragmatics},
	year = {1993}}

@incollection{downing2017,
	address = {Berlin},
	author = {Downing, Laura J. and Annie Rialland},
	booktitle = {Intonation in {A}frican {T}one {L}anguages},
	editor = {Downing, Laura J. and Annie Rialland},
	pages = {1--16},
	publisher = {De {G}ruyter},
	title = {Introduction},
	year = {2017}}

@article{MorolongHyman1977,
	author = {Morolong, Malillo and Larry M. Hyman},
	journal = {Studies in African Linguistics},
	number = {3},
	pages = {199--218},
	title = {Animacy, objects and clitics in {S}esotho},
	volume = {8},
	year = {1977}}

@phdthesis{berhane91,
	author = {Berhane, Girmay},
	date-modified = {2021-07-06 06:28:16 -0700},
	school = {Universite du Quebec a Montreal},
	title = {Issues in the phonology and morphology of {{Tigrinya}}. {{P}}roblèmes de phonologie et de morphologie en {T}igrinya.},
	year = {1991}}

@book{dikken2006,
	address = {Cambridge, MA},
	author = {Den Dikken, Marcel},
	date-modified = {2021-07-07 04:44:55 -0700},
	publisher = {MIT Press},
	title = {Relators and linkers: {{T}}he syntax of predication, predicate inversion, and copulas},
	year = {2006}}

@article{VanDerSpuy:1993:NguniOm,
	author = {van der Spuy, Andrew},
	date-modified = {2021-06-13 17:09:53 -0700},
	journal = {Lingua},
	number = {4},
	pages = {335--355},
	title = {Dislocated noun phrases in {N}guni},
	volume = {90},
	year = {1993}}

@inbook{ohala,
	address = {New York, NY},
	author = {Ohala, John J},
	booktitle = {The production of speech},
	editor = {MacNeilage, P. F.},
	pages = {189--216},
	publisher = {Springer},
	title = {The origin of sound patterns in vocal tract constraints},
	year = {1983}}

@incollection{ana05,
	address = {Oxford},
	author = {Anagnostopoulou, Elena},
	booktitle = {The {Blackwell} Companion to Syntax},
	date-modified = {2021-07-06 06:14:47 -0700},
	editor = {Everaert, Martin and van Riemsdijk, Henk},
	pages = {519-581},
	publisher = {Blackwell},
	title = {Clitic Doubling},
	year = {2006}}

@article{Archangeli12a,
	author = {Archangeli, Diana and Mielke, Jeff and Pulleyblank, Douglas},
	journal = {McGill Working Papers in Linguistics},
	number = {1},
	pages = {1--26},
	title = {From Sequence Frequencies to Conditions in {B}antu Vowel Harmony: {B}uilding a grammar from the ground up},
	volume = {22},
	year = {2012}}

@incollection{Archangeli12b,
	address = {Berlin},
	author = {Archangeli, Diana and Mielke, Jeff and Pulleyblank, Douglas},
	booktitle = {{Phonological {E}xplorations: {{{E}}}mpirical, Theoretical and Diachronic Issues}},
	editor = {Botma, Bert and Noske, Roland},
	pages = {191--222},
	publisher = {De Gruyter},
	title = {{Greater than noise: {F}requency effects in {Bantu} height harmony}},
	year = {2012}}

@article{Marlo:2015:NumberOfOms,
	author = {Marlo, Michael R.},
	date-modified = {2021-06-13 17:06:55 -0700},
	journal = {Journal of African languages and linguistics},
	pages = {1--65},
	title = {On the number of object markers in {{Bantu}} languages},
	volume = {36},
	year = {2015}}

@misc{Nilsson2018,
	address = {Bokmässan i Göteborg},
	author = {Nilsson, Morgan},
	title = {{Somaliska skriftspr\aa{}ket: {{{E}}}n hundra\aa{}ring som sprudlar av energi}},
	year = {2018}}

@inproceedings{Nilsson2016,
	address = {Berlin},
	author = {Nilsson, Morgan},
	booktitle = {Diversity in {A}frican languages: {S}elected papers from the 46th {A}nnual {C}onference on {A}frican {L}inguistics},
	date-modified = {2021-06-27 23:04:51 -0700},
	editor = {Payne, Doris and Pacchiarotti, Sara and Bosire, Mokaya},
	pages = {451--466},
	publisher = {Language Science Press},
	title = {{Somali} gender polarity revisited},
	year = {2016}}

@book{Bauer2017,
	address = {Cambridge},
	author = {Bauer, Laurie},
	publisher = {Cambridge University Press},
	title = {{Compounds and compounding}},
	year = {2017}}

@article{dreher1968instrumental,
	author = {Dreher, John J and Lee, Pao-ch'en},
	journal = {Monumenta {S}erica},
	number = {1},
	pages = {343--373},
	publisher = {Taylor \& Francis},
	sortname = {Dreher, John J and Lee, Pao-ch'en},
	title = {Instrumental investigation of single and paired {{Mandarin}} tonemes},
	volume = {27},
	year = {1968}}

@article{cowper89,
	author = {Cowper, Elizabeth},
	date-modified = {2021-07-07 04:30:55 -0700},
	journal = {Toronto Working Papers in Linguistics},
	pages = {85-93},
	title = {Thematic underspecification: {{T}}he case of have},
	volume = {10},
	year = {1989}}

@book{werner,
	address = {Hamburg},
	author = {Werner, Roland},
	publisher = {Buske},
	title = {{Grammatik} des {N}obiin ({N}ilnubisch): {P}honologie, {T}onologie und {M}orphologie},
	year = {1987}}

@incollection{Tenenbaum:1977:HayaDislocation,
	address = {Los Angeles},
	author = {Tenenbaum, Sarah.},
	booktitle = {{H}aya grammatical structure},
	editor = {Byarushengo, Ernest R. and Duranti, Alessandro and Hyman, Larry M.},
	pages = {161--170},
	publisher = {Department of Linguistics, University of Southern California},
	title = {Left- and Right-Dislocations},
	year = {1977}}

@article{alan2010,
	author = {Yu, Alan CL},
	journal = {Laboratory Phonology},
	number = {4},
	pages = {151--168},
	title = {Tonal effects on perceived vowel duration},
	volume = {10},
	year = {2010}}

@book{fub05,
	address = {Amsterdam \& Philadelphia},
	author = {Fuß, Eric},
	date-modified = {2021-07-07 05:01:21 -0700},
	publisher = {John Benjamins},
	sortname = {Fuß, Eric},
	title = {The rise of agreement: {A} formal approach to the syntax and grammaticalization of verbal inflection},
	year = {2005}}

@article{zaenen1985,
	author = {Zaenen, Annie and Maling, Joan and Thráinsson, Höskuldur},
	journal = {Natural Language \& Linguistic Theory},
	number = {4},
	pages = {441--483},
	publisher = {Springer},
	sortname = {Zaenen, Annie and Maling, Joan and Thr{a}insson, H{o}skuldur},
	title = {Case and grammatical functions: {{T}}he {{Icelandic}} passive},
	volume = {3},
	year = {1985}}

@incollection{horvath07,
	address = {Amsterdam},
	author = {Julia Horvath},
	booktitle = {Phrasal and Clausal Architecture: {{S}}yntactic derivation and interpretation. {{I}}n honor of {{Joseph}} {{E}.} {{E}monds}},
	editor = {Simin Karimi and Vida Samiian and Wendy K. Wilkins},
	pages = {108--145},
	publisher = {John Benjamins},
	title = {Spearating ``Focus Movement'' from Focus},
	year = {2007}}

@incollection{marantz91,
	address = {Ithaca, NY},
	author = {Marantz, Alec},
	booktitle = {Eastern States Conference on Linguistics},
	date-modified = {2021-07-07 06:00:04 -0700},
	editor = {Westphal, Germán and Ao, Benjamin and Chae, Hee-Rahk},
	pages = {234--253},
	publisher = {Cornell Linguistics Club},
	title = {Case and licensing},
	year = {1991}}

@incollection{ana17,
	author = {Anagnostopoulou, Elena},
	booktitle = {The {Wiley Blackwell} Companion to Syntax},
	edition = {2},
	date-modified = {2021-07-07 15:53:15 -0700},
	editor = {Everaert, Martin and van Riemsdijk, Henk},
	pages = {1--56},
	publisher = {John Wiley \& Sons, Inc},
	title = {Clitic doubling},
	year = {2017}}

@article{ana15,
	author = {Anagnostopoulou, Elena and Sevdali, Christina},
	journal = {Language},
	number = {2},
	pages = {442--481},
	publisher = {Linguistic Society of America},
	title = {Case alternations in {Ancient {Greek}} passives and the typology of {Case}},
	volume = {91},
	year = {2015}}

@article{ouhalla93,
	author = {Jamal Ouhalla},
	journal = {Natural Language and Linguistic Theory},
	pages = {477--518},
	title = {Subject-Extraction, Negation and the Antiagreement Effect},
	volume = {11},
	year = {1993}}

@article{Hyman1981,
	author = {Hyman, Larry M.},
	journal = {Studies in African {L}inguistics},
	number = {2},
	pages = {169--203},
	title = {{Tonal accent in {Somali}}},
	volume = {12},
	year = {1981}}

@book{hein20:book,
	address = {Berlin/Boston},
	author = {Johannes Hein},
	number = {574},
	publisher = {De Gruyter},
	series = {Linguistische Arbeiten},
	title = {Verb Doubling and Dummy Verb: {{G}}ap Avoidance Strategies in Verbal Fronting},
	year = {2020}}

@article{Jelinek:1984:IncorporatePronouns,
	author = {Jelinek, Eloise},
	journal = {Natural Language and Linguistic Theory},
	number = {1},
	pages = {39--76},
	title = {Empty Categories, case, and configurationality},
	volume = {2},
	year = {1984}}

@incollection{Banti1988,
	address = {Dordrecht},
	author = {Banti, Giorgio},
	booktitle = {Autosegmental Studies on Pitch Accent},
	editor = {van der Hulst, Harry and Smith, Norval},
	pages = {11--50},
	publisher = {Foris Publications},
	title = {{Two {Cushitic} systems: {{S}}omali and Oromo nouns}},
	year = {1988}}

@misc{Harley2017,
	author = {Harley, Matthew},
	date-modified = {2021-06-29 12:16:36 -0700},
	note = {MS, SIL. Jos, Nigeria.},
	title = {Dadiya Linguistic Consultant Report},
	year = {2017}}

@book{kayne:1994,
	address = {Cambridge, MA},
	author = {Kayne, Richard S.},
	publisher = {Linguistic Inquiry Monographs 25, MIT Press},
	title = {The Antisymmetry of Syntax},
	year = {1994}}

@article{Banti1986,
address = {Wiesbaden},
author = {Banti, Giorgio},
journal = {Sonderdruck aus Kratylos},
pages = {161--168},
publisher = {Dr. Ludwig Reichert Verlag},
title = {Review of Serzisko, Ausdruck der Possessivit{\"a}t im Somali},
volume = {31},
year = {1986}
}

@incollection{sigurandholm08,
	address = {Berlin},
	author = {Sigurssson, Halld{\'o}r {\'A}rmann and Holmberg, Anders},
	booktitle = {Agreement restrictions},
	date-modified = {2021-07-07 15:40:57 -0700},
	editor = {D'Alessandro, Roberta and Fischer, Susann and Hrafnbjargarson, Gunnar Hrafn},
	pages = {251--280},
	publisher = {Mouton de Gruyter},
	sortname = {Sigurssson, Halld{o}r {A}rmann and Holmberg, Anders},
	title = {{Icelandic} dative intervention: {{P}}erson and number are separate probes},
	year = {2008}}

@book{Nida1975,
	address = {München},
	author = {Nida, Eugene A.},
	publisher = {Wilhelm Fink Verlag},
	title = {Exploring Semantic Structures},
	year = {1975}}

@book{Downing17,
	address = {New York},
	author = {Downing, Laura J. and Mtenje, Al D.},
	publisher = {Oxford University Press},
	series = {The Phonology of the World's Languages},
	title = {The Phonology of {C}hichewa},
	year = {2017}}

@article{danon2011,
	author = {Danon, Gabi},
	journal = {Syntax},
	number = {4},
	pages = {297--317},
	publisher = {Wiley Online Library},
	title = {Agreement and {DP}-Internal Feature Distribution},
	volume = {14},
	year = {2011}}

@article{Wedekind1983,
	author = {Klaus Wedekind},
	journal = {Journal of {E}thiopian Studies},
	pages = {129--156},
	title = {A six-tone language in {{E}}thiopia: {T}onal analysis of {B}enchnon ({G}imira)},
	volume = {16},
	year = {1983}}

@article{Beckman97,
	author = {Beckman, Jill N.},
	journal = {Phonology},
	number = {1},
	pages = {1--46},
	title = {{Positional faithfulness, positional neutralisation and {Shona} vowel harmony}},
	volume = {14},
	year = {1997}}

@article{Jungraithmayr1968,
	author = {Jungraithmayr, Herrmann},
	journal = {Afrika und Ubersee},
	number = {3/4},
	pages = {161--206},
	title = {Class Languages of {T}angale-{{Waja}} District},
	volume = {52},
	year = {1968}}

@incollection{Higdon2000,
	address = {Kara, Togo},
	author = {Higdon, Lee and Lamboni, Gnanlé and Lossoulé, Kolani and Namoni, Nambaré and Pakdembè N'touame, Kodjo and Tchanate, Emanuel},
	booktitle = {Apprendre {\`a} lire et {\`a} écrire le Gangam, Guide pour les scolarisés},
	editor = {Comité de Langue Gangam},
	url = {https://www.sil.org/resources/archives/35393},
	title = {Apprendre {\`a} lire et {\`a} écrire le Gangam, Guide pour les scolarisés},
	year = {2000}}

@article{Bauer2008,
	author = {Bauer, Laurie},
	issue = {1},
	journal = {Morphology},
	pages = {51--74},
	title = {{Exocentric compounds}},
	volume = {18},
	year = {2008}}

@article{Mtenje85,
	author = {Mtenje, Al D.},
	journal = {Lingua},
	number = {1},
	pages = {21--52},
	title = {{Arguments for an autosegmental analysis of Chiche{\^w}a vowel harmony}},
	volume = {66},
	year = {1985}}

@article{pycha,
	author = {Pycha, Anne},
	date-modified = {2021-06-28 11:54:26 -0700},
	journal = {Word Structure},
	number = {1},
	pages = {53--83},
	title = {Listeners perceive prefixes differently: {{{E}}}vidence from a noise-rating task},
	volume = {8},
	year = {2015}}

@mastersthesis{abdul2014synchronic,
	author = {Abdul, Rashidat Edem},
	school = {University of Ghana},
	title = {A Synchronic Sociolinguistic Analysis of Personal Names among {{E}}wes},
	year = {2014}}

@book{VanDerWalHyman:2017:ConjointDisjoint,
	address = {Berlin},
	booktitle = {The conjoint/disjoint alternation in {B}antu},
	editor = {van der Wal, Jenneke and Hyman, Larry M.},
	publisher = {Mouton de Gruyter},
	title = {The conjoint/disjoint alternation in {B}antu},
	year = {2017}}

@article{Buell:2006:ZuluConjointDisjoint,
	author = {Buell, Leston},
	journal = {ZAS Papers in Linguistics},
	pages = {9--30},
	title = {The {Z}ulu conjoint/disjoint verb alternation: {{F}}ocus or constituency?},
	volume = {43},
	year = {2006}}

@book{Olson2005,
	address = {Dallas},
	author = {Olson, Kenneth},
	publisher = {SIL International},
	title = {The Phonology of {M}ono},
	year = {2005}}

@article{bakerandkramer18,
	author = {Baker, Mark C. and Kramer, Ruth},
	journal = {Natural Language \& Linguistic Theory},
	number = {4},
	pages = {1035--1088},
	publisher = {Springer},
	title = {Doubled clitics are pronouns},
	volume = {36},
	year = {2018}}

@article{Letsholo:2013:IkalangaOM,
	author = {Letsholo, Rose},
	journal = {Linguistic Discovery},
	number = {1},
	pages = {105--128},
	title = {Object Markers in {I}kalanga},
	volume = {11},
	year = {2013}}

@unpublished{bakerandkramer13,
	author = {Baker, Mark C. and Kramer, Ruth},
	date-modified = {2021-07-06 06:21:26 -0700},
	note = {Talk given at the {Afranaph Project development workshop {II}, {New Brunswick}, {NJ}}},
	title = {The morphosyntax of applicative markers in {A}mharic},
	year = {2013}}

@book{preminger14,
	address = {Cambridge, MA},
	author = {Preminger, Omer},
	date-modified = {2021-07-07 06:48:04 -0700},
	publisher = {MIT Press},
	title = {Agreement and its failures},
	year = {2014}}

@misc{vanAlem19,
	author = {Astrid van Alem},
	howpublished = {Talk given at the SynSem Colloquium, University of Potsdam},
	title = {Anti-agreement on complementizers in non-standard varieties of {{West}}-{{Germanic}}},
	year = {2019}}

@phdthesis{farristrimble,
	author = {Farris-Trimble, Ashley W},
	title = {Cumulative faithfulness effects in phonology},
	year = {2008}}

@article{borer84,
	author = {Hagit Borer},
	journal = {Natural Language and Linguistic Theory},
	pages = {219--260},
	title = {Restrictive relatives in {M}odern {H}ebrew},
	volume = {2},
	year = {1984}}

@misc{Blench2007,
	author = {Blench, Roger},
	note = {Powerpoint presented at the Jos Linguistics Circle, Jos, Nigeria.},
	title = {Language families of the {{Nigerian}} Middle Belt and the historical implications of their distribution},
	year = {2007}}

@article{freeze92,
	author = {Freeze, Ray},
	date-modified = {2021-07-07 04:59:43 -0700},
	journal = {Language},
	number = {3},
	pages = {553--595},
	title = {Existentials and other locatives},
	volume = {68},
	year = {1992}}

@article{bresnan+moshi90,
	author = {Joan Bresnan and Lioba Moshi},
	journal = {Linguistic Inquiry},
	number = {2},
	pages = {147--185},
	title = {Object Asymmetries in Comparative {{Bantu}} Syntax},
	volume = {21},
	year = {1990}}

@article{BakerCollins2006,
	author = {Baker, Mark C. and Collins, Chris},
	journal = {Natural Language and Linguistic Theory},
	number = {2},
	pages = {207--254},
	publisher = {Springer},
	title = {Linkers and the internal structure of v{P}},
	volume = {24},
	year = {2006}}

@article{LockeAgbeli1981,
	author = {David Locke and Godwin Agbeli},
	journal = {The Black Perspective in Music},
	number = {1},
	pages = {25--50},
	title = {Drum language in {A}dzogbo},
	volume = {9},
	year = {1981}}

@article{Schneider-ZiogaMutaka2015,
	author = {Schneider-Zioga, Patricia and Philip Ngessimo Mutaka},
	date-modified = {2021-06-27 22:12:20 -0700},
	journal = {The Journal of West African Languages},
	number = {2},
	pages = {101-124},
	title = {The linker in {K}inande: {A} predication relation},
	volume = {42},
	year = {2015}}

@unpublished{Bendjaballah2019,
	author = {Bendjaballah, Sabrina and {Le Gac}, David},
	month = {October},
	note = {Workshop on Somali Grammar, University of Gothenburg},
	title = {The acoustics of {S}omali voiced stops},
	year = {2019}}

@inproceedings{byedelacy,
	author = {Bye, Patrik and De Lacy, Paul},
	booktitle = {Proceedings of North East Linguistics Society},
	date-modified = {2021-06-28 11:46:10 -0700},
	editor = {Ji-Yung Kim and Masako Hirotani},
	pages = {121--135},
	title = {Edge asymmetries in phonology and morphology},
	volume = {30},
	year = {2000}}

@unpublished{SikukuDiercks2020BukusuOmBook,
	author = {Sikuku, Justine and Diercks, Michael},
	date-modified = {2021-06-13 17:08:46 -0700},
	note = {Ms, Moi University and Pomona College},
	title = {Object Marking in {B}ukusu: {{A}}t the interface of pragmatics and syntax},
	year = {2021}}

@inproceedings{Downing2019,
	address = {Berlin},
	author = {Downing, Laura J. and Nilsson, Morgan},
	booktitle = {{African} linguistics across the disciplines: {S}elected papers from the 48th {A}nnual {C}onference on {A}frican {L}inguistics},
	date-modified = {2021-06-27 22:22:24 -0700},
	editor = {Lotven, Samson and Bongiovanni, Silvina and Weirich, Phillip and Botne, Robert and Obeng, Samuel Gyasi},
	pages = {125--142},
	title = {{Prosodic restructuring in {S}omali nominals}},
	year = {2019}}

@article{Williams:1997:BlockingAnaphora,
	author = {Williams, Edwin},
	journal = {Linguistic inquiry},
	number = {4},
	pages = {577--628},
	title = {Blocking and anaphora},
	volume = {28},
	year = {1997}}

@book{Ethnologue2020,
	address = {Dallas},
	booktitle = {{Ethnologue}: {L}anguages of the World. {T}wenty-third edition},
	editor = {Eberhard, David M. and Simons, Gary F. and Fennig, Charles D.},
	publisher = {SIL International},
	title = {{Ethnologue}: {L}anguages of the World. {T}wenty-third edition},
	year = {2020}}

@book{Rennison1997,
	address = {New York, NY},
	author = {Rennison, John},
	publisher = {Routledge},
	title = {koromfe},
	year = {1997}}

@misc{Sandstedt19,
	author = {Sandstedt, Jade J{\o}rgen},
	note = {Talk given at the 27\textsuperscript{th} Manchester Phonology Meeting, Manchester, UK, 23--25 May},
	title = {{A contrastivist approach to the emergence of sound inventories}},
	url = {https://jsandstedt.hcommons.org/publications-presentations},
	year = {2019},
	Bdsk-Url-1 = {https://jsandstedt.hcommons.org/publications-presentations}}

@incollection{Baker:2003:KinandeAgrDislocate,
	address = {Amsterdam},
	author = {Baker, Mark C.},
	booktitle = {Formal approaches to function in grammar},
	editor = {Carnie, Andrew and Heidi Harley and MaryAnn Willie},
	pages = {107--132},
	publisher = {John Benjamins},
	title = {Agreement, dislocation, and partial configurationality},
	year = {2003}}

@incollection{bhatt97,
	address = {Cambridge, MA},
	author = {Bhatt, Rajesh},
	booktitle = {The Proceedings of the {UPenn/MIT} Workshop on Argument Structure and Aspect},
	date-modified = {2021-07-06 06:32:57 -0700},
	editor = {Harley, Heidi B.},
	ids = {bhatt1997,Bhatt:1997},
	pages = {21-40},
	publisher = {MIT Working Papers in Linguistics},
	series = {32},
	title = {Obligation and possession},
	volume = {32},
	year = {1997}}

@book{BamataSubama1997,
	address = {Democratic Republic of Congo},
	author = {Bamata-Subama, M.},
	note = {(As cited in Roberts 2013)},
	publisher = {SIL},
	title = {Manuel d'orthographe Budu},
	year = {1997}}

@phdthesis{Egblewogbe1977Ewe,
	author = {Egblewogbe, Eustace Yao},
	school = {University of Ghana},
	title = {{Ewe} Personal Names: {A} Sociolinguistic Study},
	year = {1977}}

@article{BresnanMchombo1987,
	author = {Bresnan, Joan and Mchombo, Sam},
	journal = {Language},
	number = {4},
	pages = {741--782},
	title = {Topic, pronoun and agreement in {C}hiche{\^w}a},
	volume = {63},
	year = {1987}}

@article{huang82,
	author = {C. T. James Huang},
	journal = {The Linguistic Review},
	number = {4},
	pages = {369--416},
	title = {{Move} {{{WH}}} in a language without {Wh}-movement},
	volume = {1},
	year = {1982}}

@article{larson90,
	author = {Richard Larson},
	journal = {The Linguistic Review},
	number = {2},
	pages = {169--182},
	title = {Extraction and Multiple Selection in {{PP}}},
	volume = {7},
	year = {1990}}

@phdthesis{Sleeper2018,
	author = {Morgan Sleeper},
	school = {University of California at Santa Barbara},
	title = {Musicolinguistics: {N}ew methodologies for integrating musical and linguistic data},
	year = {2018}}

@inbook{geurts2006enduring,
	address = {London},
	author = {Geurts, Kathryn Linn and Adikah, Elvis Gershon},
	booktitle = {Enduring and endearing feelings and the transformation of material culture in {W}est {A}frica},
	editor = {Edwards, Elizabeth and Gosden, Chris and Phillips, Ruth B.},
	journal = {Sensible objects: Colonialism, museums and material culture},
	pages = {35--60},
	publisher = {Bloomsbury Academic},
	title = {Enduring and endearing feelings and the transformation of material culture in {W}est {A}frica},
	year = {2006}}

@inbook{quantity,
	address = {Hoboken, NJ},
	author = {Davis, Stuart},
	booktitle = {Quantity},
	chapter = {4},
	date-modified = {2021-06-28 11:48:43 -0700},
	editor = {John Goldsmith, Jason Riggle, Alan C. L. Yu},
	journal = {The handbook of phonological theory},
	pages = {103--140},
	publisher = {John Wiley \& Sons Ltd.},
	title = {Quantity},
	year = {2011}}

@book{Payne1997,
	address = {New York},
	author = {Payne, Thomas},
	publisher = {Cambridge University Press},
	title = {Describing morphosyntax: {{A}} guide for field linguists},
	year = {1997}}

@incollection{HalleMarantz1993,
	address = {Cambridge, MA},
	author = {Halle, Morris and Alec Marantz},
	booktitle = {The view from Building 20},
	editor = {Hale, Kenneth and Samuel J. Keyser},
	pages = {111--176},
	publisher = {MIT Press},
	title = {Distributed morphology and the pieces of inflection},
	year = {1993}}

@book{gillbt2017,
	address = {Tamale, {G}hana},
	author = {{Ghana {I}nstitute of {L}inguistics, {L}iteracy, and {B}ible {T}ranslation}},
	date-modified = {2021-06-13 15:56:36 -0700},
	edition = {1},
	publisher = {Ghana {I}nstitute of {L}inguistics, {L}iteracy, and {B}ible {T}ranslation},
	title = {Kunyanya {V}uvu {Y}ɔ: {T}he {N}ew {T}estament in {S}ideme},
	year = {2017},
	options = {indexing = false}}

@phdthesis{Barnwell1969,
	author = {Barnwell, Katharine},
	note = {{U}niversity of {L}ondon},
	title = {A grammatical description of {M}bembe ({A}dun dialect): {A} {C}ross {R}iver language},
	year = {1969}}

@unpublished{SchneiderZiogaMutaka2019a,
	author = {Schneider-Zioga, Patricia and Philip Ngessimo Mutaka},
	note = {Ms. California State University, Fullerton},
	title = {Having in {K}inande: {A}lienable and inalienable possession},
	year = {2019}}

@incollection{IrimiaToAppear,
	address = {Berlin},
	author = {Irimia, Monica Alexandrina},
	booktitle = {Case, agreement and their interactions: {N}ew perspectives on differential argument marking},
	date-modified = {2021-06-22 00:35:39 -0700},
	editor = {Andras Bárány and Laura Kalin},
	pages = {77--127},
	publisher = {De Gruyter},
	title = {Types of structural objects: Some remarks on differential object marking in Romanian},
	year = {2020}}

@article{Onukawa2000,
	author = {Onukawa, M. C.},
	date-modified = {2021-06-28 00:00:44 -0700},
	journal = {Africa},
	number = {1},
	pages = {107},
	title = {The {Chi} concept in {{Igbo}} gender naming},
	volume = {70},
	year = {2000}}

@article{Bolli1978,
	author = {Bolli, Margaret},
	journal = {SIL Notes on Literacy},
	pages = {16--18},
	title = {Writing tone with punctuation marks},
	volume = {23},
	year = {1978}}

@book{Miyagawa2017,
	address = {Cambridge, MA},
	author = {Miyagawa, Shigeru},
	date-modified = {2021-06-22 00:42:38 -0700},
	publisher = {MIT Press},
	title = {Agreement beyond Phi},
	year = {2017}}

@book{finnegan2012oral,
	address = {Cambridge},
	author = {Finnegan, Ruth},
	publisher = {Open Book Publishers},
	title = {{Oral literature in {Africa}}},
	year = {2012}}

@article{levinson2011,
	author = {Levinson, Lisa},
	journal = {Syntax},
	number = {4},
	pages = {355--393},
	publisher = {Wiley Online Library},
	title = {Possessive {{WITH}} in {{Germanic}}: {{HAVE}} and the Role of {P}},
	volume = {14},
	year = {2011}}

@misc{Schneider-Zioga2018,
	author = {Schneider-Zioga, Patricia},
	note = {To appear in {T}he {O}xford {G}uide to the {B}antu {L}anguages. lingbuzz/004350},
	title = {Non-verbal predication in {{Bantu}}},
	year = {2018}}

@incollection{Banti1988a,
	address = {Hamburg},
	author = {Banti, Giorgio},
	booktitle = {Papers from the {I}nternational {S}ymposium on {C}ushitic and {O}motic {L}anguages, {C}ologne 1986},
	editor = {Marianne Beckhaus-Gerst and Fritz Serzisko},
	pages = {204--259},
	publisher = {Helmut Buske Verlag},
	title = {``{A}djectives'' in {{E}}ast {C}ushitic},
	year = {1988}}

@article{ritterandrosen1997,
	author = {Ritter, Elizabeth and Rosen, Sara T.},
	journal = {Lingua},
	number = {3},
	pages = {295--321},
	publisher = {Elsevier},
	title = {The function of \emph{have}},
	volume = {101},
	year = {1997}}

@book{leslau1995,
	address = {Wiesbaden},
	author = {Leslau, Wolf},
	ids = {Leslau:1995},
	publisher = {Otto Harrissowitz},
	title = {Reference grammar of {Amharic}},
	year = {1995}}

@inbook{vonFintel2006,
	address = {Detroit, MI},
	author = {von Fintel, Kai},
	booktitle = {Encyclopedia of philosophy},
	edition = {2},
	ids = {vonFintel:2006},
	publisher = {MacMillan},
	title = {Language and modality},
	year = {2006}}

@article{ritterandrosen1993,
	author = {Ritter, Elizabeth and Rosen, Sara T.},
	journal = {Natural language \& Linguistic Theory},
	number = {3},
	pages = {519--555},
	publisher = {Springer},
	title = {Deriving causation},
	volume = {11},
	year = {1993}}

@inproceedings{matthewsonetal2005,
	address = {Vancouver, BC},
	author = {Matthewson, Lisa and Hotze Rullmann and Henry Davis},
	booktitle = {40th international conference on {Salish} and neighbouring languages},
	editor = {J. C. Brown, M. Kiyota and T. Peterson},
	number = {XL},
	pages = {166--183},
	publisher = {UBC Linguistics},
	series = {ICSNL},
	title = {Modality in {S}t'at'imcets},
	year = {2005}}

@article{holmbergandthorbjorg2003,
	author = {Holmberg, Anders and Hr{\'o}arsd{\'o}ttir, Thorbjörg},
	journal = {Lingua},
	pages = {997--1019},
	title = {Agreement and movement in {I}celandic raising constructions},
	volume = {113},
	year = {2003}}

@article{polettoandpollock2004,
	author = {Poletto, Cecilia and Pollock, Jean-Yves},
	doi = {10.1515/prbs.2004.16.2.241},
	journal = {Probus},
	number = {2},
	pages = {241--272},
	title = {On wh-clitics and wh-doubling in {F}rench and some {N}orth {E}astern {I}talian dialects},
	volume = {16},
	year = {2004},
}

@misc{bjorkmanandzeijlstra2014,
	author = {Bjorkman, Bronwyn and Zeijlstra, Hedde},
	note = {Ms., University of Toronto and Universität Göttingen},
	title = {Upward {A}gree is superior},
	year = {2014}}

@incollection{LaddKirby2020,
    author = {Ladd, D. Robert and James Kirby},
    title = {Tone-melody matching in tone language singing},
    booktitle = {The {Oxford} Handbook of Language Prosody},
    editor = {Carlos Gussenhoven and Aoju Chen},
    year = {2020},
    publisher = {Oxford University Press},
    address = {Oxford},
    pages = {676--687}
}
