%Refs for Green & Smith

@article{Gordon2001,
    author = "Gordon, Matthew",
    year = "2001",
    title = "A typology of contour tone restrictions",
    journal = "Studies in Language",
    volume = "25",
    issue = "3",
    pages = "423-462",
}

@inproceedings{Hyman2009b,
    author = "Hyman, Larry M.",
    year = "2009",
    title = "Universals of tone rules: 30 years later",
    editor = "Riad, Tomas and Gussenhoven, Carlos",
    booktitle = "Tones and Tunes Vol. 1: {T}ypological Studies in Word and Sentence Prosody",
    pages = "1-34",
    publisher = "Berlin, New York: De Gruyter Mouton"
}

@book{greensomgram,
  author = {Green, Christopher R.},
  publisher = {Berlin: De Gruyter Mouton},
  title = {Somali grammar},
  year = {2021}
}

@book{Yip2002,
    author = "Yip, Moira",
    year = "2002",
    title = "Tone",
    publisher = "Cambridge, UK: Cambridge University Press"
}

@book{saeed1999,
	Author = {Saeed, John I.},
	Publisher = {Amsterdam: John Benjamins},
	Title = {Somali},
	Year = {1999}}

@article{Hyman2006,
	author = "Hyman, Larry M.",
    title = "Word-prosodic typology",
    year = "2006",
    journal = "Phonology",
    volume = "23",
    pages = "225-257",
    doi = "10.1017/S0952675706000893"
    }
    
 @article{Hyman2009,
	author = "Hyman, Larry M.",
    title = "How (not) to do phonological typology: {T}he case of pitch-accent",
    year = "2009",
    journal = "Language Sciences",
    volume = "31",
    pages = "213-238"
    }

@book{Beckman1986,
  title = "Stress and non-stress accent",
  author = "Beckman, Mary E.",
  year = "1986",
  publisher = "Dordrecht: Foris"
 }

@article{Mous2021,
	author = "Mous, Maarten",
    title = "The grammatical primacy of tone in {C}ushitic",
    year = "2021",
    journal = "Stellenbosch Papers in Linguistics",
    volume = "62",
    pages = "91-106",
    doi = "10.5842/62-0-898"
    }

@inproceedings{banti88,
     author = "Banti, Giorgio",
     title = "Two {C}ushitic systems: {S}omali and {O}romo nouns",
     booktitle = "Autosegmental studies on pitch accent",
     pages = "11-50",
  editor = "van der Hulst, Harry and Smith, Norval",
  publisher = "Berlin: de Gruyter",
     year = "1988"
}

    @article{Tosco2000,
	author = "Tosco, Mauro",
    title = "Cushitic overview",
    year = "2000",
    journal = "Journal of Ethiopian Studies",
    volume = "33",
    issue = "2",
    pages = "87-121"
    }

@article{Gussenhoven2006,
	author = "Gussenhoven, Carlos",
    title = "Between stress and tone in {N}ubi word prosody",
    year = "2006",
    journal = "Phonology",
    volume = "23",
    pages = "193-223",
    doi = "10.1017/S0952675706000881"
    }
    
@inproceedings{Odden1988,
     author = "Odden, David",
     title = "Predictable tone systems in {B}antu",
     booktitle = "Autosegmental studies on pitch accent",
     editor = "van der Hulst, Harry and Smith, Norval",
     year = "1988",
     publisher = "Berlin: de Gruyter Mouton",
     pages = "225-252",
}

@article{AkinlabiUrua2003,
    author = "Akinlabi, Akinbiyi and Urua, Eno",
    year = "2003",
    title = "Foot structure in the {I}bibio verb",
    journal = "Journal of African Languages and Linguistics",
    volume = "24",
    pages = "119–60"
}

@article{Leben1997,
    author = "Leben, William",
    year = "1997",
    title = "Tonal feet and the adaptation of {E}nglish borrowing into {H}ausa",
    journal = "Studies in African Linguistics",
    volume = "25",
    pages = "139–54"
}

@article{Welmers1959,
    author = "Welmers, William E.",
    year = "1959",
    title = "Tonemics, morphotonemics, and tonal morphemes",
    journal = "General Linguistics",
    volume = "4",
    pages = "1-9"
}

@inproceedings{Leben2003,
    author = "Leben, William",
    year  = "2003",
    title = "Tonal feet as tonal domains",
    booktitle = "Trends in {A}frican linguistics 5: {L}inguistic typology and representation of {A}frican languages",
    editor = "Mugane, John",
    pages = "129–38",
    publisher = "Trenton, NJ: Africa World Press"
}

@inproceedings{Hyman2001,
    author = "Hyman, Larry M.",
    year = "2001",
    title = "Tone systems",
    editor = "Haspelmath, Martin and König, Ekkehard and Oesterreicher, Wulf and Raible, Wolfgang",
    booktitle = "Language typology and language universals: {A}n international handbook",
    publisher = "Berlin: Walter de Gruyter",
    pages = "1367-1380",
}

@inproceedings{HymanToneOverview,
	author = "Hyman, Larry M.",
	title = "Bantu tone overview",
	editor = "Kula, Nancy and Marten, Lutz and Zeller, Jochen",
	booktitle = "The {O}xford guide to the {B}antu languages",
	year = "to appear",
	pages = "xx-xx",
	publisher = "Oxford: Oxford University Press"
}

@book{Hayes1995,
    author = "Hayes, Bruce",
    year = "1995",
    title = "Metrical stress theory: {P}rinciples and case studies",
    publisher = "Chicago: University of Chicago",
}

@book{Pearce2013,
    author = "Pearce, Mary",
    year = "2013",
    title = "The Interaction of Tone with Voicing and Foot Structure: {E}vidence from {K}era Phonetics and Phonology",
    publisher = "Stanford: CSLI",
}

@article{Voorhoeve1973,
    author = "Voorhoeve, Jan",
    year = "1973",
    journal = "Studies in African Linguistics",
    volume = "4",
    pages = "1-22",
}

@article{Appleyard1991,
    author = "Appleyard, David",
    year = "1991",
    title = "The role of tone in some {C}ushitic languages",
    journal = "York Papers in Linguistics",
    volume = "15",
    pages = "5-32",
}

@phdthesis{Lamberti1986,
    author = "Lamberti, Marcello",
    year = "1986",
    title = "Die {S}omali-{D}ialekte: {E}ine vergleichende {U}ntersuchung",
    school = "University of {C}ologne",
}

@article{GreenMorrison2016,
     author = "Green, Christopher R. and Morrison, Michelle E.",
     title = "{S}omali wordhood and its relationship to prosodic structure",
     journal = "Morphology",
  volume = "26",
  issue = "1",
  pages = "3-32",
     year = "2016",
     doi = "10.1007/s11525-015-9268-x"
}

@article{Biber1982,
    author = "Biber, Douglas",
    year = "1982",
    title = "Accent in the {C}entral {S}omali nominal system",
    journal = "Studies in African Linguistics",
    volume = "13",
    pages = "1-10",
}

@article{Saeed1982,
    author = "Saeed, John I.",
    year = "1982",
    title = "Central {S}omali: {A} grammatical outline",
    journal = "Monographic Journals of the Near East: Afroasiatic Linguistics",
    volume = "8",
    pages = "1-43",
}

@article{McCawley1970,
    author = "McCawley, James D.",
    year = "1970",
    title = "Some Tonal Systems that Come Close to Being Pitch Accent Systems but do not quite Make it",
    journal = "CLS",
    volume = "6",
    pages = "526-531",
}

@inproceedings{McCawley1978,
    author = "McCawley, James D.",
    year = "1978",
    title = "What is a tone language?",
    booktitle = "Tone: {A} Linguistic Survey",
    editor = "Fromkin, Victoria",
    pages = "113-131",
    publisher = "New York: Academic Press",
}

@inproceedings{ClementsGoldsmith1984,
    author = "Clements, G. Nick and Goldsmith, John",
    year = "1984",
    title = "Autosegmental studies on {B}antu tone: {I}ntroduction",
    booktitle = "Autosegmental studies on {B}antu tone",
    editor = "Clements, G. Nick and Goldsmith, John",
    pages = "1-17",
    publisher = "Berlin: De Gruyter Mouton",
    doi = "10.1515/9783110864465.1"
}

@inproceedings{vdH2011,
    author = "van der Hulst, Harry",
    year = "2011",
    title = "Pitch accent systems",
    booktitle = "The {B}lackwell companion to phonology",
    editor = "van Oostendrop, Marc and Ewen, Colin J. and Hume, Elizabeth and Rice, Keren",
    publisher = "Oxford: Wiley-Blackwell",
    doi = "10.1002/9781444335262.wbctp0042"
}

@inproceedings{ComfortPaster2009,
    author = "Comfort, Jade and Paster, Mary",
    year = "2009",
    title = "Notes on {L}ower {J}ubba {M}aay",
    booktitle = "Selected proceedings of the 38th {A}nnual {C}onference on {A}frican {L}inguistics: {L}inguistic theory and {A}frican language documentation",
    editor = "Matonda, Masangu and McLaughlin, Fiona and Potsdam, Eric",
    pages = "204–216",
    publisher = "Somerville, MA: Cascadilla",
}

@article{paster07,
     author = "Paster, Mary",
     title = "Aspects of {M}aay phonology and morphology",
     year = "2007",
     journal ="Studies in African Linguistics",
     volume = "35",
     issue = "1",
     pages = "73-120",
}

@inproceedings{OptionalmultiplepluralmarkinginMaayPaster10,
     author = "Paster, Mary",
     title = "Optional multiple plural marking in {M}aay",
     booktitle = "Current issues in linguistic theory 310: {V}ariation and change in morphology",
     series = "CILT",
        number = "310",
     editor ="Rainer, Franz",
     year = "2010",
     publisher = "Amsterdam: John Benjamins",
}

@inproceedings{Paster2018,
	author = "Paster, Mary",
	title = "Gender instability in {M}aay",
	editor = "Kandybowicz, Jason and Torrence, Harold",
	booktitle = "Selected proceedings of the 45th {A}nnual {C}onference on {A}frican
{L}inguistics",
    series = "Contemporary African Linguistics",
    number = "3",
    doi = "10.5281/zenodo.1251732",
	year = "2018",
	pages = "205-218",
	publisher = "Berlin: Language Science Press"
}

@misc{PasterRanero2015,
  author = "Paster, Mary and Ranero, Rodrigo",
  title = "{CASL} {I}ntroductory structural sketches for {A}frican languages: {M}aay",
  note = "Technical Report 2.9b (DO0050). University of Maryland Center for Advanced Study of Language",
  year = "2015"
}

@mastersthesis{Smith2022,
    author = "Smith, Katrina",
    year = "2022",
    title = "The {M}aay {M}aay nominal system and its tonology",
    school = "Syracuse University",
}

@article{Orwin1996,
    author = "Orwin, Martin",
    year = "1996",
    title = "A moraic model of the prosodic phonology of
    {S}omali",
    journal = "African Languages and Cultures",
    volume = "Supplement 3",
    pages = "51–71"
}

@article{Orwin2001,
 author = "Orwin, Martin",
    year = "2001",
    title = "On consonants in {S}omali metrics",
    journal = "Afrikanistische Arbeitspapiere",
    volume = "65",
    pages = "103-127"
}


@article{hyman81,
     author = "Hyman, Larry M.",
     title = "Tonal accent in {S}omali",
     year = "1981",
     journal ="Studies in African Linguistics",
     volume = "12",
     issue = "2",
     pages = "169-203",
}

@article{AkinlabiLiberman2001,
     author = "Akinlabi, Akinbiyi and Liberman, Mark",
     title = "Tonal complexes and tonal alignment",
     year = "2001",
     journal ="NELS",
     volume = "31",
     issue = "1",
}

@article{Green2015,
     author = "Green, Christopher R.",
     title = "The foot domain in {B}ambara",
     year = "2015",
     journal ="Language",
     volume = "91",
     issue = "1",
     pages = "e1-e26",
}

@article{GreenLampitelli2022,
     author = "Green, Christopher R. and Lampitelli, Nicola",
     title = "Conditions on complex exponence: {A} case study of the {S}omali subject marker",
     year = "2022",
     journal ="Phonological Data \& Analysis",
     volume = "4",
     issue = "4",
     pages = "1-31",
     doi = "10.3765/pda.v4art4.63"
}

@misc{MorrisonAbokor2016,
    author = "Morrison, Michelle E. and Abokor, Abdullaziz A.",
    title = "A comparative reference guide to Maay and other language varieties of Southern {S}omalia",
    note = "unpublished ms. University of Maryland",
    year = "2016"
}

@article{Green2022,
    author = "Green, Christopher R.",
    year = "2022",
    title = "Moraic mismatches in {S}omali phonology: {C}oda consonants reconsidered",
    journal = "Afrika und Übersee",
    volume = "95",
    pages = "49-75",
    doi = "10.15460/auue.2022.95.1.240"
}

%Refs for Newman

@article{Newman1964,
     author = "Newman, Paul",
     title = "A word list of {T}era",
     year = "1964",
     journal ="Journal of West African Languages",
     volume = "1",
     issue = "2",
     pages = "33-50",
}

@book{Newman1974,
    author = "Newman, Paul",
    year = "1974",
    title = "The {K}anakuru Language",
    publisher = "Leeds: Institute of Modern English Language Studies, University of Leeds and West African Linguistic Society",
}

@article{Newman1986,
     author = "Newman, Paul",
     title = "Tone and affixation in {H}ausa",
     year = "1986",
     journal ="Studies in African Linguistics",
     volume = "17",
     pages = "249-267",
}

@book{Newman2000,
    author = "Newman, Paul",
    year = "2000",
    title = "The {H}ausa Language: {A}n Encyclopedic Reference Grammar",
    publisher = "New Haven: Yale University Press",
}

@book{NewmanNewman2020,
    author = "Newman, Paul and Ma Newman, Roxana",
    year = "2020",
    title = "Hausa Dictionary ({H}ausa-{E}nglish/{E}nglish-{H}ausa) / {Ƙ}amusun {H}ausa ({H}ausa-{I}ngilishi/{I}ngilishi-{H}ausa)",
    publisher = "Kano: Bayero University Press",
    note = "[2nd printing with minor emendations, Oxford: African Books Collective, 2022]"
}

@inproceedings{Schuh1976,
	author = "Schuh, Russell G.",
	title = "The history of {H}ausa nasals",
	editor = "Hyman, Larry M. and Jacobson, Leon C. and Schuh, Russell G.",
	booktitle = "Papers in {A}frican Linguistics in Honor of {W}m. {E}. {W}elmers",
	year = "1976",
	pages = "221-232",
	publisher = "Los Angeles: Department of Linguistics, UCLA"
}

@misc{Schuh2001,
  author = "Schuh, Russell G.",
  title = "Sources of gemination and gemination as a morpheme in {B}ole",
  note = "Paper presented at the 32nd {A}nnual {C}onference on {A}frican {L}inguistics in Berkeley, CA",
  year = "2001"
}

%Lotven & Ajibadi refs

@article{Abaglo&Archangeli1989,
    author = "Abaglo, Poovi and Archangeli, Diana",
    title = "Language-particular underspecification: {G}engbe /e/ and {Y}oruba /i/",
    year = "1989",
    journal = "Linguistic Inquiry",
    volume = "20",
    issue = "3",
    pages = "457-480",
}

@book{Aboh2004,
    author = "Aboh, Enoch Oladé",
    year = "2004",
    title = "The Morphosyntax of Complement-Head Sequences: {C}lause Structure and Word Order Patterns in {K}wa",
    publisher = "Oxford: Oxford University Press",
}

@phdthesis{Adewole1995,
    author = "Adewole, Stephen Monday",
    year = "1995",
    title = "Yoruba word formation processes",
    school = "UCLA",
}

@article{Akanbi2014,
    author = "Akanbi, Timothy Adeyẹmi",
    title = "Grammatical implication of tone on {Y}orùbá idiophone[sic]",
    year = "2014",
    journal = "International Journal of Current Research",
    volume = "6",
    issue = "7",
    pages = "7692-7697",
}

@inproceedings{AkinlabiandLeiberman2001,
	author = "Akinlabi, Akinbiyi and Liberman, Mark",
	title = "The tonal phonology of {Y}oruba clitics",
	editor = "Gerlach, Birgit and Grijzenhout, Janet",
	booktitle = "Clitics in Phonology, Morphology and Syntax",
	year = "2001",
	pages = "31-62",
	publisher = "Amsterdam: John Benjamins",
}

@article{Ameka1999,
    author = "Ameka, Felix K.",
    title = "The Typology and Semantics of Complex Nominal Duplication in {E}we",
    year = "1999",
    journal = "Anthropological Linguistics",
    volume = "41",
    issue = "1",
    pages = "75-106",
}
   
@inproceedings{Ameka2001,
    author = "Ameka, Felix K.",
    title = "Ideophones and the nature of the adjective word class in {E}we",
    editor = "Voeltz, F. K. Erhard and Kilian-Hatz, Christa",
    booktitle = "Ideophones",
    year = "2001",
    pages = "25-48",
    publisher = "Amsterdam: John Benjamins",
}

@book{Ameka2012,
    author = "Ameka, Felix K.",
    year = "2012",
    title = "Ewe: {I}ts grammatical constructions and illocutionary devices",
    publisher = "Munich: Lincom Europa",
}

@book{Awobuluyi2008,
    author = "Awobuluyi, Oladele",
    year = "2008",
    title = "Ẹ̀kọ́ Ìṣẹ̀dá-Ọ̀rọ̀ {Y}orùbá",
    publisher = "Ibadan: Kingdon Arts Publishing",
}

@article{Awoyale1978,
    author = "Awoyale, Yiwola",
    title = "On the deep structure of ideophones",
    year = "1978",
    journal = "Research Papers in Linguistic Science",
    volume = "1",
    issue = "1",
    pages = "5-40",
}

@article{Awoyale1981,
    author = "Awoyale, Yiwola",
    title = "Nominal compound formation in {Y}orùbá",
    year = "1981",
    journal = "Journal of African Languages",
    volume = "19",
    issue = "1",
    pages = "15-34",
}

@article{Awoyale1989,
    author = "Awoyale, Yiwola",
    title = "Reduplication and the status of ideophones in {Y}oruba",
    year = "1989",
    journal = "Journal of West African Languages",
    volume = "16",
    pages = "15-34",
}

@book{Bamgbose1990,
    author = "Bamgbose, Ayo",
    year = "1990",
    title = "Fonoloji ati Girama {Y}oruba",
    publisher = "Ibadan: University Press PLC",
}

@inproceedings{Beavon-Hamm2020,
	author = "Beavon-Hamm, Virginia",
	title = "Prefix or prosody: {T}he initial vowel on nouns in {G}be ({K}wa)",
	editor = "van der Wal, Jenneke and Smits, Heleen and Petrollino, Sara and Nyst, Victoria and Kosmann, Maarten",
	booktitle = "Essays on {A}frican languages and Linguistics in honour of {M}aarten {M}ous",
	year = "2020",
	pages = "509-540",
	publisher = "Leiden: African Studies Center",
}

@book{Bole-Richard1983,
    author = "Bole-Richard, Remy",
    year = "1983",
    title = "Système phonologique et grammatical d'un parler Ewe: {L}e {G}en-{M}ina du Sud {T}ogo et du Sud {B}énin",
    publisher = "Paris: L'Harmattan",
}

@article{Booij2010,
    author = "Booij, Geert",
    title = "Construction Morphology",
    year = "2010",
    journal = "Language and Linguistics Compass",
    volume = "4",
    issue = "7",
    pages = "543-555",
}

@book{Capo1991,
    author = "Capo, Hounkpati Bamikpo Christophe",
    year = "1991",
    title = "A Comparative Phonology of {G}be",
    publisher = "New York: De Gruyter Mouton",
}

@article{CarlingandJohansson2015,
    author = "Carling, Gerd and Johansson, Niklas E.",
    title = "Motivated language change: {P}rocesses involved in the growth and conventionalization of onomatopoeia and sound symbolism",
    year = "2015",
    journal = "Acta Linguistica Hafniensia",
    volume = "46",
    issue = "2",
    pages = "199-217",
}

@inproceedings{Childs1994,
    author = "Childs, Tucker George",
    title = "African Ideophones",
    editor = "Hinton, Leanne and Nichols, Johanna and Ohala, John J.",
    booktitle = "Sound Symbolism",
    year = "1994",
    pages = "178-204",
     publisher = "Cambridge, UK: Cambridge University Press",
}

@article{Diffloth1972,
    author = "Diffloth, Gerard",
    title = "Notes on expressive meaning",
    year = "1972",
    journal = "Chicago Linguistic Society",
    volume = "8",
    pages = "440-447",
}

@article{Dingemanse2015,
    author = "Dingemanse, Mark",
    title = "Ideophones and reduplication: {D}epiction, description, and the interpretation of repeated talk in discourse",
    year = "2015",
    journal = "Studies in Language",
    volume = "39",
    issue = "4",
    pages = "946-970",
}

@article{Dingemanse2018,
    author = "Dingemanse, Mark",
    title = "Redrawing the margins of language: {L}essons from research on ideophones",
    year = "2018",
    journal = "Glossa",
    volume = "3",
    issue = "1",
    pages = "1-30",
    doi = "10.5334/gjgl.444"
}

@article{Dingemanseetal2015,
    author = "Dingemanse, Mark and Blasi, Damián E. and Lupyan, Gary and Christiansen, Morten H. and Monaghan, Padraic",
    title = "Arbitrariness, iconicity, and systematicity in language",
    year = "2015",
    journal = "Trends in Cognitive Sciences",
    volume = "19",
    issue = "10",
    pages = "603-615",
    doi = "10.1016/j.tics.2015.07.013"
}

@article{Ehineni2017,
    author = "Ehineni, Taiwo",
    title = "Prosodic reduplication in {Y}oruba",
    year = "2017",
    journal = "Journal of Universal Language",
    volume = "18",
    issue = "2",
    pages = "39-59",
}

@article{Eleshin2021,
  title = "Typology of headedness in {Yor{\`u}b{\'a}} nominal derivations",
  author = "Eleshin, Bisoye",
  year = "2021",
  publisher = "Journal of Universal Language",
    volume = "22",
    issue = "1",
    pages = "91-125",
    doi = "10.22425/jul.2021.22.1.91"
}

@phdthesis{Essegbey1999,
    author = "Essegbey, James",
    year = "1999",
    title = "Inherent complement verbs revisited: {T}owards an understanding of complement structure in {E}we",
    school = "Leiden University",
}
    
@inproceedings{Essegbey2006,
    author = "Essegbey, James",
    title = "Ewe",
    editor = "Brown, Keith",
    booktitle = "Encyclopedia of Language \& Linguistics",
    edition = "2",
    year = "2006",
    pages = "369-370",
     publisher = "Elsevier",
}

@book{Firth1930,
    author = "Firth, John Rupert",
    year = "1930",
    title = "Speech",
    publisher = "London: Ernest Benn Ltd.",
}

@book{Goldberg2006,
    author = "Goldberg, Adele",
    year = "2006",
    title = "Constructions at work: {T}he nature of generalization in language",
    publisher = "Oxford: Oxford University Press",
}

@inproceedings{Hintonetal1994,
    author = "Hinton, Leanne and Nichols, Johanna and Ohala, John J.",
    title = "Introduction: {S}ound-symbolic processes",
    editor = "Hinton, Leanne and Nichols, Johanna and Ohala, John J.",
    booktitle = "Sound Symbolism",
    year = "1994",
    pages = "1-12",
    publisher = "Cambridge, UK: Cambridge University Press",
}

@article{Johnson1976,
    author = "Johnson, Marion M.",
    title = "Towards a definition of the ideophone in {B}antu",
    year = "1976",
    journal = "OSU Working Papers in Linguistics",
    volume = "21",
    pages = "240-253",
}

@inproceedings{Klamer2001,
    author = "Klamer, Marian A. F.",
    title = "Expressives and Iconicity in the Lexicon",
    editor = "Voeltz, F. K. Erhard and Kilian-Hatz, Christa",
    booktitle = "Ideophones",
    year = "2001",
    pages = "165-181",
    publisher = "Amsterdam: John Benjamins",
}

@article{Kunene1965,
    author = "Kunene, Daniel P.",
    title = "The ideophone in {S}outhern {S}otho",
    year = "1965",
    journal = "Journal of African Languages",
    volume = "4",
    pages = "19-39",
}

@article{Lotven2020,
    author = "Lotven, Samson",
    title = "Sound system sketch of a {G}engbe Speaker from {B}atonou",
    year = "2020",
    journal = "IULC Working Papers",
    volume = "20",
    issue = "1",
    pages = "1-27",
}

@inproceedings{Lotven&Obeng2018,
    author = "Lotven, Samson and Obeng, Samuel G.",
    title = "Nasality and the {G}engbe Syllable",
    editor = "Obeng, Samuel G. and Green, Christopher R.",
    booktitle = "African Linguistics in the 21st Century: {E}ssays in Honor of {P}aul {N}ewman",
    year = "2018",
    pages = "33-46",
    publisher = "Köln: Rüdiger Köppe",
}

@inproceedings{LotvenandBerkson2019,
    author = "Lotven, Samson and Berkson, Kelly",
    title = "The phonetics and phonology of depressor consonants in {G}engbe",
    editor = "Clem, Emily and Jenks, Peter and Sande, Hannah",
    booktitle = "Theory and Description in {A}frican Linguistics: {S}elected Papers from the 47th {A}nnual {C}onference on {A}frican {L}inguistics",
    series = {Contemporary African Linguistics},
    number = {4},
    year = "2019",
    pages = "249-268",
    publisher = "Berlin: Language Science Press",
    doi = "10.5281/zenodo.3367145"
}

@book{Martin1975,
    author = "Martin, Samuel",
    year = "1975",
    title = "A reference Grammar of {J}apanese",
    publisher = "New Haven, CT: Yale University Press",
}

@article{Madugu1976,
    author = "Madugu, Isaac S. George",
    title = "Yoruba Adjectives Have Merged with Verbs: {O}r Are They Just Emerging?",
    year = "1976",
    journal = "Journal of West African Languages",
    volume = "11",
    issue = "1-2",
    pages = "85-102",
}

@incollection{McCarthy&Prince1995,
    author = "McCarthy, John J. and Prince, Alan",
    title = "Faithfulness and reduplicative identity",
    year = "1995",
    booktitle = {Papers in {Optimality Theory}},
    editor = {Jill Beckman and Suzanne Urbanczyk and Walsh Dickey, Laura},
    pages = {249-384},
    series = "University of Massachusetts Occasional Papers in Linguistics",
    number = "18",
    location = {Amherst, MA},
    publisher = {GLSA}
}

@book{Newman1980,
    author = "Newman, Paul",
    year = "1980",
    title = "The classification of {C}hadic within {A}froasiatic",
    publisher = "Leiden: Universitaire Pers Leiden",
}

@inproceedings{Newman2001,
    author = "Newman, Paul",
    title = "Are ideophones really as weird and extra-systematic as linguists make them out to be?",
    editor = "Voeltz, F. K. Erhard and Kilian-Hatz, Christa",
    booktitle = "Ideophones",
    year = "2001",
    pages = "251-258",
    publisher = "Amsterdam: John Benjamins",
}

@inproceedings{Newman2012,
    author = "Newman, Paul",
    title = "Pluractional Verbs: {A}n Overview",
    editor = "Hofherr, Patricia Cabredo and Laca, Brenda",
    booktitle = "Verbal Plurality and Distributivity",
    year = "2012",
    pages = "185-210",
    publisher = "Berlin: De Gruyter",
}

@article{Ohala1984,
    author = "Ohala, John J.",
    title = "An ethological perspective on common cross-language utilization of {f}0 of voice",
    year = "1984",
    journal = "Phonetica",
    volume = "41",
    pages = "1-16",
}

@inproceedings{Ohala1994,
    author = "Ohala, John J.",
    title = "The frequency code underlies the sound symbolic use of voice pitch",
    editor = "Hinton, Leanne and Nichols, Johanna and Ohala, John J.",
    booktitle = "Sound Symbolism",
    year = "1994",
    pages = "325-347",
    publisher = "Cambridge, UK: Cambridge University Press",
}

@book{PrinceandSmolensky1993,
    author = "Prince, Alan and Smolensky, Paul",
    year = "1993",
    title = "Optimality Theory: {C}onstraint Interaction in {G}enerative {G}rammar",
    publisher = "Rutgers University Center for Cognitive Science Technical Report 2"
}

@inproceedings{Pulleyblank2009,
    author = "Pulleyblank, Douglas",
    title = "Patterns of Reduplication in {Y}oruba",
    editor = "Hanson, Kristen and Inkelas, Sharon",
    booktitle = "The Nature of the Word: {E}ssays in Honor of {P}aul {K}iparsky",
    year = "2009",
    pages = "311-357",
    publisher = "Cambridge, MA: MIT Press",
}

@article{PulleyblankandAkinlabi1988,
    author = "Pulleyblank, Douglas and Akinlabi, Akinbiyi",
    title = "Phrasal Morphology in {Y}oruba",
    year = "1988",
    journal = "Lingua",
    volume = "74",
    pages = "141-166",
}


@inproceedings{Rowlands1970,
    author = "Rowlands, E. C.",
    title = "Ideophones in {Y}orùbá",
    editor = "Atkins, Guy",
    booktitle = "African Language Studies {XI}",
    year = "1970",
    pages = "289-297",
    publisher = "London: School of Oriental and African Studies",
}

@book{Schlegel1857,
    author = "Schlegel, Joh. Bernhard",
    year = "1857",
    title = "Schlüssel der {E}wesprache, dargeboten in den {G}rammatischen {G}rundzügen des {A}nlodialekts",
    publisher = "Bremen: W. Valett \& Co.",
}

@article{Schleicher1987,
    author = "Schleicher, Antonia Yétúndé",
    title = "Lexical and phrasal phonology of {Y}oruba nouns",
    year = "1987",
    journal = "Kansas Working Papers in Linguistics",
    volume = "12",
    pages = "43-66",
}

@inproceedings{SchleicherandSchleicher1990,
   author = "Schleicher, Charles P. and Schleicher, Antonia Yétúndé",
   title = "Complex verbs in {Y}oruba",
   editor = "Ingemann, Frances",
   booktitle = "Papers of the {M}id-{A}merica {L}inguistics {C}onference",
   year = "1990",
   pages = "339-354",
   publisher = "Lawrence, KS: KU Linguistics Department",
}


@article{Seidl2000,
    author = "Seidl, Amanda",
    title = "Yoruba vowel elision in compounding",
    year = "2000",
    journal = "University of Pennsylvania Working Papers in Linguistics",
    volume = "6",
    issue = "3",
    pages = "279-297",
}

@article{Stemberger&Lewis1986,
    author = "Stemberger, Joseph Paul and Lewis, Marshall",
    title = "Reduplication in {E}we: {M}orphological accommodation to phonological errors",
    year = "1986",
    journal = "Phonology Yearbook",
    volume = "3",
    pages = "151-160",
}


@inproceedings{Voeltz_Killian-Hatz2001,
    author = "Voeltz, F. K. Erhard and Kilian-Hatz, Christa",
    title = "Introduction",
    editor = "Voeltz, F. K. Erhard and Kilian-Hatz, Christa",
    booktitle = "Ideophones",
    year = "2001",
    pages = "1-8",
    publisher = "Amsterdam: John Benjamins",
}

@book{Westermann1905,
    author = "Westermann, Dierdrich",
    year = "1905",
    title = "Wörterbuch der {E}we-{S}prache",
    publisher = "Berlin: D. Reimer",
}

@book{Westermann1907,
    author = "Westermann, Dierdrich",
    year = "1907",
    title = "Grammatik der {E}we-{S}prache",
    publisher = "Berlin: D. Reimer",
}

%Agyekum refs

@book{Abbiw1990,
    author = "Abbiw, Daniel",
    year = "1990",
    title = "Useful plants of {G}hana",
    publisher = "London: Intermediate Technology Publications",
}

@book{Sharifian2017,
    author = "Sharifian, Farzad",
    year = "2017",
    title = "Cultural conceptualisations and language",
    publisher = "Amsterdam: John Benjamins",
}

@inproceedings{Sharifian2015,
    author = "Sharifian, Farzad",
    year = "2015",
    title = "Cultural linguistics",
    editor = "Sharifian, Farzad",
    booktitle = "The {R}outledge handbook of language and culture",
    pages = "473-492",
    publisher = "London: Routledge",
    doi = "10.17951/et.2016.28.31"
}

@book{Sharifian2011,
    author = "Sharifian, Farzad",
    year = "2011",
    title = "Cultural conceptualisations and language: {T}heoretical framework and applications",
    publisher = "Amsterdam: John Benjamins" 
    }


@article{Agyekum2020,
    author = "Agyekum, Kofi",
    title = "{A}kan cultural concepts and expressions for ``stress,'' ``distress,'' ``sorrow,'' and ``depression''",
    year = "2020",
    journal = "Nordic Journal of African Studies",
    volume = "29",
    issue = "3",
    pages = "1-21",
    doi = "10.53228/njas.v29i3.546"
}

@book{Agyekum2018,
    author = "Agyekum, Kofi",
    year = "2018",
    title = "{A}kan body part expressions: {A} cognitive semantics and pragmatic approach",
    publisher = "Accra: Adwinsa",
}

@article{Agyekum2016,
    author = "Agyekum, Kofi",
    title = "Metaphors and metonyms of \textit{nsa} `the hand' in {A}kan",
    year = "2016",
    journal = "Pragmatics and Cognition",
    volume = "23",
    issue = "2",
    pages = "300-323",
    doi = "10.1075/pc.23.2.06ayg"
}

@article{Agyekum2015a,
    author = "Agyekum, Kofi",
    title = "Metaphors and Metonyms of patience in {A}kan",
    year = "2015",
    journal = "International Journal of Language and Communication (RASK)",
    volume = "43",
    pages = "35-65",
}

@article{Agyekum2015b,
	author = "Agyekum, Kofi",
    title = "Metaphors of anger in {A}kan",
    year = "2015",
    journal = "International Journal of Language and Culture",
    volume = "2",
    issue = "1",
    pages = "87-107",
    doi = "10.1075/ijolc.2.1.04agy"
}

@article{Ansah2014,
	author = "Ansah, Gladys Nyarko",
    title = "Culture in embodied cognition: {M}etaphorical and metonymic conceptualizations of fear in {A}kan and {E}nglish",
    year = "2014",
    journal = "Metaphor and Symbol",
    volume = "29",
    issue = "1",
    pages = "44-58",
    doi = "10.1080/10926488.2014.859483"
}

@article{Agyekum2012,
    author = "Agyekum, Kofi",
    title = "{A}kan proverbs and aphorisms about marriage",
    year = "2012",
    journal = "Research Review",
    volume = "27",
    issue = "2",
    pages = "1-24",
}

@article{Agyekum2005,
    author = "Agyekum, Kofi",
    title = "An {A}kan oral artist: {T}he use of proverbs in the lyrics of {K}wabena {K}onadu",
    year = "2005",
    journal = "Research Review, Institute of African Studies Legon",
    volume = "27",
    issue = "2",
    pages = "1-24",
}

@book{Finnegan2012,
    author = "Finnegan, Ruth",
    year = "2012",
    title = "Oral literature in {A}frica",
    edition = "2",
    publisher = "Cambridge, UK: Open Book Publishers",
    doi = "10.2307/2798194"
}

@book{Yankah1989,
  author = "Yankah, Kwesi",
    year = "1989",
    title = "Proverbs in the context of {A}kan rhetoric: {A} theory of proverb praxis",
    publisher = "New York: Peter Lang",
}

@book{Opoku1997,
    author = "Opoku, Kofi Asare",
    year = "1997",
    title = "Hearing and keeping: {A}kan proverbs",
    publisher = "Accra: Asempa Publishers",
}

@article{Basson2006,
    author = "Basson, Alec",
    title = "`{P}eople Are Plants'- {A} conceptual metaphor in the {H}ebrew {B}ible",
    year = "2006",
    journal = "Old Testament Essays",
    volume = "19",
    issue = "2",
    pages = "573-583",
}

@book{Charteris-Black2004,
    author = "Charteris-Black, Jonathan",
    year = "2004",
    title = "Corpus approaches to critical metaphor analysis",
    publisher = "London: Palgrave Macmillan",
}

@book{Christaller1933,
    author = "Christaller, Johann Gottlieb",
    year = "1933",
    title = "Dictionary of the {A}sante and {F}ante language called {T}wi",
    publisher = "Basel: Basel Evangelical Missionary Society",
}

@article{Dzokoto2010,
    author = "Dzokoto, Vivian Afi",
    title = "Different ways of feeling: {E}motion and the somatic awareness in {G}hanaians and {E}uro-{A}mericans",
    year = "2010",
    journal = "Journal of Social, Evolutionary, and Cultural Psychology",
    volume = "4",
    issue = "20",
    pages = "68-78",
    doi = "10.1037/h0099299"
}

@article{Esenova2007,
    author = "Esenova, Orazgozel",
    title = "Plant metaphors for the expression of emotions in the {E}nglish language",
    year = "2007",
    journal = "Beyond Philology",
    pages = "7-21",
}

@article{Filipczuk-Rosińska2016,
    author = "Filipczuk-Rosińska, Sylwia",
    title = "The comparison of a \textsc{A human being is a plant} metaphor between the {E}nglish and {P}olish language",
    year = "2016",
    journal = "World Journal of Social Science",
    volume = "3",
    issue = "1",
    pages = "15-21",
    doi = "10.5430/wjss.v3n1p15"
}

@article{Grząśko2017,
    author = "Grząśko, Agnieszka",
    title = "On Zoosemy, foodsemy, and plantosemy: {A} cognitive approach to selected terms of endearment",
    year = "2017",
    journal = "Studia Anglica Resoviensia",
    volume = "14",
    pages = "29-43",
    doi = "10.5584/S2017143"
}

@inproceedings{Agyekum2006From,
    author = "Agyekum, Kofi",
    title = "From linguistics to cultural anthropology: {A}spects of language, culture and family issues in {G}hana ({W}est {A}frica)",
    editor = "Obeng, Samuel G. and Obeng, Cecilia",
    booktitle = "{{LINCOM} Studies in {A}frican Linguistics}",
    year = "2006",
    pages = "121-133",
    publisher = "Munich: LINCOM EUROPA",
}

@article{DzokotoandOkazaki2006,
    author = "Dzokoto, Vivian Afi and Okazaki, Sumie",
    title = "Happiness in the eye and heart: {S}omatic referencing in {W}est {A}frican emotion lexica",
    year = "2006",
    journal = "Journal of Black Psychology",
    volume = "33",
    issue = "2",
    pages = "117-140",
    doi = "doi.org/10.1177/0095798406286799"
}

@article{Grząśko2015,
    author = "Grząśko, Agnieszka",
    title = "On the semantic history of selected terms of endearment",
    year = "2015",
    journal = "Linguistics Beyond and Within",
    volume = "1",
    pages = "104-118",
}

@book{Gyekye1997,
    author = "Gyekye, Kwame",
    year = "1997",
    title = "Tradition and modernity: {P}hilosophical reflections on the {A}frican experience",
    publisher = "New York: Oxford University Press",
}

@book{Irvine1930,
    author = "Irvine, Frederick R.",
    year = "1930",
    title = "Plants of the {G}old {C}oast",
    publisher = "London: Oxford University Press",
}


 @book{Kövecses2002,
    author = "Kövecses, Zoltán",
    year = "2002",
    title = "Metaphor: {A} practical introduction",
    publisher = "London: Oxford University Press",
}

@inproceedings{Kövecses1999,
    author = "Kövecses, Zoltán",
    title = "Metaphor: {D}oes it constitute or reflect cultural models?",
    editor = "Gibbs, Raymond W. Jr and Steen, Gerard",
    booktitle = "Metaphor in cognitive linguistics",
    year = "1999",
    pages = "167-188",
    publisher = "Amsterdam: John Benjamins",
}

@book{LakoffandJohnson1980,
    author = "Lakoff, George and Johnson, Mark",
    year = "1980",
    title = "Metaphors we live by",
    publisher = "Chicago: University of Chicago Press",
}

@book{LakoffandTurner1989,
    author = "Lakoff, George and Turner, Mark",
    year = "1989",
    title = "More than a cool reason: {A} field guide to poetic metaphor",
    publisher = "Chicago: University of Chicago Press",
}

@book{Momoh2000,
    author = "Momoh, Campbell Shittu",
    year = "2000",
    title = "The substance of {A}frican philosophy",
    edition = "2",
    publisher = "Auchi, Nigeria: African Philosophy Projects Publication",
}

@book{Nketia1978,
    author = "Nketia, Joseph Hanson Kwabena",
    year = "1978",
    title = "Amoma",
    publisher = "Accra: Ghana Publishing Corporation",
}

@book{Nketia1974,
    author = "Nketia, Joseph Hanson Kwabena",
    year = "1974",
    title = "Ayan",
    publisher = "Accra: Ghana Publishing Corporation",
}


@phdthesis{Obeng-Gyasi1987,
    author = "Obeng, Samuel G.",
    year = "1987",
    title = "Conversational strategies: {T}owards a phonological description of projection in {A}kyem-{T}wi",
    school = "University of {Y}ork",
}


@book{Okpewho1992,
    author = "Okpewho, Isidore",
    year = "1992",
    title = "African oral literature: {B}ackgrounds, character, and community",
    publisher = "Bloomington, IN: Indiana University Press",
}

@book{Nketia1955,
    author = "Nketia, Joseph Hanson Kwabena",
    year = "1955",
    title = "Funeral dirges of the {A}kan people",
    publisher = "Achimota, Ghana: James Townsend Ltd",
}

@inproceedings{Schecter2015,
    author = "Schecter, Sandra",
    title = "Language, culture, and identity",
    editor = "Sharifian, Farzad",
    booktitle = "Routledge handbook of language and culture",
    year = "2015",
    pages = "196-224",
    publisher = "London: Routledge",
    doi = "10.4324/9781315793993-14"
}

@book{Semino2008,
    author = "Semino, Elena",
    year = "2008",
    title = "Metaphor in discourse",
    publisher = "Cambridge, UK: Cambridge University Press",
}   

@book{UngererandSchmid2009,
    author = "Ungerer, Fredrich and Schmid, Hans-Jörg",
    year = "2009",
    title = "An introduction to cognitive linguistics",
    edition = "2",
    publisher = "New York: Longmans",
}  

@article{Yankah1989a,
    author = "Yankah, Kwesi",
    title = "Proverbs: {T}he aesthetics of traditional communication",
    year = "1989",
    journal = "Research in {A}frican Literature",
    volume = "20",
    issue = "3",
    pages = "325-346",
}

@article{GathigiaandMaitaria2019,
    author = "Gathigia, Moses Gatambuki and Maitaria, Joseph Nyehita",
    title = "Metaphoric conceptualisation of \textsc{love is a plant} in {G}ĩkũyũ: {A} cognitive-semantics perspective",
    year = "2019",
    journal = "Bulletin of advanced English studies",
    volume = "2",
    issue = "2",
    pages = "79-89",
    doi = "10.31559/baes2019.2.2.4"
}


@inproceedings{Hymes1972,
    author = "Hymes, Dell",
    title = "The ethnography of speaking",
    editor = "Fishman, Joshua Aaron",
    booktitle = "Readings in the sociology of language",
    year = "1972",
    pages = "99-138",
    publisher = "The Hague, Paris: Mouton \& Co.",
}

@book{Appiahetal2000,
    author = "Appiah, Peggy and Appiah, Kwame Anthony and Agyeman-Duah, Ivor",
    year = "2000",
    title = "Bu me bɛ: {A}kan proverbs",
    publisher = "Accra: Centre for Intellectual Renewal",
}  


@article{Agyekum2008,
    author = "Agyekum, Kofi",
    title = "The pragmatics of {A}kan greetings",
    year = "2008",
    journal = "Discourse Studies",
    volume = "10",
    issue = "4",
    pages = "493-516",
    doi = "10.1177/1461445608091884"
}

@article{Agyekum2023,
    author = "Agyekum, Kofi",
    title = "Sociocultural aspects of animal metaphor in {A}kan",
    year = "2023",
    journal = "Journal of West African Languages",
    volume = "50",
    pages = "104-120"
}

@article{Akindele2007,
    author = "Akindele, Dele Femi",
    title = "Lumela/lumela: {A} socio-pragmatic Analysis of {S}esotho greetings",
    year = "2007",
    journal = "Nordic Journal of African Studies",
    volume = "16",
    issue = "1",
    pages = "1-17",
}

@article{Akindele1990,
    author = "Akindele, Dele Femi",
    title = "A sociolinguistic analysis of {Y}oruba greetings",
    year = "1990",
    journal = "African Languages and Cultures",
    volume = "3",
    issue = "1",
    pages = "1-14",
}

@article{Alhassan2018,
    author = "Alhassan, Ayanniyi Bako",
    title = "Left-handedness and stigmatization in {A}frica: {I}mplications for parents and teachers",
    year = "2018",
    journal = "Global Journal of Archaeology \& Anthropology",
    volume = "7",
    issue = "3",
    pages = "63-67",
    doi = "10.19080/GJAA.2018.07.555713"
}

@book{Ameka2009,
    author = "Ameka, Felix K.",
    year = "2009",
    title = "Access to rituals in {W}est {A}frican communities: {A}n ethno-pragmatic perspective",
    publisher = "New York: Routledge",
}  

@article{AmekaandBreeveld2004,
    author = "Ameka, Felix K. and Breedveld, Anneke",
    title = "Areal cultural scripts for social interaction in {W}est {A}frican communities",
    year = "2004",
    journal = "Intercultural Pragmatics",
    volume = "1",
    issue = "2",
    pages = "167-187",
    doi = "10.1515/iprg.2004.1.2.167"
}

@article{Batibo2009,
    author = "Batibo, Herman M.",
    title = "The inter-cultural dimension in the use of languages of wider communication by minority language speakers",
    year = "2009",
    journal = "Journal of Multicultural Discourses",
    volume = "4",
    issue = "2",
    pages = "89-102",
    doi = "10.1080/17447140802691716"
}

@book{BrownandLevinson1987,
    author = "Brown, Penelope and Levinson, Stephen C.",
    year = "1987",
    title = "Politeness: {S}ome universals in language use",
    publisher = "Cambridge, UK: Cambridge University Press",
} 

@article{Chamo2015,
    author = "Chamo, Isa Y.",
    title = "Pragmatic differences in greetings: {A} comparative study of {H}ausa and {E}nglish",
    year = "2015",
    journal = "Bayero Journal of Linguistics",
    volume = "1",
    issue = "2",
    pages = "258-274",
}

@article{Crentsil2015,
    author = "Crentsil, Perpetual",
    title = "A disappearing puberty rite of the {A}kan of {G}hana",
    year = "2015",
    journal = "Current Politics of Economics of Africa",
    volume = "8",
    issue = "2",
    pages = "231-257",
}

@book{Dimmendaal2011,
    author = "Dimmendaal, Gerrit J.",
    year = "2011",
    title = "Historical linguistics and comparative study of {A}frican languages",
    publisher = "Amsterdam: John Benjamins",
}

@book{Duranti1997,
    author = "Duranti, Alessandro",
    year = "1997",
    title = "Linguistic Anthropology",
    publisher = "Cambridge, UK: Cambridge University Press",
}

@inproceedings{Dzameshie2002,
    author = "Dzameshie, Alex K.",
    title = "The forms, functions and social value of greetings among the {E}wes",
    editor = "Ameka, Felix K. and Osam, Emmanuel K.",
    booktitle = "New directions in {G}hanaian linguistics",
    year = "2002",
    pages = "381-408",
    publisher = "Accra: Black Mask",
}

@article{Egblewogbe1990,
    author = "Egblewogbe, E. Y.",
    title = "Social and psychological aspects of greeting among the {E}wes of {W}est {A}frica",
    year = "1990",
    journal = "Research Review NS",
    volume = "6",
    issue = "2",
    pages = "8-18",
}


@article{Finnegan1969,
    author = "Finnegan, Ruth",
    title = "How to do things with words: {P}erformative utterances among the {L}imba of {S}ierra {L}eone",
    year = "1969",
    journal = "Man",
    volume = "4",
    issue = "4",
    pages = "537-552",
}

@book{Foley1997,
    author = "Foley, William A.",
    year = "1997",
    title = "Anthropological linguistics: {A}n introduction",
    publisher = "Malden, MA: Blackwell",
}

@book{Goffman1967,
    author = "Goffman, Erving",
    year = "1967",
    title = "Interaction ritual: {E}ssays on face to face behavior",
    publisher = "Chicago: Aldine",
}

@inproceedings{Goody1972,
    author = "Goody, Esther",
    title = "Greetings, begging and the presentation of respect among the {G}onja",
    editor = "La Fontaine, Jean S. ",
    booktitle = "The interpretation of Ritual: {E}ssays in honour of A. I. Richards",
    year = "1972",
    pages = "39-71",
    publisher = "London: University of Cambridge Press",
}

@inproceedings{Goody1964,
    author = "Goody, Jack",
    title = "The {M}ande and the {A}kan hinterland",
    editor = "Vansina, Jan and Mauny, Raymond and Thomas, Louis-Vincent",
    booktitle = "The historian in Tropical {A}frica",
    year = "1964",
    pages = "193-218",
    publisher = "London: Oxford University Press",
}

@book{GrenobleandWhaley2006,
    author = "Grenoble, Lenore and Whaley, Lindsay",
    year = "2006",
    title = "An introduction to language revitalization",
    publisher = "Cambridge, UK: Cambridge University Press",
}

@inproceedings{Güldemann2018,
    author = "Güldemann, Tom",
    title = "Historical linguistics and genealogical language classification in {A}frica",
    editor = "Güldemann, Tom",
    booktitle = "The languages and linguistics of {A}frica",
    year = "2018",
    pages = "58-444",
    publisher = "Berlin: De Gruyter Mouton",
    doi = "10.1515/9783110421668-002"
}

@article{Gyan2017,
    author = "Gyan, Sylvia E.",
    title = "Exploring the causes of change in adolescent girl's sexual behaviour in {B}egoro, {G}hana",
    year = "2017",
    journal = "African Journal of Reproductive Health",
    volume = "21",
    issue = "2",
    pages = "55-63",
    doi = "10.29063/ajrh2017/v21i2.7"
}

@article{Johnson2018,
    author = "Johnson, Jessica",
    title = "Female initiation and aspiration in matrilineal {M}alawi",
    year = "2018",
    journal = "Journal of the Royal Anthropological Institute",
    volume = "24",
    pages = "1-18",
    doi = "10.1111/1467-9655.12917"
}

@article{KitaEssegbey2001,
    author = "Kita, Sotaro and Essegbey, James",
    title = "Pointing left in {G}hana: {H}ow a taboo on the use of the left hand influences gestural practices",
    year = "2001",
    journal = "Gesture",
    volume = "1",
    issue = "1",
    pages = "73-95",
    doi = "10.1075/gest.1.1.06kit"
}

@inproceedings{Malinowski1972,
    author = "Malinowski, Bronislaw",
    title = "Phatic communion",
    editor = "Laver, John and Hutcheson, Sandy",
    booktitle = "Communication in face to face interaction",
    year = "1972",
    pages = "146-152",
    publisher = "Harmondsworth, UK: Penguin",
}

@phdthesis{Manu-Barfo2020,
    author = "Manu-Barfo, Esther",
    year = "2020",
    title = "A descriptive grammar of the {D}òmpò language of {G}hana",
    school = "La Trobe University, {A}ustralia",
}

@article{Ameyaw65,
    author = "Ameyaw, Kwabena",
    year = "1965",
    title = "Tradition of {B}anda",
    journal = "Traditions from {B}rong-{A}hafo",
    volume = "1",
    pages = "1-15",
    }

@misc{BarkerRicardo05,
    author = "Barker, Gary and Ricardo, Christine",
    year = "2005",
    title = "Young Men and the Construction of Masculinity in {Sub}-{S}aharan {A}frica: {I}mplications for {HIV/AIDS}, Conflict, and Violence",
    note = "Social Development Papers: Conflict Prevention and Reconstruction, The World Bank",
    number = "26"
    }

@misc{BerryKotei69,
    author = "Berry, Jack and Kotei, Amon N.",
    year = "1969",
    title = "An Introduction course in {G}a",
    note = "Institute of {I}nternational {S}tudies, {E}vanston, IL: {N}orthwestern {U}niversity"
    }

@misc{Blench2007,
    author = "Blench, Roger",
    year = "2007",
    title = "The {D}ompo language of Central {G}hana and its affinities",
    note = "unpublished ms, Cambridge University",
    }

@book{Ethnologue21,
    author = "Simons, Gary. F. and Fennig, Charles D.",
    year = "2022",
    title = "Ethnologue: {L}anguages of the World",
    edition = "21",
    publisher = "Dallas, TX: SIL International"
    }


@article{Manu-Barfo2019,
    author = "Manu-Barfo, Esther",
    title = "On the status of {D}ompo, a critically endangered langauge in {G}hana",
    year = "2019",
    journal = "Anthropological Linguistics",
    volume = "61",
    issue = "1",
    pages = "94-102",
}

@book{Markstrom2008,
    author = "Markstrom, Carol A.",
    year = "2008",
    title = "Empowerment of {N}orth {A}merican {I}ndian girls: {R}itual expressions at puberty",
    publisher = "Lincoln, NE: University of Nebraska Press",
}

@article{Moradi2017,
    author = "Moradi, Roozbeh",
    title = "Sociolinguistic aspects of the speech act of greeting in {P}ersian and {E}nglish",
    year = "2017",
    journal = "Bulletin de la société royale des sciences de {L}iège",
    volume = "86",
    pages = "294-303",
}

@article{Nwoye1993,
    author = "Nwoye, Onuigbo G.",
    title = "An ethnographic analysis of {I}gbo greetings",
    year = "1993",
    journal = "African Languages and Cultures",
    volume = "6",
    issue = "1",
    pages = "37-48",
}

@article{Obeng1999,
    author = "Obeng, Samuel G.",
    title = "Apologies in {A}kan discourse",
    year = "1999",
    journal = "Journal of Pragmatics",
    volume = "31",
    pages = "709-734",
    doi = "10.1016/S0378-2166(98)00089-7"
}

@article{Obeng1996,
    author = "Obeng, Samuel G.",
    title = "The proverb as a mitigating and politeness strategy in {A}kan discourse",
    year = "1996",
    journal = "Anthropological Linguistics",
    volume = "38",
    issue = "3",
    pages = "521-549",
}

@article{Ofori2011,
    author = "Ofori, Seth Antwi",
    title = "Capturing students' target language exposure collaboratively, on video: {T}he {A}kan ({T}wi) example",
    year = "2011",
    journal = "Journal of the National Council of Less Commonly Taught Languages",
    volume = "10",
    pages = "111-140",
    doi = "10.1515/jall-2013-0003"
}

@article{Painter1967,
    author = "Painter, Colin",
    title = "The distribution of {G}uang in {G}hana and a statistical pre-testing on twenty-five idiolects",
    year = "1967",
    journal = "Journal of West African Languages",
    volume = "4",
    issue = "1",
    pages = "25-78",
}

@article{Stahl91,
    author = "Stahl, Ann B.",
    year = "1991",
    title = "Ethnic Style and Ethnic Boundaries: {A} diachronic case study from West-Central {G}hana",
    journal = "Ethnohistory",
    volume = "38",
    issue = "3",
    pages = "250-275",
  }

@book{Jordan1980,
    author = "Jordan, Dean",
    year = "1980",
    title = "Collected Field Reports on the Phonology of {N}afaara",
    publisher = "Legon, Ghana: Institute of African Studies, University of Ghana"
    }


@article{Sallabank2012,
    author = "Sallabank, Julia",
    title = "Language endangerment: {P}roblems and solutions",
    year = "2012",
    journal = "E-Sharp, Special issue: {C}ommunicating change: {R}epresenting self and community in a technological world",
    pages = "50-87",
}

@article{Schleicher1997,
    author = "Schleicher, Antonia Yétúndé",
    title = "Using greetings to teach cultural understanding",
    year = "1997",
    journal = "The Modern Language Journal",
    volume = "81",
    issue = "3",
    pages = "334-343",
}

@article{Schottman1995,
    author = "Schottman, Wendy",
    title = "The daily ritual of greeting among the {B}aatombu of {B}enin",
    year = "1995",
    journal = "Anthropological Linguistics",
    volume = "37",
    issue = "4",
    pages = "487-523",
}

@article{Couplandetal1992,
    author = "Coupland, Justine and Coupland, Nicholas and Robinson, Jeffrey",
    title = "How are you? {N}egotiating phatic communion",
    year = "1992",
    journal = "Language in Society",
    volume = "21",
    issue = "2",
    pages = "207-230",
}

@inproceedings{Owusuh1976,
    author = "Owusuh, E. S. K.",
    title = "Traditions of {B}anda",
    booktitle = "Oral Traditions of {S}ampa, {H}ani, {D}ebibi, {N}amasa, {B}anda, {B}roahane and {M}engye ({M}enji)–{B}rong {A}hafo",
    year = "1976",
    pages = "99-127",
    publisher = "Legon, Ghana: Institute of African Studies, University of Ghana",
}

@book{Spolsky1998,
    author = "Spolsky, Bernard",
    year = "1998",
    title = "Sociolinguistics",
    publisher = "Oxford: Oxford University Press",
}

@article{Wójtowicz2021,
    author = "Wójtowicz, Beata",
    title = "Cultural norms of greeting in the {A}frican context",
    year = "2021",
    journal = "Roczniki Humanistyczne",
    volume = "69",
    issue = "6",
    pages = "171-187",
}

@article{Yahya-Othan1995,
    author = "Yahya-Othan, Saida",
    title = "Aren’t you going to greet me? Impoliteness in {S}wahili greetings",
    year = "1995",
    journal = "Text \& Talk",
    volume = "15",
    issue = "2",
    pages = "209-227",
}

@article{Siweyaetal2018,
    author = "Siweya, Tryphosa and Sodi, Tholene and Douglas, Mbuyiselo",
    title = "The notion of manhood embedment in the practice of traditional male circumcision in {N}grove {V}illage, {L}impopo, {S}outh {A}frica",
    year = "2018",
    journal = "American Journal of Men's Health",
    volume = "12",
    issue = "5",
    pages = "1567-1574",
}

@article{Alfaro1996,
    author = "Alfaro, María Jesús Martin",
    title = "Intertextuality: {O}rigins and development of the concept",
    year = "1996",
    journal = "Atlantis",
    volume = "18",
    issue = "1 \& 2",
    pages = "268-285",
}

@book{Allen2011,
    author = "Allen, Graham",
    year = "2011",
    title = "Intertextuality",
    edition = "2",
    publisher = "London: Routledge",
}

@book{Berelson1957,
    author = "Berelson, Bernard",
    year = "1957",
    title = "Content analysis in communication research",
    publisher = "Glencoe, IL: Free Press",
}

@article{Bulletal2008,
    author = "Bull, Peter and Fetzer, Anita and Johansson, Marjut",
    title = "Analysing the fine details of political commitment",
    year = "2008",
    journal = "Journal of Language and Social Psychology",
    volume = "27",
    pages = "324-332",
}



@book{Chandler2007,
    author = "Chandler, Daniel",
    year = "2007",
    title = "Semiotics: {T}he basics",
    edition = "2",
    publisher = "London and New York: Routlege",
}

@article{Chandrasomaetal2004,
    author = "Chandrasoma, Ranamukalage and Thompson, Celia and Pennycook, Alastair",
    title = "Beyond plagiarism: {T}ransgressive and nontransgressive intertextuality",
    year = "2004",
    journal = "Journal of Language Identity and Education",
    volume = "3",
    issue = "3",
    pages = "171-193",
    doi = "10.1207/s15327701jlie0303_1"
}

@book{Chilton2004,
    author = "Chilton, Paul",
    year = "2004",
    title = "Analysing political discourse: {T}heory and practice",
    publisher = "London: Routledge",
}

@article{EkhareafoAmbrose2015,
    author = "Ekhareafo, Ofomegbe Daniel and Ambrose, Chinenye Lynda",
    title = "Critical discourse analysis of {O}basanjo's letter \textit{{Before Is Too Late}} to {J}onathan",
    year = "2015",
    journal = "IJAH: International Journal of Arts and Humanities",
    volume = "4",
    issure = "3",
    pages = "291-298",
    doi = "10.4314/ijah.v4i3.24"
}

@article{Fairclough1992a,
    author = "Fairclough, Norman",
    title = "Discourse and text: {L}inguistic and intertextual analysis within discourse analysis",
    year = "1992",
    journal = "Discourse and Society",
    volume = "3",
    issure = "2",
    pages = "193-217",
}

@article{Fairclough1992b,
    author = "Fairclough, Norman",
    title = "Intertextuality in critical discourse analysis",
    year = "1992",
    journal = "Linguistics and Education",
    volume = "4",
    pages = "269-293",
}

@article{FawunmiTaiwo2021,
    author = "Fawunmi, Mayowa and Taiwo, Rotimi",
    title = "“{I} am concerned as a {D}emocrat”: {R}hetoric, ideology and power in {O}lusegun {O}basanjo's open letters",
    year = "2021",
    journal = "Language. Text. Society",
    volume = "8",
    issue = "1",
    pages = "291-298",
}

@article{Ho2011,
    author = "Ho, Victor",
    title = "What functions do intertextuality and interdiscursivity serve in request e-mail discourse?",
    year = "2011",
    journal = "Journal of Pragmatics",
    volume = "43",
    pages = "2534-2547",
    doi = "10.1016/j.pragma.2011.04.002"
}

@article{Hodges2008,
    author = "Hodges, Adam",
    title = "The dialogic emergence of “truth” in politics: {R}eproduction and subversion of the “war” on “terror” discourse",
    year = "2008",
    journal = "Colorado Research in Linguistics",
    volume = "21",
    pages = "1-12",
    doi = "10.25810/gkzf-q768"
}

@inproceedings{IgwebuikeKamalu2015,
    author = "Igwebuike, Ebuka and Kamalu, Ikenna",
    title = "A critical discourse analysis of rhetorical strategies in open letters to {P}resident {O}lusegun {O}basanjo in selected {N}igerian newspapers",
    booktitle = "Essays on Language, Communication and Literature in {A}frica",
    pages = "250-274",
    editor = "Odebunmi, Akin and Mathangwane, Joyce T.",
    publisher = "Newcastle upon Tyne: Cambridge Scholars",
    year = "2015"
}

@inproceedings{Johnson2015,
    author = "Johnson, David Cassels",
    title = "Intertextuality and language policy",
    booktitle = "Research methods in language policy and planning: {A} practical guide",
    pages = "166-180",
    editor = "Hult, Francis M. and Johnson, David Cassels",
    publisher = "Oxford: Wiley",
    year = "2015",
    doi = "10.1002/9781118340349.ch15"
}

@article{Matoesian1999,
    author = "Matoesian, Gregory",
    title = "Intertextuality, affect, and ideology in legal discourse",
    year = "1999",
    journal = "Text and Talk",
    volume = "19",
    issue = "1",
    pages = "73-109",
    doi = "10.1515/text.1.1999.19.1.73"
}

@article{Obeng1997,
    author = "Obeng, Samuel G.",
    title = "Language and politics: {I}ndirectness in political discourse",
    year = "1997",
    journal = "Discourse and Society",
    volume = "8",
    issue = "1",
    pages = "49-83",
}

@article{Obeng2011,
    author = "Obeng, Samuel G.",
    title = "Biblical intertextuality and metaphor in {U}nited {S}tates political text and talk: {A} discursive analysis of {M}artin {L}uther {K}ing {J}r's ``{I}'ve been to a mountain top'' speech",
    year = "2011",
    journal = "Issues in Political Discourse Analysis",
    volume = "3",
    issue = "1",
    pages = "56-78",
}

@article{Obeng2016,
    author = "Obeng, Samuel G.",
    title = "Biblical intertextuality in {G}hanaian political text and talk",
    year = "2016",
    journal = "Issues in Political Discourse Analysis",
    volume = "5",
    issue = "1",
    pages = "1-20",
}

@article{Obeng2020,
    author = "Obeng, Samuel G.",
    title = "Grammatical pragmatics: {L}anguage, power, and liberty in {G}hanaian political discourse",
    year = "2020",
    journal = "Discourse and Society",
    volume = "31",
    issue = "1",
    pages = "85-105",
    doi = "10.1177/0957926519877693"
}

@article{Ojoetal2022,
    author = "Ojo, George Adekunle and Omotunde, Samuel Adebayo and Akintoye, Samuel Oluwole",
    title = "Discourse strategies in {C}hief {O}lusegun {O}basanjo's letter to {P}resident {G}oodluck {E}bele {J}onathan",
    year = "2022",
    journal = "European Scientific Journal",
    volume = "18",
    issue = "10",
    pages = "50-64",
    doi = "10.19044/esj.2022.v18n10p50"
}

@article{Orwenjo2009,
    author = "Orwenjo, Daniel Ochieng",
    title = "Political grandstanding and the use of proverbs in {A}frican political discourse",
    year = "2009",
    journal = "Discourse and Society",
    volume = "20",
    issue = "1",
    pages = "123-146",
}

@misc{Erezi2018,
  author = "Erezi, Dennis",
  title = "My support won presidential election for {B}uhari in 2015, says {O}basanjo",
  url = "https://guardian.ng/news/my-support-won-presidential-election-for-buhari-in-2015-says-obasanjo/",
  year = "2018"
}

@misc{Gberie2013,
  author = "Gberie, Lansana",
  title = "State officials and their involvement in drug trafficking in {W}est {A}frica",
  url = "https://www.globalcommissionondrugs.org/wp-content/uploads/2017/02/State-Officials-and-Drug-Trafficking-2013-12-03.pdf",
  year = "2013"
}

@article{OttWalter2000,
    author = "Ott, Brian and Walter, Cameron",
    title = "Intertextuality: {I}nterpretive practice and textual strategy",
    year = "2000",
    journal = "Critical Studies in Media Communication",
    volume = "17",
    issue = "4",
    pages = "429-446",
    doi = "10.1080/15295030009388412"
}

@book{Owomoyela2005,
    author = "Owomoyela, Oyekan",
    year = "2005",
    title = "Yoruba proverbs",
    publisher = "Lincoln: University of Nebraska Press",
}

@article{PapaioannouandVanZanden2015,
    author = "Papaioannou, Kostadis J. and Van Zanden, Jan Luiten",
    title = "The dictator effect: {H}ow long years in office affect economic development",
    year = "2015",
    journal = "Journal of Institutional Economics",
    volume = "11",
    issue = "1",
    pages = "111-139",
    doi = "10.1017/S1744137414000356"
}

@inproceedings{Plett1991,
    author = "Plett, Heinrich",
    title = "Intertextualities",
    booktitle = "Intertextuality",
    pages = "3-29",
    editor = "Plett, Heinrich",
    publisher = "New York: Walter de Gruyter",
    year = "1991"
}


@book{JohansenLarsen2002,
    author = "Johansen, Jørgen and Larsen, Svend Erik",
    year = "2002",
    title = "Signs in use: {A}n introduction to semiotics",
    publisher = "London: Routledge",
}

@book{Kristeva1980,
    author = "Kristeva, Julia",
    year = "1980",
    title = "Desire in language: {A} semiotic approach to literature in art",
    publisher = "New York: Columbia University Press",
}

@article{Raj2015,
    author = "Raj, Prayer Elmo",
    title = "Text/texts: {I}nterrogating {J}ulia {K}risteva's concept of intertextuality",
    year = "2015",
    journal = "Research Journal of Humanities and Social Sciences",
    volume = "11",
    issue = "1",
    pages = "111-139",
}

@misc{Monehin2015,
  author = "Monehin, F.",
  title = "A stylistic analysis of language politics in the open letters exchanged between {C}hief {O}lusegun {O}basanjo and {P}resident {G}oodluck {J}onathan",
  note = "BA thesis, Redeemer's University Nigeria",
  year = "2015"
}


@misc{Nag2018,
  author = "Nag, Oishimaya Sen",
  title = "Most religious countries in the world",
  url = "https://www.worldatlas.com/articles/most-religious-countries-in-the-world.html",
  year = "2018"
}

@article{UnuabonahBoluwaduro2020,
    author = "Unuabonah, Foluke and Boluwaduro, Eniola",
    title = "Conflict-motivated acts in the open letters of two former {N}igerian presidents",
    year = "2020",
    journal = "English Text Construction",
    volume = "13",
    issue = "2",
    pages = "158-177",
    doi = "10.1075/etc.00039.unu"
}

@misc{Obasanjo2013,
  author = "Obasanjo, Olusegun",
  title = "{OBJ} blasts Jonathan in 18-page letter",
  note = "From Vanguard Newspaper Nigeria headlines https://www.vanguardngr.com/2013/12/obj-blasts-jonathan-in-18-page-letter/",
  year = "2013"
}

@misc{Obasanjo2018,
  author = "Obasanjo, Olusegun",
  title = "Full text: {O}basanjo’s letter to {B}uhari",
  note = "From punch Nigeria headlines https://punchng.com/full-letter-obasanjo-writes-buhari-asks-president-to-halt-2019-ambition/",
  year = "2018"
}

@misc{Bosun2019,
  author = "Bosun, Tunji",
  title = "Full text of Obasanjo’s open letter to Buhari",
  note = "From punch Nigeria headlines https://punchng.com/full-text-of-obasanjos-open-letter-to-buhari/",
  year = "2019"
}

@misc{Reporter2018,
  author = "Reporter",
  title = "Obasanjo, the letter writer",
  note = "From Tribune Newspaper, politics section https://tribuneonlineng.com/obasanjo-letter-writer/",
  year = "2018"
}



@article{Allen1972,
    author = "Allen, George D.",
    title = "The location of rhythmic stress beats in {E}nglish: {A}n experimental study",
    year = "1972",
    journal = "Language and Speech",
    volume = "15",
    issue = "1",
    pages = "72-100",
    doi = "10.1177/002383097201500110",
}

@phdthesis{Anderson2018,
    author = "Anderson, Jonathan C.",
    year = "2018",
    title = "The phonetics and phonology of speech rhythm in {A}kan",
    school = "Indiana {U}niversity, {B}loomington",
}



@article{Bohnertetal2022,
    author = "Bonhert, Amanda and Berkson, Kelly and Par, Sui-Hnem",
    title = "Vowel sounds in {H}naring {L}utuv",
    year = "2022",
    journal = "Indiana University Working Papers in South Asian Languages and Cultures",
    volume = "3",
    issue = "1",
    doi = "10.14434/iwpsalc2022.v3i1.35447"
}



@article{BrowmanGoldstein1986,
    author = "Browman, Catherine P. and Goldstein, Louis",
    title = "Towards an articulatory phonology",
    year = "1986",
    journal = "Phonology",
    volume = "3",
    pages = "219-252",
    doi = "10.1017/S0952675700000658",
}

@article{BrowmanGoldstein1990,
    author = "Browman, Catherine P. and Goldstein, Louis",
    title = "Gestural specification using dynamically-defined articulatory structures",
    year = "1990",
    journal = "Journal of Phonetics",
    volume = "18",
    pages = "299-320",
    doi = "10.1016/S0095447019303766",
} 

@book{ChomskyHalle1968,
    author = "Chomsky, Noam and Halle, Morris",
    year = "1968",
    title = "The sound pattern of {E}nglish",
    publisher = "Cambridge, MA: MIT Press",
}

@article{Chowetal2015,
    author = "Chow, Ivan and Belyk, Michel and Tran, Vance and Brown, Steven",
    title = "Syllable synchronization and the {P}-center in {C}antonese",
    year = "2015",
    journal = "Journal of Phonetics",
    volume = "49",
    pages = "55-66",
    doi = "10.1016/j.wocn.2014.10.006"
} 

@article{Cummins2009,
    author = "Cummins, Fred",
    title = "Rhythm as entrainment: {T}he case of synchronous speech",
    year = "2009",
    journal = "Journal of Phonetics",
    volume = "37",
    pages = "16-28",
    doi = "10.1016/j.wocn.2008.08.003"
}

@article{CumminsPort1998,
    author = "Cummins, Fred and Port, Robert",
    title = "Rhythmic constraints on stress timing in {E}nglish",
    year = "1998",
    journal = "Journal of Phonetics",
    volume = "26",
    pages = "145-171",
    doi = "10.1006/jpho.1998.0070"
}

@book{Davis1988,
    author = "Davis, Stuart",
    year = "1988",
    title = "Topics in Syllable Geometry",
    publisher = "New York: Garland Press",
}

@article{deJongObeng2000,
    author = "de Jong, Kenneth and Obeng, Samuel G.",
    title = "Labio-palatalization in {T}wi: {P}rosodic, contrastive, and quantal effects in linguistic micro-evolution",
    year = "2000",
    journal = "Language",
    volume = "76",
    pages = "682-703",
    doi = "10.2307/417139"
}

@article{Dart1991,
    author = "Dart, Sarah N.",
    title = "Articulatory and Acoustic Properties of Apical and Laminal Articulations",
    year = "1991",
    journal = "UCLA Working Papers in Phonetics",
    volume = "79"
}

@article{Franich2018,
    author = "Franich, Kathryn",
    title = "Tonal and morphophonological effects on the location of perceptual centers ({P}-centers): {E}vidence from a {B}antu language",
    year = "2018",
    journal = "Journal of Phonetics",
    volume = "67",
    pages = "21-33",
    doi = "10.1016/j.wocn.2017.11.001"
}

@phdthesis{Goldsmith1976,
    author = "Goldsmith, John",
    year = "1976",
    title = "Autosegmental phonology",
    school = "MIT",
}

@article{Whalenetal1991,
    author = "Whalen, D. H. and Cooper, Andre M. and Fowler, Carol A.",
    title = "P-center judgments are generally insensitive to the instructions given.",
    year = "1991",
    journal = "Haskins Laboratories Status Report on Speech Research",
    volume = "108",
    pages = "141-146",
    doi = "10.1159/000261843"
}

@book{Voorhoeve1976,
    author = "Voorhoeve, Jan",
    year = "1976",
    title = "Contes bamileke",
    publisher = "Tervuren: Musée Royal de l'Afrique Centrale",
}

@article{TullerKelso1991,
    author = "Tuller, Betty and Kelso, J. A. Scott",
    title = "The production and perception of syllable structure",
    year = "1991",
    journal = "Journal of Speech and Hearing Research",
    volume = "34",
    pages = "501-508",
    doi = "10.1044/jshr.3403.501"
}

@phdthesis{Taijma1998,
    author = "Taijma, Keiichi",
    year = "1998",
    title = "Phonetics and Phonology of Speech rhythm: {A} Cross-linguistic Exploration in Rhythmic Speech Production",
    school = "Indiana University",
}

@article{Shadle2023,
    author = "Shadle, Christine",
    title = "Alternatives to moments for characterizing fricatives: {R}econsidering {F}orrest et al",
    year = "2023",
    journal = "Journal of the Acoustical Society of America",
    volume = "153",
    issue = "2",
    pages = "1412-1426",
    doi = "10.1121/10.0017231"
}

@phdthesis{Leben1973,
    author = "Leben, William",
    year = "1973",
    title = "Suprasegmental Phonology",
    school = "MIT",
}

@article{Rapp1971,
    author = "Rapp, K.",
    title = "A study of syllable-timing",
    year = "1971",
    journal = "University of Stockholm, Speech Tranmission Laboratory - Quarterly Progress and Status Report",
    volume = "12",
    issue = "1",
    pages = "14-19"
}

@article{SalzmanMunhall1989,
    author = "Salzman, Elliot L. and Munhall, Kevin G.",
    title = "A dynamical approach to gestural patterning in speech production",
    year = "1989",
    journal = "Ecological Psychology",
    volume = "1",
    pages = "333-382",
    doi = "10.1207/s15326969eco0104_2"
}

@book{Uche1999,
    author = "Uche, Aaron",
    year = "1999",
    title = "Tense and aspect in {O}bolo grammar and discourse",
    publisher = "Dallas: Summer Institute of Linguistics",
}

@inproceedings{Goldsteinetal2007,
    author = "Goldstein, Louis and Chitoran, Ioana and Selkirk, Elisabeth",
    title = "Syllable structure as coupled oscillator modes: {E}vidence from {G}eorgian and {T}ashlhiyt {B}erber",
    editor = "Trouvain, Jürgen and Barry, William",
    booktitle = "Proceedings of the {XVI} {I}nternational {C}ongress of {P}honetic {S}ciences",
    year = "2007",
    pages = "241-244",
    publisher = "Saarbrücken, Germany: Universität des Saarlandes",
}

@article{deJong2003,
    author = "de Jong, Kenneth",
    title = "Temporal constraints and characterizing syllable structuring",
    year = "2003",
    journal = "Papers in Laboratory Phonology",
    volume = "6",
    pages = "253-268",
    doi = "10.1017/CBO9780511486425.015",
    ids = {dejong2003}
}


%Hantgan et al refs

@unpublished{hantgan2013kindigue,
  author = {Hantgan, Abbie},
  title  = {A grammar of {K}indige},
  note = {{Unpublished manuscript}},
  year   = {2013}
}

@book{HeathBS2017,
    Author = {Heath, Jeffrey},
    Title = {A grammar of {N}ajamba ({D}ogon, {M}ali)},
    Year = {2017},
    Publisher = {Language Description Heritage Library (online)},
    DOI = {10.17617/2.2397771}}

@article{GreenHantgan,
    Author = {Green, Christopher R. and Hantgan, Abbie},
    Title = {A feature geometric approach to {B}ondu-so vowel harmony},
    Journal = {Glossa},
    Volume = {4},
    Number = {1},
    Pages = {1-29},
    Date = {2019},
    DOI = {10.5334/gjgl.793}}

@article{HantganDavis,
	Author = {Hantgan, Abbie and Davis, Stuart},
	Journal = {Studies in African Linguistics},
	Number = {2},
	Title = {Bondu-so Vowel Harmony: {A} descriptive analysis with theoretical implications},
	Volume = {41},
    pages = {1-26},
	Year = {2012}}

 @article{Culy1994,
	Author = {Culy, Christopher},
	Journal = {Journal of African Languages and Linguistics},
	Keywords = {home},
	Number = {2},
	Pages = {113 - 125},
	Title = {A Note on Logophoricity in {D}ogon},
	Volume = {15},
	Year = {1994}}

@software{Praat2022,
  author = {Boersma, Paul and Weenink, David},
  title = {Praat: {D}oing phonetics by computer},
  version = {6.3.03},
  url = {http://www.praat.org},
  year = 2022
}

@article{hess1992assimilatory,
  title={Assimilatory effects in a vowel harmony system: {A}n acoustic analysis of advanced tongue root in {A}kan},
  author={Hess, Susan},
  journal={Journal of Phonetics},
  volume={20},
  number={4},
  pages={475--492},
  year={1992},
  publisher={Elsevier}
}

@article{koffi2016acoustic,
  title={The acoustic correlates of [$\pm${ATR}] vowels: {A}n analysis by reference levels of {A}nyi vowels},
  author={Koffi, Ettien},
  journal={Linguistic Portfolios},
  volume={5},
  issue={9},
  url={https://repository.stcloudstate.edu/stcloud_ling/vol5/iss1/9},
  year={2016}
}

@article{olejarczuk2019acoustic,
  title={Acoustic correlates of anticipatory and progressive [{ATR}] harmony processes in {E}thiopian {K}omo},
  author={Olejarczuk, Paul and Otero, Manuel A. and Baese-Berk, Melissa M.},
  journal={Journal of Phonetics},
  volume={74},
  pages={18--41},
  year={2019},
  publisher={Elsevier}
}

@incollection{yang2021measuring,
  author = {Yang, Byunggon},
  title = {Measuring vowels},
  booktitle = {The {C}ambridge Handbook of Phonetics},
  editor = {Knight, Rachael-Anne and Setter, Jane},
  publisher = {Cambridge University Press},
  year = {2021},
  pages = {261--284},
  doi = {10.1017/9781108644198.011}
}

@inproceedings{figueroa2021,
  author = {Figueroa, Mauricio and Kim, Young Shin},
  title = {Measuring Consonants},
  booktitle = {The {C}ambridge handbook of phonetics},
  editor = {Knight, Rachael-Anne and Setter, Jane},
  year = {2021},
  pages = {285-311},
  publisher = {Cambridge, UK: Cambridge University Press}
}

@article{kingston1997,
  title = {Integrality in the perception of tongue root position and voice quality in vowels},
  author = {Kingston, John and Macmillan, Neil A. and Dickey, Laura Walsh and Thorburn, Rachel and Bartels, Christine},
  journal = {The Journal of the Acoustical Society of America},
  volume = {101},
  issue = {3},
  pages = {1696-1709},
  year = {1997}
}

@article{anderson2007,
  title = {F1 and center of gravity interplay in the maintenance of phonological height within a statistical model of a communal grammar: {T}he case of {F}oodo {[ATR]} acoustics},
  author = {Anderson, Colleen G.},
  year = {2007},
  journal = {UTA Working Papers in Linguistics 2006-2007},
  publisher = {Linguistics \& TESOL},
  pages = {2-29}
}

@article{pillai1955,
    author = {Pillai, K. C. S.},
    title = {Some New Test Criteria in Multivariate Analysis},
    volume = {26},
    journal = {The Annals of Mathematical Statistics},
    number = {1},
    publisher = {Institute of Mathematical Statistics},
    pages = {117 -- 121},
    year = {1955},
    doi = {10.1214/aoms/1177728599},
}

@article{kelley2020comparison,
  title={A comparison of four vowel overlap measures},
  author={Kelley, Matthew C and Tucker, Benjamin V},
  journal={The Journal of the Acoustical Society of America},
  volume={147},
  number={1},
  pages={137--145},
  year={2020},
  publisher={Acoustical Society of America}
}

@inproceedings{mairanoetal2019,
	author = {Mairano, Paolo and Bouzon, Caroline and Capliez, Marc and de Iacovo, Valentina},
 year = {2019},
	booktitle = {Proceedings of the 19th {I}nternational {C}ongress of {P}honetic {S}ciences, {M}elbourne, {A}ustralia 2019},
	title = {Acoustic distances, {P}illai scores and {LDA} classification scores as metrics of {L}2 comprehensibility and nativelikeness}
}

@article{freeman2023production,
  title={Production and perception of prevelar merger: Two-dimensional comparisons using {P}illai scores and confusion matrices},
  author={Freeman, Valerie},
  journal={Journal of Phonetics},
  volume={97},
  pages={101213},
  year={2023},
  publisher={Elsevier}
}

@inproceedings{Hayes1994,
    author = {Hayes, Bruce},
    year = {1994},
    title = {Weight of {CVC} can be determined by context},
    booktitle = {Perspectives in phonology},
    editor = {Cole, Jennifer and Kisseberth, Charles},
    publisher = {Stanford, CA: CSLI},
    pages = {61-79}}
    

@book{Hyman1985,
    author = {Hyman, Larry M.},
    year = {1985},
    title = {A theory of phonological weight},
    publisher = {Dordrecht: Foris}
}

@article{RosenthallVdH1999,
    author = {Rosenthall, Sam and van der Hulst, Harry},
    year = {1999},
    title = {Weight-by-position by position},
    journal = {Natural Language \& Linguistic Theory},
    volume = {17},
    pages = {499-540}
}

@article{Moren2000,
    author = {Morén, Bruce},
    year = {2000},
    title ={The puzzle of {K}ashmiri stress: {I}mplications for weight theory},
    journal = {Phonology},
    volume = {17},
    issue = {3},
    pages = {365-396}
}

@inproceedings{Zec1995,
    author = {Zec, Draga},
    year = {1995},
    title = {The role of moraic structure in the distribution of segments within syllables},
    booktitle = {Frontiers in phonology},
    editor = {Durand, Jacques and Katamba, Francis},
    pages = {149-179},
    publisher = {London: Longmans},
    doi = "10.1017/CBO9780511486371.009"
}

@article{HantganSagnaDavis,
    title = {Moraic preservation and equivalence in {G}újjolaay {E}egimaa perfective reduplication},
    author = {Hantgan, Abbie and Sagna, Serge and Davis, Stuart},
    pages = {29--56},
    volume = {41},
    number = {1},
    journal = {Journal of African Languages and Linguistics},
    doi = {10.1515/jall-2020-2003},
    year = {2020},
    lastchecked = {2023-05-18}
}

@article{carnie2002,
    Author = {Carnie, Andrew},
    Year = {2002},
    Journal = {Journal of Celtic Linguistics},
    Volume = {7},
    Pages = {129--148},
    Title = {A note on diphthongization before tense sonorants in {I}rish: {A}n articulatory explanation}
}

@article{uchiharabaez2016,
    Author = {Uchihara, Hiroto and Pérez Báez, Gabriela},
    Journal = {Glossa},
    Volume = {1},
    Pages = {1--24},
    Title = {Fortis/lenis glides and vowels in {Q}uiaviní {Z}apotec},
    Year = {2016}
}

@inproceedings{Archangelietal2011,
    Author = {Archangeli, Diana and Berry, Jeff and Carnie, Andrew and Fisher, Muriel and Hunt, Nicole and Ji, Sunjing and Josephs, Keisha},
    booktitle = {Formal Approaches to {C}eltic Linguistics},
    editor = {Carnie, Andrew},
    Pages = {283--306},
    Title = {{ATR} in {S}cottish {G}aelic tense sonorants: {A} preliminary report},
    Year = {2011},
    publisher = {Newcastle upon Tyne: Cambridge Scholars}
}

@phdthesis{NiChiosain1991,
    author = {Ni Chiosáin, Maire},
    year = {1991},
    title = {Topics in the phonology of {I}rish},
    school = {University of Massachusetts Amherst}
}

@book{Aaron1999,
    author = {Aaron, Uche},
    year = {1999},
    title = {Tense and aspect in {O}bolo grammar and discourse},
    publisher = {Dallas, TX: Summer Institute of Linguistics}
}

@phdthesis{Adive1984,
    author = {Adive, John R.},
    year = {1984},
    title = {A descriptive study of the verbal piece in {E}bira: {A} language of {K}wara {S}tate {N}igeria},
    school = {University of London}
}

@article{Mortonetal1976,
    Author = {Morton, John and Marcus, Steve and Frankish, Clive},
    Journal = {Psychological Review},
    Volume = {1},
    issue = {5},
    Pages = {405},
    Title = {Perceptual centers ({P}-centers)},
    Year = {1976},
    doi = {10.1037/0033-295X.83.5.405},
}

@misc{Faytak2015,
  author = "Faytak, Matthew",
  title = "High vowel fricativization as an areal feature of the northern {C}ameroon {G}rassfields",
  note = "ppt presentation from WOCAL 8 in Kyoto, Japan https://mfaytak.github.io/pdfs/mf-wocal8.pdf",
  year = "2015"
}

@article{Faytak2022,
    author = "Faytak, Matthew",
    year = "2022",
    title  = "Place uniformity and drift in the {S}uzhounese fricative and apical vowels",
    journal = "Linguistics Vanguard",
    volume = "8",
    issue = "5",
    pages = "569-581",
    doi = "10.1515/lingvan-2021-0071"
}

@misc{Agheyisi1990,
  author = "Agheyisi, Rebecca",
  title = "A grammar of {E}do",
  note = "{Unpublished manuscript}",
  year = "1990"
}

@article{Ameka2013,
    author = "Ameka, Felix K.",
    title = "Three place predicates in {W}est {A}frican serializing languages",
    year = "2013",
    journal = " Studies in African Linguistics",
    volume = "42",
    issue = "1",
    pages = "1-32",
    doi = "10.32473/sal.v42i1.107273"
    }

@book{Anyanwu2013,
    author = {Anyanwu, Rose-Juliet},
    year = {2013},
    title = {Reference Grammar of {Y}ukuben ({J}ukunoid, {N}igeria)},
    publisher = {Cologne: Rüdiger Köppe}
}

@inproceedings{Atoyebietal2010,
    Author = {Atoyebi, Joseph and Haspelmath, Martin and Malchukov, Andrej},
    booktitle = {Studies in Ditransitive Constructions: {A} Comparative Handbook},
    editor = {Malchukov, Andrej and Haspelmath, Martin and Comrie, Bernard},
    Pages = {145-165},
    Title = {Ditransitive constructions in {Y}orùbá},
    Year = {2010},
    publisher = {Berlin: De Gruyter Mouton},
    doi= "10.1515/9783110220377.145"
}

@inproceedings{Bassène2007,
    Author = {Bassène, Alain-Christian},
    booktitle = {On the Typology of Ditransitive Constructions},
    editor = {Malchukov, Andrej and Haspelmath, Martin and Comrie, Bernard},
    Pages = {145-165},
    Title = {Ditransitive constructions in {J}óola {B}anjal},
    Year = {2007},
    publisher = {Berlin: De Gruyter Mouton},
    doi = "10.1515/9783110220377.190"
}

@book{Bobuafor2013,
    author = {Bobuafor, Mercy},
    year = {2013},
    title = {A grammar of {T}afi},
    publisher = {Utrecht: Netherlands Graduate School of Linguistics}
}

@book{Bodomo1997,
    author = {Bodomo, Adams},
    year = {1997},
    title = {The structure of {D}agaare},
    publisher = {Stanford: CSLI Publications}
}

@book{Lord1993,
    author = {Lord, Carol},
    year = {1993},
    title = {Historical change in serial verb constructions},
    publisher = {Philadelphia: John Benjamins Publishing}
}

@inproceedings{BorgComrie1984,
    Author = {Borg, Albert J. and Comrie, Bernard},
    booktitle = {Objects: {T}owards a theory of grammatical relations},
    editor = {Plank, Frans},
    Pages = {109-126},
    Title = {Object diffuseness in {M}altese},
    Year = {1984},
    publisher = {London: Academic Press}
}

@article{Kittilä2006,
    author = "Kittilä, Seppo",
    title = "The anomaly of the verb `give' explained by its high (formal and semantic) transitivity",
    year = "2006",
    journal = "Linguistics",
    volume = "44",
    issue = "3",
    pages = "569-612",
    doi = "10.1515/LING.2006.019"
}

@article{MargettsAustin2007,
    author = "Margetts, Anna and Austin, Peter",
    title = "Three participant events in the languages of the world: {T}owards a crosslinguistic typology",
    year = "2007",
    journal = "Linguistics",
    volume = "45",
    issue = "3",
    pages = "393-451",
    doi = "10.1515/LING.2007.014"
}

@book{Bouveret2021,
    author = {Bouveret, Myriam},
    year = {2021},
    title = {Give constructions across languages},
    publisher = {Amsterdam: John Benjamins}
}

@book{Carlson1994,
    author = {Carlson, Robert},
    year = {1994},
    title = {A grammar of {S}upyire},
    publisher = {Berlin: Mouton de Gruyter}
}

@inproceedings{Comrie2012,
    Author = {Comrie, Bernard},
    booktitle = "Argument structure and grammatical relations: {A} crosslinguistic typology",
    editor = {Suihkonen, Pirkko and Comrie, Bernard and Solovyes, Valery},
    Pages = {17-35},
    Title = {Some argument structure properties of ‘give’ in the languages of {E}urope and {N}orthern and {C}entral {A}sia},
    Year = {2012},
    publisher = {Amsterdam: John Benjamins},
    doi = "10.1075/slcs.126.02com"
}

@inproceedings{Creissels2015,
    Author = {Creissels, Denis},
    booktitle = {Valency classes in the world’s languages},
    volume = {1},
    editor = {Malchukov, Andrej and Comrie, Bernard},
    Pages = {221-260},
    Title = {Valency properties of {M}andinka verbs},
    Year = {2015},
    publisher = {Berlin: Mouton de Gruyter},
    doi = "10.1515/9783110338812-012"
}

@inproceedings{CreisselsKouadio2010,
    Author = {Creissels, Denis and Kouadio, Jeremie},
    booktitle = {On the typology of ditransitive constructions},
    editor = {Malchukov, Andrej and Haspelmath, Martin and Comrie, Bernard},
    Pages = {166-189},
    Title = {Ditransitive constructions in {B}aule},
    Year = {2010},
    publisher = {Berlin: Mouton de Gruyter},
    doi = "10.1515/9783110220377.166"
}

@book{Dakubu2009,
    author = {Kropp Dakubu, Mary Esther},
    year = {2009},
    title = {Ga-{E}nglish Dictionary with {E}nglish-{G}a Index},
    publisher = {Accra: Black Mask Ltd}
}

@inproceedings{Dakubu2003,
    Author = {Kropp Dakubu, Mary Esther},
    booktitle = {Studies in the languages of the {V}olta {B}asin},
    editor = {Dakubu, Mary Esther Kropp and Osam, E. Kwesu},
    Pages = {31-60},
    Title = {Observations towards a typology of multi-verb constructions in the languages of the {V}olta {B}asin {I}},
    Year = {2003},
    publisher = {Legon: University of Ghana}
}

@inproceedings{Dakubu2004,
    Author = {Kropp Dakubu, Mary Esther},
    booktitle = {Studies in the {L}anguages of the {V}olta {B}asin {II}},
    editor = {Kropp Dakubu, Mary Esther and Osam, E. Kwesu},
    Pages = {113-184},
    Title = {The {G}a pre-verb auxiliary \textit{ke} revisited},
    Year = {2004},
    publisher = {Legon: University of Ghana}
}

@inproceedings{DesclésGuentchéva2012,
    Author = {Desclés, Jean-Pierre and Guentchéva, Zlatka},
    booktitle = {The {O}xford handbook of tense and aspect},
    editor = {Binnik, Robert I.},
    Pages = {123-154},
    Title = {Universals and typology},
    Year = {2012},
    publisher = {New York: Oxford University Press},
    doi = "10.1093/oxfordhb/9780195381979.013.0004"
}

@article{Defina2016,
    author = "Defina, Rebecca",
    title = "Serial verb constructions and their subtypes in {A}vatime",
    year = "2016",
    journal = " Studies in Language",
    volume = "40",
    issue = "3",
    pages = "648-680",
    doi = " 10.1075/sl.40.3.07def"
}

@phdthesis{Dorvlo2008,
    author = "Dorvlo, Kofi",
    year = "2008",
    title = "A grammar of {L}ogba ({I}kpana)",
    school = "Utrecht: Netherlands Graduate School of Linguistics",
}

@inproceedings{Dzameshie2004,
    Author = {Dzameshie, Alex K.},
    booktitle = {Studies in the languages of the {V}olta {B}asin {II}},
    editor = {Dakubu, Mary Esther Kropp and Osam, E. Kwesu},
    Pages = {158-165},
    Title = {Multi-word verbs in {E}we},
    Year = {2004},
    publisher = {Legon: University of Ghana}
}


@phdthesis{Ejele1986,
    author = "Ejele, Philomena E.",
    year = "1986",
    title = "Transitivity, tense and aspect in {E}san",
    school = "University of London",
}

@book{Elugbe1989,
    author = {Elugbe, Ben},
    year = {1989},
    title = {Comparative {E}doid: {P}honology and lexicon},
    publisher = {Port Harcourt: University of Port Harcourt Press}
}

@book{Faraclas1984,
    author = {Faraclas, Nicholas},
    year = {1984},
    title = {A grammar of {O}bolo},
    publisher = {Bloomington: IULC}
}

@book{Williamson1965,
    author = {Williamson, Kay},
    year = {1965},
    title = {A grammar of the {K}olokuma dialect of {Ị}jo},
    publisher = {London: Cambridge University Press}
}

@book{Whaley1997,
    author = {Whaley, Lindsay},
    year = {1997},
    title = {Introduction to typology: {T}he unity and diversity of language},
    publisher = {Thousand Oaks, CA: Sage Publications}
}

@misc{Heath2016,
  author = "Heath, Jeffrey",
  title = "A Grammar of {D}ogul {D}om",
  note = "{Unpublished manuscript}",
  year = "2016"
}

@misc{Heath2017a,
  author = "Heath, Jeffrey",
  title = "A Grammar of {B}unoge",
  note = "{Unpublished manuscript}",
  year = "2017"
}

@misc{Heath2017b,
  author = "Heath, Jeffrey",
  title = "A Grammar of {N}ajamba",
  note = "{{unpublished} manuscript}",
  year = "2017"
}

@misc{Heath2017c,
  author = "Heath, Jeffrey",
  title = "A Grammar of {Y}orno {S}o",
  note = "{Unpublished manuscript}",
  year = "2017"
}

@book{Hewer1983,
    author = {Hewer, Philip L.},
    year = {1983},
    title = {A basic grammar of {K}asem},
    publisher = {Tamale: GILLBT Press}
}

@book{HeineKuteva2002,
    author = {Heine, Bernd and Kuteva, Tania},
    year = {2002},
    title = {The world lexicon of grammaticalization},
    publisher = {New York: Cambridge University Press}
}

@book{Ikoro1996,
    author = {Ikoro, Suanu},
    year = {1996},
    title = {The {K}ana language},
    publisher = {Leiden: Research School CNWS}
}

@book{Kutevaetal2019,
    author = {Kuteva, Tania and Heine, Bernd and Hong, Bo and Long, Haiping and Narrong, Heiko and Rhee, Seongha},
    year = {2019},
    title = {The world lexicon of grammaticalization},
    edition = "2",
    publisher = {New York: Cambridge University Press}
}

@book{Kari2004,
    author = {Kari, Ethelbert},
    year = {2004},
    title = {A reference grammar of {D}egema},
    publisher = {Köln: Rüdiger Köppe}
}

@book{Koopman1984,
    author = {Koopman, Hilda},
    year = {1984},
    title = {The syntax of verbs: {F}rom verb movement rules in the {K}ru languages to {U}niversal {G}rammar},
    publisher = {Dordrecht: Foris}
}

@book{Nabaarese2013,
    author = {Nabaarese, Joseph Aloa},
    year = {2013},
    title = {Kawuri ne {N}anjara},
    publisher = {Tamale: GILLBT Press}
}

@book{Lefebvre_Brousseau2002,
    author = {Lefebvre, Claire and Brousseau, Anne-Marie},
    year = {2002},
    title = {A grammar of {F}ongbe},
    publisher = {Berlin: Mouton de Gruyter}
}

@article{Shluinsky2017,
    author = "Shluinsky, Andrey",
    title = "An intragenetic typology of {K}wa serial verb constructions",
    year = "2017",
    journal = "Linguistic Typology",
    volume = "21",
    issue = "2",
    pages = "333-385",
    doi = "10.1515/lingty-2017-0008"
}

@book{SchaeferEgbokhare2017,
    author = {Schaefer, Ronald P. and Egbokhare, Francis O.},
    year = {2017},
    title = {A grammar of {E}mai},
    publisher = {Berlin: Mouton de Gruyter}
}

@inproceedings{SchaeferEgbokhare2010,
    Author = {Schaefer, Ronald P. and Egbokhare, Francis O.},
    booktitle = {Studies in Ditransitive constructions},
    editor = {Malchukov, Andrej and Haspelmath, Martin and Comrie, Bernard},
    Pages = {1-30},
    Title = {On the Typology of Ditransitive Constructions},
    Year = {2010},
    publisher = {Berlin: Mouton de Gruyter},
    doi = "10.1515/9783110220377.115"
}

@book{SchaeferEgbokhare2007,
    author = {Schaefer, Ronald P. and Egbokhare, Francis O.},
    year = {2007},
    title = {A Dictionary of {E}mai: {A}n {E}doid Language of {N}igeria},
    publisher = {Köln: Rüdiger Köppe}
}

@inproceedings{Gruber1992,
    Author = {Gruber, Jeff S.},
    booktitle = {{MIT} Working Papers in Linguistics 17},
    editor = {Collins, Chris and Manfredi, Victor},
    Pages = {139-165},
    Title = {Proceedings of the {K}wa Comparative Syntax Workshop},
    Year = {1992},
    publisher = {Cambridge, MA: Department of Linguistics and Philosophy}
}

@misc{Creissels2007,
  author = "Creissels, Denis",
  title = "A sketch of {B}ambara argument structure",
  note = "{Unpublished manuscript}",
  year = "2007"
}

@book{Newman1996,
    author = {Newman, John},
    year = {1996},
    title = {Give: {A} cognitive linguistic study},
    publisher = {Berlin: Mouton De Gruyter}
}

@book{Newman1998,
    author = {Newman, John},
    year = {1998},
    title = {The linguistics of giving},
    publisher = {Amsterdam: John Benjamins}
}

@book{Sapir1965,
    author = {Sapir, David J.},
    year = {1965},
    title = {A Grammar of {D}iola-{F}ogny},
    publisher = {London: Cambridge University Press}
}

@book{Osam2004,
    author = {Osam, E. Kweku},
    year = {2004},
    title = {An Introduction to the Structure of {A}kan: {I}ts Verbal and Multiverbal Systems},
    publisher = {Legon: University of Legon, Department of Linguistics}
}

@article{Lin_deJong2023,
    author = "Lin, Yu-jung and de Jong, Kenneth",
    title = "The perceptual center in {M}andarin {C}hinese syllables",
    year = "2023",
    journal = "Journal of Phonetics",
    volume = "99",
    pages = "101-245",
    doi = "10.1016/j.wocn.2023.101245"
}

@inproceedings{Faytak2023,
    author = "Faytak, Matthew",
    year = "in press",
    title = "High vowel fricativization in {N}orthern {W}u {C}hinese and its neighbors",
    editor = "Enke, Dankmar W and Hyman, Larry and Nichols, Johanna and Seiler, Guido and Weber, Thilo",
    booktitle = "Language {C}hange for the {W}orse",
    pages = "1-36",
}

@book{Uwalaka1988,
    author = {Uwalaka, M. A. A. N.},
    year = {1988},
    title = {The {I}gbo Verb: {A} Semantico-Syntactic Analysis},
    publisher = {Wien: Institute für Afrikanistik und Ägyptologie der Universität Wien}
}

@phdthesis{Alderete1999,
    author = "Alderete",
    year = "1999",
    title = "Morphologically Governed Accent in {O}ptimality {T}heory",
    school = "University of {M}assachusetts {A}mherst"
}

@article{Barasa2018,
    author = "Barasa, David",
    title = "{ATR} Vowel Harmony in {A}teso",
    year = "2018",
    journal = "Stellenbosch Papers in Linguistics",
    volume = "54",
    pages = "61-69",
    doi = "10.5842/540751"
}

@article{BorowskyAvery2009,
    author = "Borowsky, Toni and Avery, Peter",
    title = "Dhochi: {A} {D}holuo language game",
    year = "2009",
    journal = "Australian Journal of Linguistics",
    volume = "29",
    issue = "2",
    pages = "169-194",
    doi = "10.1080/07268600902823094"
}

@book{Tucker1994,
    author = {Tucker, Archibald Norman},
    year = {1994},
    title = {A grammar of {K}enya {L}uo ({D}holuo)},
    publisher = {Köln: Rüdiger Köppe}
}

@article{Ojal2015,
    author = "Ojal, Were George",
    title = " The Status of the Vowel [A] In {D}holuo: {A} phonological Look at the Vowel In Terms Of [{ATR}] Value",
    year = "2015",
    journal = "IOSR Journal of Humanities and Social Science ",
    volume = "20",
    issue = "5",
    pages = "76-80",
    doi = "10.9790/0837-20547680"
}

@article{Onyango2016,
    author = "Onyango, Ong'ayo Francis",
    title = "Articulatory Harmony in Plural Formations in {D}holuo Phonology",
    year = "2016",
    journal = "International Journal of Academic Research in Progressive Education and Development",
    volume = "5",
    issue = "1",
    pages = "7-14",
    doi = "10.6007/IJARPED/v5-i1/1970"
}

@book{Okoth-Okombo1997,
    author = {Okoth-Okombo, Duncan},
    year = {1997},
    title = {A Functional Grammar of {D}holuo},
    publisher = {Köln: Rüdiger Köppe}
}

@phdthesis{Okelo2020,
    author = "Okelo, Beatrice N.",
    year = "2020",
    title = "Aspects of {L}uo Anthroponymy: {M}orphophonological and Ethnopragmatic Perspectives",
    school = "Indiana University, Bloomington"
}

@article{Suzman1994,
    author = "Suzman, Susan",
    title = "Names as Pointers: {Z}ulu Personal Naming Practices",
    year = "1994",
    journal = "Language in Society",
    volume = "23",
    issue = "2",
    pages = "253-272"
}

@phdthesis{Gregersen1961,
    author = "Gregersen, Edgar Alstrup",
    year = "1961",
    title = "Luo: {A} grammar",
    school = "Yale University"
}

@phdthesis{Ombijah2020,
    author = "Ombijah, Z. S.",
    year = "2020",
    title = "Intonation in {L}uo",
    school = "University of Essex"
}

@book{Okoth-Okombo1982,
    author = {Okoth-Okombo, Duncan},
    year = {1982},
    title = {Dholuo morphophonemics in a generative framework},
    publisher = {Berlin: Reimer}
}

@inproceedings{Gregersen1974,
    author = "Gregersen, Edgar Alstrup",
    year = "1974",
    title = "Consonant polarity in {N}ilotic",
    editor = "Voeltz, Erhard",
    booktitle = "3rd {A}nnual {C}onference on {A}frican {L}inguistics",
    publisher = "Bloomington, IN: IULC",
    pages = "105-109",
}

@inproceedings{Trommer2011,
    author = "Trommer, Jochen",
    title = "Phonological Sensitivity to Morphological Structure",
    booktitle = "The {B}lackwell companion to phonology",
    editor = "van Oostendrop, Marc and Ewen, Colin J. and Hume, Elizabeth and Rice, Keren",
    year = "2011",
    volume = "4",
    doi = "10.1002/9781444335262.wbctp0103"
}


@phdthesis{Oduor2002,
    author = "Oduor, Jane Akinyi Ngala",
    year = "2002",
    title = "A Study of Syllable Weight and its Effects on {D}holuo Phonology",
    school = "University of Nairobi",
}

@article{Casali2003,
    author = "Casali, Roderic",
    title = "[{ATR}] value asymmetries and underlying vowel inventory structure in {N}iger-{C}ongo and {N}ilo-{S}aharan",
    year = "2003",
    journal = "Linguistic Typology",
    volume = "7",
    pages = "307–382",
    doi = "10.1515/lity.2003.018"
}

@book{Ogunbowale1979,
    author = "Ogunbowale, P. O.",
    year = "1979",
    title = "{À}ṣà {Ì}bílẹ̀ {Y}orùbá [{T}he {Y}oruba traditional culture]",
    publisher = "Ibadan: University Press Limited"
    }

@book{Oduyoye1982,
    author = "Oduyoye, M.",
    year = "1982",
    title = "Yoruba names",
    publisher = "Ibadan, Nigeria: Daystar Press"
    }

@book{Malchukovetal,
    author = "Malchukov, Andrej and Haspelmath, Martin and Comrie, Bernard",
    year = "2011",
    title = "Ditransitive constructions: {A} typological overview",
    doi = "10.1515/9783110220377.1",
    publisher = "Berlin: De Gruyter Mouton"
}

@book{Bakhtin1981,
    author = "Bakhtin, Mikhail",
    year = "1981",
    title = "The dialogic imagination: {F}our essays",
    publisher = "Austin: University of Texas Press"
}

@book{Adeoye1979,
    author = "Adeoye, C. L.",
    year = "1979",
    title = "Àṣà àti Ìṣe {Y}orùbá [{T}he culture and practices of the {Y}orubas]",
    publisher = "Ibadan: University Press Ltd./Oxford University Press"
    }

@article{Agyekum2006Sociolinguistics,
    author = "Agyekum, Kofi",
    title = "The Sociolinguistics of {A}kan Personal Names",
    year = "2006",
    journal = "Nordic Journal of African Studies",
    volume = "5",
    issue = "2",
    pages = "206-235",
    doi = "10.53228/njas.v15i2.24"
}

@inproceedings{Akanmu2009,
    author = "Akanmu, O.",
    year = "2009",
    title = "The {O}riki (Panegyric) Phenomenon as Archival Material for {Y}oruba History",
    booktitle = "Language Pedagogy and Language Use in {A}frica",
    editor = {Moshi, L. and Ojo, A.},
    publisher = "London: Adonis and Abbey",
    pages = " 207-217",
}

@article{Akinnaso1980,
    author = "Akinnaso, Niyi",
    title = "The Sociolinguistic Basis of {Y}oruba Personal Names",
    year = "1980",
    journal = "Anthropological Linguistics",
    volume = "22",
    issue = "7",
    pages = "275-304",
}

@article{Akinyemi2005,
    author = "Akinyemi, Akintunde",
    title = "Integrating culture and second Language teaching through {Y}orùbá personal names",
    year = "2005",
    journal = "The Modern Language Journal",
    volume = "89",
    issue = "1",
    pages = "115-126",
    doi = "10.1111/j.0026-7902.2005.00268.x"
}

@article{Blum1997,
    author = "Blum, Susan",
    title = "Naming Practices and the power of words in {C}hina",
    year = "1997",
    journal = "Language and Society",
    volume = "26",
    pages = "357-379",
}

@book{DaramolaJeje1967,
    author = "Daramola, Olu and Jeje, Daramola",
    year = "1967",
    title = "Àwọn Àṣà Ti Òrìṣà {I}lẹ̀ {Y}orùbá [{T}he cultures and deities in {Y}orubaland]",
    publisher = "Ibadan: Onibon-Oje Press"
}

@article{Ehineni2019,
    author = "Ehineni, Taiwo",
    title = "The ethnopragmatics of {Y}oruba personal names: {L}anguage in the context
of culture",
    year = "2019",
    journal = "Studies in African Languages and Cultures",
    volume = "53",
    pages = "69-90",
    doi = "10.32690/SALC53.4"
}

@article{Ilésanmí1987,
    author = "Ilésanmí, Thomas",
    title = "Naming Ceremony among the {Y}orùbá. ",
    year = "1987",
    journal = "{ORITA}: Ibadan Journal of Religious Studies",
    volume = "14",
    issue = "12",
    pages = "108-119",
}

@article{Obeng19971,
    author = "Obeng, Samuel G.",
    title = "From Morphophonology to Sociolinguistics: {T}he Case of {A}kan Hypocoristic Day-names",
    year = "1997",
    journal = "Multilingua",
    volume = "16",
    issue = "1",
    pages = "39-56",
}

@article{Obeng1998,
    author = "Obeng, Samuel G.",
    title = "{A}kan Death-Prevention Names: {A} Pragmatic and Structural Analysis",
    year = "1998",
    journal = "Names",
    volume = "46",
    issue = "3",
    pages = "163-187",
    doi = "10.1179/nam.1998.46.3.163"
}

@book{Obeng2001,
    author = "Obeng, Samuel G.",
    year = "2001",
    title = "{A}frican Anthroponymy: {A}n Ethnopragmatic and Morphophonological Study of Names in {A}kan and Some {A}frican Societies",
    publisher = "Munich: LINCOM Europa"
}

@book{Oduyoye1972,
    author = "Oduyoye, Modupe",
    year = "1972",
    title = "Yoruba Names",
    publisher = "Ibadan: Daystar Press"
}

@book{Ladeleetal1986,
    author = "Ladele, T. A. and Mustapha, O. and Aworinde, I. A.",
    year = "1986",
    title = "Àkójọpọ̀ Ìwádìí Ìjìnlẹ̀ Àṣà {Y}orùbá [{C}ollections of thorough research on {Y}oruba culture]",
    publisher = "Ibadan: Macmillan"
}

@inproceedings{Clements1990,
    author = "Clements, G. Nick",
    year = "1990",
    title = "The role of the sonority cycle in core syllabification",
    booktitle = "Papers in {L}aboratory {P}honology {I}: {B}etween the grammar and physics of speech",
    editor = {Kingston, John and Beckman, Mary E.},
    publisher = "Cambridge, UK: Cambridge University Press",
    pages = "283-333",
    doi = "10.1017/CBO9780511627736.017"
}

@phdthesis{deLacy2002,
    author = "de Lacy, Paul",
    year = "2002",
    title = "The formal expression of markedness",
    school = "University of Massachusetts Amherst",
}

@book{deLacy2006,
    author = "de Lacy, Paul",
    year = "2006",
    title = "Markedness: {R}eduction and preservation in phonology",
    publisher = "Cambridge, UK: Cambridge University Press"
}

@book{Dolphyne1988,
    author = "Dolphyne, Florence",
    year = "1988",
    title = "The {A}kan ({T}wi-{F}ante) Language: {I}ts sound systems and tonal structure",
    publisher = "Accra: Ghana Universities Press"
}

@book{Bybee1976,
    author = "Bybee, Joan",
    year = "1976",
    title = "An introduction to {N}atural {G}enerative {P}honology",
    publisher = "New York: Academic Press"
}


@phdthesis{Hume1992,
    author = "Hume, Elizabeth",
    year = "1992",
    title = "Front vowels, coronal consonants and their interaction in non-linear phonology",
    school = "Cornell University",
}

@book{Jespersen1904,
    author = "Jespersen, Otto",
    year = "1904",
    title = "Lehrbuch der {P}honetik",
    publisher = "Leipzig: B. G. Teubner"
}

@article{Lombardi2002,
    author = "Lombardi, Linda",
    title = "Coronal epenthesis and markedness",
    year = "2002",
    journal = "Phonology",
    volume = "19",
    pages = "219–251",
    doi = "10.1017/S0952675702004323"
}

@article{MurrayVennemann1983,
    author = "Murray, Robert and Vennemann, Theo",
    title = "Sound change and syllable structure in {G}ermanic phonology",
    year = "1983",
    journal = "Language",
    volume = "59",
    pages = "514-528",
    doi = "10.2307/413901"
}

@inproceedings{Ofori2006,
    author = "Ofori, Seth Antwi",
    year = "2006",
    title = "Recent and Remote Past Marking in {A}kan: {A} Multi-Tiered Analysis",
    booktitle = "From Linguistics to Cultural Anthropology: {A}spects of Language, Culture and Family Issues in {G}hana ({W}est {A}frica)",
    editor = {Obeng, Samuel and Obeng, Cecilia},
    publisher = "Lincom Europa",
    location = {Munich},
    pages = "514-528",
}

@article{Ofori2008,
    author = "Ofori, Seth Antwi",
    title = "Numeral Compounding in {A}kan ({T}wi): {A} Multi-tiered Account",
    year = "2008",
    journal = "Journal of West African Languages",
    volume = "35",
    issue = "1, 2",
    pages = "79-99",
}

@article{Ofori2013,
    author = "Ofori, Seth Antwi",
    title = "A Prosodic Analysis of Monosyllabic and Disyllabic Verb Reduplication in {A}kan ({T}wi)",
    year = "2013",
    journal = "Journal of African Languages and Linguistics",
    volume = "34",
    issue = "1",
    pages = "75-109",
}

@article{Ofori2018,
    author = "Ofori, Seth Antwi",
    title = "Vowel doubling before the verbal unit -\textit{yɛ} [jɛ] in {Asante Twi}",
    year = "2018",
    journal = "Ghana Journal of Linguistics",
    volume = "7",
    issue = "2",
    pages = "71-101",
    doi = {10.4314/gjl.v7i2.4}
}

@article{Ofori2019,
    author = "Ofori, Seth Antwi",
    title = "Rules and rule relations in {Akan} day names",
    year = "2019",
    journal = "Journal of West African Languages",
    volume = "46",
    issue = "1",
    pages = "47-73",
}

@inproceedings{Zec2007,
    author = "Zec, Draga",
    year = "2007",
    title = "The syllable",
    booktitle = "The {C}ambridge Handbook of Phonology",
    editor = {de Lacy, Paul},
    publisher = "Cambridge, MA: Cambridge University Press",
    pages = "161-194",
}

@phdthesis{Zec1988,
    author = "Zec, Draga",
    year = "1988",
    title = "Sonority constraints on prosodic structure",
    school = "Stanford University",
}

@article{Vennemann1972,
    author = "Vennemann, Theo",
    title = "On the theory of syllabic phonology",
    year = "1972",
    journal = "Linguistische Berichte",
    volume = "18",
    pages = "1-18",
}

@phdthesis{Steriade1982,
    author = "Steriade, Donca",
    year = "1982",
    title = "Greek prosodies and the nature of syllabification",
    school = "MIT",
}

@inproceedings{Selkirk1984,
    author = "Selkirk, Elizabeth",
    year = "1984",
    title = "On the major class features and syllable theory",
    booktitle = "Language sound structure: {S}tudies in phonology presented to {M}orris {H}alle by his teacher and students",
    editor = {Aronoff, Mark and Oerhle, Richard T.},
    publisher = "Cambridge, MA: MIT Press",
    pages = "107-136",
}

@article{Obeng1994,
    author = "Obeng, Samuel G.",
    title = "Verbal indirection in {A}kan informal discourse",
    year = "1994",
    journal = "Journal of Pragmatics",
    volume = "21",
    issue = "1",
    pages = "1-18",
    doi = "10.1016/0378-21669490046-9"
}

@phdthesis{Makondo2009,
    author = "Makondo, Livingstone",
    year = "2009",
    title = "An Investigation into Language Use for Specific Purposes with Special reference to the Anthroponyms of the {S}hona Society",
    school = "Pretoria, University of South Africa",
}

@article{Mmadike2014,
    author = "Mmadike, Benjamin Ifeanyi",
    title = "Anthropolinguistic study of {À}là names in {I}gbo",
    year = "2014",
    journal = "Journal of Humanities and Social Science",
    volume = "19",
    issue = "10",
    pages = "11-19",
    doi = "10.9790/0837-191061119"
}

@inproceedings{Rice2007,
    author = "Rice, Keren",
    year = "2007",
    title = "Markedness in Phonology",
    booktitle = "The {C}ambridge Handbook of Phonology",
    editor = {de Lacy, Paul},
    publisher = "Cambridge, MA: Cambridge University Press",
    pages = "79-97",
}

@inproceedings{Rice2002,
    author = "Rice, Keren",
    year = "2002",
    title = "Featural markedness in phonology: {Variation}",
    booktitle = "The second {Glot} {I}nternational State-of-the-Article book",
    series = {Studies in Generative Grammar},
    number = {61},
    editor = {Cheng, Lisa and Sybesma, Rent},
    publisher = "Berlin: Mouton de Gruyter",
    pages = "389-429",
    doi = {10.1515/9783110890952.389}
}

@article{Rice1999,
    author = "Rice, Keren",
    title = "Featural markedness in phonology: {V}ariation",
    journal = "Glot International",
    year = "1999",
    volume = "4",
    number = "7",
    pages = "3-6",
}

@article{Ndeda2019,
    author = "Ndeda, Mildred A. J.",
    title = "Population movement, settlement and the construction of society to the east of {L}ake {V}ictoria in precolonial times: {T}he western {K}enyan case",
    journal = "The East Africa Review",
    year = "2019",
    volume = "52",
    pages = "83-108",
    doi = "10.4000/eastafrica.473"
}

@mastersthesis{Njuki2016,
    author = "Njuki, Muriithi Gerald",
    title = "The phonology and lexical variation within {K}isumu-{S}outh {N}yanza dialect of {D}holuo",
    school = "University of Nairobi",
    year = "2019"
}


@inproceedings{WilliamsonBlench2000,
    author = "Williamson, Kay and Blench, Roger",
    title = "{Niger-Congo}",
    booktitle = "African languages: {A}n introduction",
    editor = "Nurse, Derek and Heine, Bernd",
    year = "2000",
    pages = "11-42",
    publisher = "Cambridge, UK: Cambridge University Press"
}
