@book{langsci-current-book, editor = {Geoffrey Haig and Mohammad Rasekh-Mahand and Donald Stilo and Laurentia Schreiber and Nils N. Schiborr}, title = {{Post-predicate elements in the Western Asian Transition Zone}}, subtitle = {{A corpus-based approach to areal typology}},year = {2024}, series = {Contact and Multilingualism}, number = {8}, location = {Berlin}, publisher = {Language Science Press}, options = {dataonly=true} } 
