





@Incollection{abeille:depend98,
  author = 	"Anne Abeill\'e and Dani\`ele Godard and Philip Miller and Ivan Sag",
  title = 	"{French bounded Dependencies}",
  editor = "Sergio Balari and Luca Dini",
		booktitle = "{Romance in HPSG}",
		publisher = "CSLI Publications",
		address = "Stanford",
  year = 	"1998",
  pages = 	"1--54"
}



@Incollection{abeille:composition98,
  author = 	"Anne Abeill\'e and Dani\`ele Godard and Ivan Sag",
  title = 	"{Two Kinds of Composition in French complex Predicates}",
  editor = "Andreas Kathol and Ehrard Hinrichs and Tsuneko Nakazawa",
		booktitle = "{Complex Predicates in non transformational Syntax}",
		publisher = "Academic Press",
		address = "Cambridge MA",
  year = 	"1998",
  pages = 	"1--41"
}


@Incollection{jaeger:2001b,
  author = 	" Gerhard J{\"a}ger",
  title = 	"{Anaphora and Quantification in Categorial Gramar}",
  editor = "Michael Moortgat",
		booktitle = "{ Logical Aspects of
      Computational Linguistics}",
		publisher = "Springer",
		address = "Berlin",
		year =  "2001",
		pages =  "70--90"
}


@Booklet{jaeger:2001,
 	author = 	"Gerhard J{\"a}ger",
  title = 	"{Anaphora and Ellipsis in Type Logical Grammar}",
		howpublished = "{Course notes}",
		note = "Utrecht Institute of Linguistics-OTS PhD courses",
		address = "Utrecht",
  year = 	"2001",
}



@Booklet{morrill:2000,
 	author = 	"Glyn Morril",
  title = 	"{Type-Logical Anaphora}",
		howpublished = "{Report de Recerca LSI-00-77-R}",
		note = "Departament de Llenguatges i Sistemes Inform\'{a}tics, Universitat Polit\'{e}cnica de Catalunya",
		address = "Barcelona",
  year = 	"2000"
}



@Booklet{dowty:99,
 	author = 	"David Dowty",
  title = 	"{Anaphora and Type Logical Grammar}",
		howpublished = "{ms.}",
		note = "Stanford University Linguistics Colloquium",
		address = "Stanford",
  year = 	"1995"
}


@Incollection{moortgat:96,
  author = 	"Michael Moortgat",
  title = 	"{In Situ Binding: A Modal Analysis}",
  editor = "Paul Dekker and Martin Stokhof",
		booktitle = "{Proceedings of the 10th Amsterdam Colloquium}",
		publisher = "ILLC",
		address = "Amsterdam",
  year = 	"1996",
  pages = 	"539--549"
}


@PhdThesis{hepple:90,
  author = 	"Mark Hepple",
  title = 	"{The Grammar and Processing of Order and Dependency: A Categorial Approach}",
		school = "University of Edinburgh",
		address = " Edinburgh",
  year = 	"1990"
}


@Incollection{szabol:89,
  author = 	"Anna Szabolcsi",
  title = 	"{Bound Variables in Syntax (are there any?)}",
  editor = "Renate Bartsch and Johan van Benthem and Peter van Emde Boas",
		booktitle = "{Semantics and Contextual Expressions}",
		publisher = "Foris",
		address = "Dordrecht",
  year = 	"1989",
  pages = 	"295--318"
}


@Incollection{szabol:2003,
  author = 	"Anna Szabolcsi",
  title = 	"{Binding on the Fly: Cross-Sentential Anaphora in Variable-free Semantics}",
  editor = "Geert-Jan M. Kruijff and Richard T. Oehrle",
		booktitle = "{Resource Sensitivity in Binding and Anaphora}",
		publisher = "Kluwer",
		address = "Dordrecht",
  year = 	"2003"
}



@Article{stal:context98,
  author = 	"Robert Stalnaker",
  title = 	"{On the Representation of Context}",
  journal = 	"Journal of Logic, Language and Information",
  year = 	"1998",
  volume = 	"7",
  pages = 	"3--19"
}



@Article{jacobson:paycheck2000,
  author = 	"Pauline Jacobson",
  title = 	"{Paycheck Pronouns, Bach-Peters Sentences and Variable-free Semantics}",
  journal = 	"Natural Language Semantics",
  year = 	"2000",
  volume = 	"8",
  pages = 	"77--155"
}



@Article{evans:pron80,
  author = 	"Gareth Evans",
  title = 	"{Pronouns}",
  journal = 	"Linguistic Inquiry",
  year = 	"1980",
  volume = 	"2",
  pages = 	"337--362"
}



@Article{reinhart:bound83,
  author = 	"Tanya Reinhart",
  title = 	"{Coreference and Bound Anaphora: A Restatement of the Anaphora Questions}",
  journal = 	"Linguistics and Philosophy",
  year = 	"1983",
  volume = 	"6",
  pages = 	"47--88"
}



@Incollection{richter:quant99,
  author = 	"Frank Richter and Manfred Sailer and Gerald Penn",
  title = 	"{A Formal Interpretation of Relations and Quantification in HPSG}",
  editor = "Gosse Bouma, Erhard Hinrichs, Gert-Jan Kruijff and Richard Oehrle",
		booktitle = "{Constraints and Resources in Natural Language Syntax and Semantics}",
		publisher = "CSLI Publications",
		address = "Stanford",
  year = 	"1999",
  pages = 	"281--298"
}


@Article{reyle:udrt93,
  author = 	"Uwe Reyle",
  title = 	"{Dealing with Ambiguities by Underspecification: Construction, Representation and Deduction}",
  journal = 	"Journal of Semantics",
  year = 	"1993",
  volume = 	"10",
  pages = 	"123--179"
}


@Inproceedings{mitkov:resol97,
  author = "Ruslan Mitkov",
  title = 	"{Factors in Anaphora Resolution: They are not the only Things that Matter}",
		booktitle = "{Proceedings of the ACL/EACL'97 Workshop on Operational Factors in Practical,
Robust Anaphora Resolution}",
  year = 	"1997",
  pages = 	"36--51"
}

@Article{lappin:pron94,
  author = 	"Shalom Lappin and Herbert Leass",
  title = 	"{An Algorithm for Pronominal Anaphora Resolution}",
  journal = 	"Computational Linguistics",
  year = 	"1994",
  volume = 	"20",
  pages = 	"535--561"
}

@Article{asher:resol89,
  author = 	"Nicholas Asher and Hajime Wada",
  title = 	"{A Computational Account of Syntactic, Semantic and Discourse Principles for Anaphora Resolution}",
  journal = 	"Journal of Semantics",
  year = 	"1989",
  volume = 	"6",
  pages = 	"309--344"
}


@Inproceedings{richluper:resol88,
 	author = 	"Elaine Rich and Susann LuperFoy",
  title = 	"{An Architecture for Anaphora Resolution}",
		booktitle = "{Proceedings of the 2nd Conference on Applied Natural Language Processing (ANLP'88)}",
  year = 	"1988",
  pages = 	"18--24"
}


@Inproceedings{carb:resol88,
  author = "Jaime Carbonell and Ralf Brown",
  title = 	"{Anaphora Resolution: A Multi-strategy Approach}",
		booktitle = "{Proceedings of the 12th International Conference on Computational Linguistics
(COLING'88)}",
  year = 	"1988",
  pages = 	"96--101"
}



@Article{zribi:pview89,
  author = 	"Anne Zribi-Hertz",
  title = 	"{Anaphor Binding and Narrative Point of View: English Reflexive Pronouns in Sentence and Discourse}",
  journal = 	"Language",
  year = 	"1989",
  volume = 	"65",
  pages = 	"695--727"
}


@Book{kuno:func87,
  author = 	"Susumu Kuno",
  title = 	"{Functional Syntax}",
  publisher = 	"University of Chicago Press",
  year = 	"1987",
  address = 	"Chicago"
}


@PhdThesis{golde:diss99,
  author = 	"Karin Golde",
  title = 	"{Binding Theory and Beyond}",
		school = "Ohio State University",
		address = "Columbus",
  year = 	"1999"
}


@Inproceedings{erbach:profit95,
 	author = 	"Gregor Erbach",
  title = 	"{Prolog with Features, Inheritance and Templates}",
		booktitle = "{Proceedings of the 7th European Chapter of the Association of Computational Linguistics
(EACL'95)}",
  year = 	"1995",
  pages = 	"180--187"
}

@Book{gawron:anaph90,
  author = 	"Jean Mark Gawron and Stanley Peters",
  title = 	"{Anaphora and Quantification in Situation Semantics}",
  publisher = 	"CSLI Publications",
  year = 	"1990",
  address = 	"Stanford"
}


@Article{rein:refl93,
  author = 	"Tanya Reinhart and Eric Reuland",
  title = 	"{Reflexivity}",
  journal = 	"Linguistic Inquiry",
  year = 	"1993",
  volume = 	"24",
  pages = 	"657--720"
}

@Article{poesio:ana98,
  author = 	"Massimo Poesio and Renata Vieira",
  title = 	"{A Corpus-based Investigation of Definite Description Use}",
  journal = 	"Computational Linguistics",
  year = 	"1998",
  volume = 	"24",
  pages = 	" 183--216"
}


@Inproceedings{xue:ziji94,
 	author = 	"Ping Xue and Carl Pollard and Ivan Sag",
  title = 	"{A New Perspective on Chinese {\it Ziji}}",
		booktitle = "{Proceedings of the the West Coast Conference on Formal Linguistics (WCCFL'94)}",
		publisher = "CSLI Publications",
		address = "Stanford",
  year = 	"1994"
}


@Book{polsag:hpsg87,
  author = 	"Carl Pollard and Ivan Sag",
  title = 	"{Information-based Syntax and Semantics}",
  publisher = 	"CSLI Publications",
  year = 	"1987",
  address = 	 "Stanford"
}



@Article{polsag:binding92,
  author = 	"Carl Pollard and Ivan Sag",
  title = 	"{Anaphors in English and the Scope of Binding Theory}",
  journal = 	"Linguistic Inquiry",
  year = 	"1992",
  volume = 	"23",
  pages = 	"261--303"
}



@Book{polsag:hpsg94,
  author = 	"Carl Pollard and Ivan Sag",
  title = 	"{Head-Driven Phrase Structure Grammar}",
  publisher = 	"The University of Chicago Press",
  year = 	"1994",
  address = 	 "Chicago"
}


@Incollection{manningSag:1999,
  author = 	"Chris Manning and Ivan Sag",
  title = 	"{Dissociations between Argument Structure and Grammatical Relations}",
  editor = "Gert Webelhuth and Jean-Pierre Koenig and Andreas Kathol",
		booktitle = "{Lexical and {Constructional} Aspects of Linguistic Explanation}",
		publisher = "CSLI",
		address = "Stanford",
  year = 	"1999",
  pages = 	"63--78"
}




@Incollection{wechsler:1999,
  author = 	"Stephen Wechsler",
  title = 	"{HPSG, GB, and the Balinese Bind}",
  editor = "Gert Webelhuth and Jean-Pierre Koenig and Andreas Kathol",
		booktitle = "{Lexical and {Constructional} Aspects of Linguistic Explanation}",
		publisher = "CSLI",
		address = "Stanford",
  year = 	"1999",
  pages = 	"179--196"
}



@Book{WKK99a-ed-duplicate-removed,
  address	= stanford,
  booktitle	= {Lexical and {Constructional} Aspects of Linguistic
		  Explanation},
  editor	= {Gert Webelhuth and Jean-Pierre Koenig and Andreas Kathol},
  number	= {1},
  publisher	= cslip,
  series	= {Studies in Constraint Based Lexicalism},
  title		= {Lexical and {Constructional} Aspects of Linguistic
		  Explanation},
  year		= {1999}
}




@Inproceedings{pianesi:index91,
 	author = 	"Fabio Pianesi",
  title = 	"{Indexing and Referential Dependencies within Binding Theory: a Computational Framework}",
		booktitle = "{Proceedings of the 5th Conference of the European Chapter of the Association of Computational Linguistics
(EACL'91)}",
  year = 	"1991",
  pages = 	"39--44"
}


@Inproceedings{merlo:incrm93,
  author = "Paola Merlo",
  title = 	"{For an Incremental Computation of Intra-sentential Coreference}",
		booktitle = "{Proceedings of the International Joint Conference on Artificial Intelligence (IJCAI'93)}",
  year = 	"1993",
  pages = 	"1216--1221"
}




@Inproceedings{kaplan:uncert88,
  author = "Ronald Kaplan and John Maxwell",
  title = 	"{An Algorithm for Functional Uncertainty}",
		booktitle = "{Proceedings of the 12th International Conference on Computational Linguistics
(COLING'88)}",
  year = 	"1988",
  pages = 	"297--302"
}


@Book{kamp:drt93,
  author = 	"Hans Kamp and Uwe Reyle",
  title = 	"{From Discourse to Logic: Introduction to Model-theoretic Semantics of Natural Language, Formal Logic and Discourse
Representation Theory}",
  publisher = 	"Kluwer",
  year = 	"1993",
  address = 	 "Dordrecht"
}


@Inproceedings{johnson:disc90,
 	author = 	"Mark Johnson and Ewan Klein",
  title = 	"{Discourse, Anaphora and Parsing}",
		booktitle = "{Proceedings of the 28th Annual Meeting of the Association of Computational Linguistics
(ACL'90)}",
  year = 	"1990",
  pages = 	"197--302"
}


@Booklet{johnson:bind95,
 	author = 	"Mark Johnson",
  title = 	"{Constraint-based Natural Language Parsing}",
		howpublished = "{Course notes}",
		note = "7th European Summer School in Logic, Language and Information",
		address = "Barcelona",
  year = 	"1995",
}


@Inproceedings{ingria:pron89,
 	author = 	"Robert Ingria and David Stallard",
  title = 	"{A Computational Mechanism for Pronominal Reference}",
		booktitle = "{Proceedings of the 27th Annual Meeting of the Association of Computational Linguistics
(ACL'89)}",
  year = 	"1989",
  pages = 	"262--271"
}



@Inproceedings{giorgi:bind90,
  author = "Alessandra Giorgi and Fabio Pianesi and Giorgio Satta",
  title = 	"{A Computational Approach to Binding Theory}",
		booktitle = "{Proceedings of the 13rd International Conference on Computational Linguistics
(COLING'90)}",
  year = 	"1990",
  pages = 	"1--6"
}


@Inproceedings{frank:sem95,
 	author = 	"Anette Frank and Uwe Reyle",
  title = 	"{Principle Based Semantics for HPSG}",
		booktitle = "{Proceedings of the 7th Conference of the European Chapter of the Association for Computational Linguistics
(EACL'95)}",
  year = 	"1995",
  pages = 	"9--16"
}


@Inproceedings{fong:index90,
 	author = 	"Sandiway Fong",
  title = 	"{Free Indexation: Combinatorial Analysis and a Compositional Algorithm}",
		booktitle = "{Proceedings of the 28th Annual Meeting of the Association for Computational Linguistics
(ACL'90)}",
  year = 	"1990",
  pages = 	"105--110"
}


@Book{dal:bind93,
  author = 	"Mary Dalrymple",
  title = 	"{The Syntax of Anaphoric Binding}",
  publisher = 	"CSLI Publications",
  year = 	"1993",
  address = 	 "Stanford"
}


@Inproceedings{correa:bind88,
  author = "Nelson Correa",
  title = 	"{A Binding Rule for Government-binding Parsing}",
		booktitle = "{Proceedings of the 12th International Conference on Computational Linguistics
(COLING'88)}",
  year = 	"1988",
  pages = 	"123--129"
}


@Article{higg:split83,
  author = 	"James Higginbotham",
  title = 	"{Logical Form, Binding and Nominals}",
  journal = 	"Linguistic Inquiry",
  year = 	"1983",
  volume = 	"14",
  pages = 	"395--420"
}


@Book{chom:lect81,
  author = 	"Noam Chomsky",
  title = 	"{Lectures on Government and Binding}",
  publisher = 	"Foris",
  year = 	"1981",
  address = 	"Dordrecht"
}


@Book{chom:knowledge86,
  author = 	"Noam Chomsky",
  title = 	"{Knowledge of Language}",
  publisher = 	"Praeger",
  year = 	"1986",
  address = 	"New York"
}



@Article{barker:com90,
  author = 	"Chris Barker and Geoffrey Pullum",
  title = 	"{A Theory of Command Relations}",
  journal = 	"Linguistics and Philosophy",
  year = 	"1990",
  volume = 	"13",
  pages = 	"1--34"
} 


@Book{chi:dyn95,
  author = 	"Gennaro Chierchia",
  title = 	"{Dynamics of Meaning: Anaphora, Presupposition and the Theory of Grammar}",
  publisher = 	"The University of Chicago Press",
  year = 	"1995",
  address = 	"Chicago"
}


@TechReport{back:eagles96,
  author = 	"Rolf Backofen and Tilman Becker and Jo Calder and Joanne Capstick and Luca Dini and Jochen D{\"o}rre and Gregor Erbach and Dominique Estival and Suresh Manandhar and Anne-Marie Mineur and Gertjan van Noord and Stephan Oepen and Hans Uszkoreit",
  title = 	"{Final Report of the EAGLES Formalisms Working Group}",
  institution = 	"EAGLES-Expert Advisory Group on Language Engineering Standards",
  year = 	"1996",
		address = "Luxemburg"
}

@Incollection{link:isums83,
  author = 	"Godehard Link",
  title = 	"{The Logical Analysis of Plural and Mass Terms: A Lattice-theoretical Approach}",
  editor = " Arnim von Stechow and Christoph Schwarze and Rainer B{\"a}uerle",
		booktitle = "{Meaning, Use and Interpretation of Language}",
		publisher = "Walter de Gruyter",
		address = "Berlin",
  year = 	"1983",
  pages = 	"302--323"
}


@Inproceedings{eschen:plural89,
  author = "Carole Eschenbach and Christopher Habel and Michael Herweg and Klaus Rehkaemper",
  title = 	"{Remarks on Plural Anaphora}",
		booktitle = "{Proceedings of the 27th Annual Meeting of the Association for Computational Linguistics
(ACL'89)}",
  year = 	"1989",
  pages = 	"161--167"
}



@Inproceedings{branco:branch96,
  author = "Ant\'{o}nio Branco",
  title = 	"{Branching Split Obliqueness at the Syntax-Semantics Interface}",
		booktitle = "{Proceedings of the 16th International Conference on Computational Linguistics
(COLING'96)}",
  year = 	"1996",
  pages = 	"149--156"
}


@Inproceedings{ branco:duall01,
  author = "Ant\'{o}nio Branco",
  title = 	"{Duality and Anaphora}",
		booktitle = "{Proceedings of the 13th Amsterdam Colloquium (AC'2001)}",
  year = "2001"
}


@Incollection{branco:ldrefl99-removed,
  author = 	"Ant\'{o}nio Branco and Palmira Marrafa",
  title = 	"{Long-distance Reflexives and the Binding Square of Opposition}",
  editor = "Gert Webelhuth and Jean-Pierre Koening and Andreas Kathol",
		booktitle = "{Lexical and Constructional Aspects of Linguistics Explanation}",
		publisher = "CSLI Publications",
		address = "Stanford",
  year = 	"1999",
  optchapter = 	"11",
  pages = 	"163--177"
}


@Inproceedings{brancoMarrafa:subject97,
  author = "Ant\'{o}nio Branco and Palmira Marrafa",
  title = 	"{Subject-oriented and non Subject-oriented Long-distance Anaphora: an Integrated Approach}",
		editor = "Byung-Soo Park and Jong-Bok Kim",
		booktitle = "{Proceedings of the 11th Pacific Asia Conference on Language, Information and Computation (PACLIC1997)}",
		publisher = "Kyung Hee University",
		address = "Seoul",
  year = 	"1997",
  pages = 	"21--30"
}


@Inproceedings{branco:1998-removed-wrong-page-numbers,
  author = "Ant\'onio Branco",
  title = 	"{The Logical Structure of Binding}",
		booktitle = "{Proceedings of the 17th International Conference on Computational Linguistics and 36th Annual Meeting of the Association for Computational Linguistics (COLING-ACL'98)}",
  year = 	"1998",
  pages = 	"181--187"
}


@Inproceedings{brancoDaarc:1998,
  author = "Ant\'onio Branco",
  title = 	"{Towards a Lean Constraint-based Implementation of Binding Theory}",
  editor = "Simon Botley and Tony McEnery",
		booktitle = "{New Approaches to Discourse Anaphora: Proceedings of the Second Colloquium on Discourse, Anaphora and Anaphor Resolution}",
		publisher = "Lancaster University",
		address = "Lancaster",
		volume = "11",
  year = 	"1998",
  pages = 	"54--67"
}



@PhdThesis{branco:diss99,
  author = 	"Ant\'{o}nio Branco",
  title = 	"{Reference Processing and its Universal Constraints}",
		school = "University of Lisbon",
		address = "Lisbon",
  year = 	"1999"
}

@ Book{branco:livro00,
  author = 	"Ant\'{o}nio Branco",
  title = 	"{Reference Processing and its Universal Constraints}",
  publisher = 	"Publica\c{c}\~{o}es Colibri",
  year = 	"2000",
  address = 	"Lisbon"
}


 
@Inproceedings{branco:2000,
  author = "Ant\'onio Branco",
  title = 	"{Binding Classes and Search Optimisation in Anaphor Resolution}",
  editor = "Paul Baker and Andrew Hardie and Tony McEnery and Anna Siewierska",
		booktitle = "{Proceedings of the 3rd Discourse Anaphora and Anaphor Resolution Colloquium (DAARC'2000)}",
		publisher = "Lancaster University",
		address = "Lancaster",
  year = 	"2000",
  pages = 	"125--132"
}



@Inproceedings{brancoColing:2000,
  author = "Ant\'onio Branco",
  title = 	"{Binding Constraints as Instructions of Binding Machines}",
		booktitle = "{Proceedings of the 18th International Conference on Computational Linguistics (COLING'2000)}",
  year = 	"2000",
  pages = 	"104--111"
}




@Inproceedings{branco:2001,
  author = "Ant\'onio Branco",
  title = 	"{Duality and Anaphora}",
  editor = "Robert van Roy and Martin Stokhof",
		booktitle = "{Proceedings of the 13th Amsterdam Colloquium (AC'2001)}",
		publisher = "ILLC",
		address = "Amsterdam",
  year = 	"2001",
  pages = 	"49--54"
}

 

@Article{branco:2002a,
  author = 	"Ant\'onio Branco",
  title = 	"{Binding Machines}",
  journal = 	"Computational Linguistics",
  year = 	"2002",
  volume = 	"28",
  pages = 	"1--18"
} 



@Inproceedings{branco:2002b-removed,
  author = "Ant\'onio Branco",
  title = 	"{Without an Index: a Lexicalist Account of Binding Theory}",
  editor = "Frank Van Eynde and Lars Hellan and Dorothee Beermann",
		booktitle = "{Proceedings of the 8th International on Head-Driven Phrase Structure Grammar Conference (HPSG'2001)}",
		publisher = "CSLI Publications",
		address = "Stanford",
  year = 	"2002",
  pages = 	"71--86"
}


@Inproceedings{branco:2002c,
  author = "Ant\'onio Branco",
  title = 	"{Integrating Binding Principles into Formal Grammar Processing: An HPSG Account}",
  editor = "Ant\'onio Branco, Tony McEnery and Ruslan Mitkov",
		booktitle = "{Proceedings of the 4th Discourse Anaphora and Anaphor Resolution Colloquium (DAARC'2002)}",
		publisher = "Edi\c{c}\~oes Colibri",
		address = "Lisbon",
  year = 	"2002",
  pages = 	"19--24"
}



@Inproceedings{branco:2004,
  author = "Ant\'onio Branco",
  title = 	"{Cognitive Anaphor Resolution and the Binding Principles}",
  editor = "Augusto Soares da Silva and Amadeu Torres and Miguel Gon\c{c}alves",
		booktitle = "{Linguagem, Cultura e Cogni\c{c}\~ao: Estudos de Lingu\'istica Cognitiva}",
		publisher = "Almedina",
		address = "Coimbra",
  year = 	"2004",
  pages = 	"629--640"
}

@Article{branco:2003,
  author = 	"Ant\'onio Branco",
  title = 	"{Anaphor Resolution: Is the Search Optimization Flawed?}",
  journal = 	"Psychologica",
  year = 	"2003",
  volume = 	"32",
  pages = 	"77--89"
} 


@Article{branco:2005,
  author = 	"Ant\'onio Branco",
  title = 	"{Anaphoric Constraints and Dualities in the Semantics of Nominals}",
  journal = 	"Journal of Language Logic and Information",
  year = 	"2005",
  volume = 	"2",
  pages = 	"149--171"
} 


@Inproceedings{brancoHpsg:2005,
  author = "Ant\'onio Branco",
  title = 	"{Reflexives: Escaping Exemption via Domain Reshuffling}",
  editor = "Stefan M{\"u}ller",
		booktitle = "{Proceedings of the 12th International Conference on Head-Driven Phrase Structure Grammar (HPSG2005)}",
		publisher = "CSLI Publications",
		address = "Stanford",
  year = 	"2005",
  pages = 	"467--481"
}



@Inproceedings{branco:2006,
  author = "Ant\'onio Branco",
  title = 	"{Binding Symmetries and Nominal Dualities}",
  editor = "Klaus von Heusinger and Ken Turner",
		booktitle = "{Where Semantics Meets Pragmatics}",
		publisher = "Elsevier",
		address = "Amsterdam",
		series = "Current Research in the Semantics/Pragmatics Interface Series",
		volume = "16",
  year = 	"2006",
  pages = 	"225--236"
}



@PhdThesis{breden:diss96,
  author = 	"Andrew Bredenkamp",
  title = 	"{Towards a Binding Theory for Head-driven Phrase Structure Grammar}",
		school = "University of Essex",
		address = "Essex",
  year = 	"1996"
}



@Incollection{koenig:equa99,
  author = 	"Jean-Pierre Koenig",
  title = 	"{Inside-Out Constraints and Description Languages for HPSG}",
  editor = "Gert Webelhuth and Jean-Pierre Koening and Andreas Kathol",
		booktitle = "{Lexical and Constructional Aspects of Linguistics Explanation}",
		publisher = "CSLI Publications",
		address = "Stanford",
  year = 	"1999",
  chapter = 	"17",
  pages = 	"265--280"
}



@Inproceedings{kiss:2001,
  author = "Tibor Kiss",
  title = 	"{Anaphora and Exemptness: {A} Comparative Treatment of
		  Anaphoric Binding in {German} and {English}}",
editor = "Dan Flickinger and Andreas Kathol",
		booktitle = "{Proceedings of the 7th International on Head-Driven Phrase Structure Grammar Conference (HPSG'2000)}",
		publisher = "CSLI Publications",
		address = "Stanford",
  year = 	"2001",
  pages = 	"182--197"
}



@Article{chom:bind80,
  author = 	"Noam Chomsky",
  title = 	"{On Binding}",
  journal = 	"Linguistic Inquiry",
  year = 	"1980",
  volume = 	"11",
  pages = 	"1--46"
} 



@Book{		  Jackendoff72a-u-duplicate-removed,
  address	= {Cambridge},
  author	= {Ray S. Jackendoff},
  publisher	= "MIT Press",
  title		= "{Semantic Interpretation in Generative Grammar}",
  year		= {1972}
}


@Incollection{huangTang:longdistance91,
  author = 	"C.-T. James Huang and C.-C. Jane Tang",
  title = 	"{The Local Nature of the Long-distance Reflexive in Chinese}",
  editor = "Jan Koster and Eric Reuland",
		booktitle = "{Long-Distance Anaphora}",
		publisher = "CUP",
		address = "Cambridge",
  year = 	"1991",
  pages = 	"263--282"
}


@Book{		  hellan:book88,
  address	= {Dordrecht},
  author	= {Lars Hellan},
  publisher	= "Foris",
  title		= "{Anaphora in Norwegian and the Theory of Grammar}",
  year		= {1988}
}


@Article{manziniWexler:parameters87,
  author = 	"Rita Manzini and Kenneth Wexler",
  title = 	"{Parameters, Binding Theory and Learnability}",
  journal = 	"Linguistic Inquiry",
  year = 	"1987",
  volume = 	"18",
  pages = 	"413--444"
} 


@Book{		  kosterReuland:longdistance91,
  address	= {CUP},
  editor	= {Jan Koster and Eric Reuland},
  publisher	= "Cambridge",
  title		= {Long-Distance Anaphora},
  year		= {1991}
}


@Article{iatridou:86,
  author = 	"Sabine Iatridou",
  title = 	"{An Anaphor not Bound in Its Governing Category}",
  journal = 	"Linguistic Inquiry",
  year = 	"1986",
  volume = 	"17",
  pages = 	"766--772"
} 


@Article{varlokostaHornstein:93,
  author = 	"Spyridoula Varlokosta and Norbert Hornstein",
  title = 	"{A Bound Pronoun in Modern Greek}",
  journal = 	"Natural Language and Linguistic Theory",
  year = 	"1993",
  volume = 	"11",
  pages = 	"175--195"
} 

@Incollection{kiss:2003,
  author = 	"Tibor Kiss",
  title = 	"{The Local Nature of the Long-distance Reflexive in Chinese}",
  editor = "L. Gunkel and L. M{\"u}ller and G. Zifonun",
		booktitle = "{Arbeiten zur Reflexivierung}",
		publisher = "Narr",
		address = "T{\"u}bingen",
  year = 	"1991",
  pages = 	"157--188"
}


@Inproceedings{branco:esslli2000,
  author = "Ant\'onio Branco",
  title = 	"{Specification and Verification of Binding Constraints: An Integrated Account}",

  editor = "Detmar Meurers and Shuly Wintner and Erhard Hinrichs",
		booktitle = "{Proceedings of Workshop on Linguistic Theory and Grammar Implementation}",
		publisher = "12th European Summer School in Logic, Language and Information (ESSLLI2000)",
		address = "Birmingham",
  year = 	"2000",
  pages = 	"201--218"
}


@Article{	  Sag97a-duplicate-removed,
  author	= {Ivan A. Sag},
  journal	= {Journal of Linguistics},
  number	= {2},
  pages		= {431--484},
  title		= "{English Relative Clause Constructions}",
  volume	= {33},
  year		= {1997}
}

@Book{		  dimitriadisDatabase:2005,
  address	= {University of Utrectht},
  author	= {Alexis Dimitriadis and Martin Everaert and Tanya Reinhart and Eric Reuland},
  publisher	= "http://languagelink.let.uu.nl/anatyp/",
  title		= {Anaphora Typology Database},
  year		= {2005}
}


@Article{brancoNullSubject:2007,
  author = 	"Ant\'{o}nio Branco",
  title = 	"{{Null Subjects are Reflexives, not Pronouns}}",
  journal = 	"Lecture Notes in Artificial Intelligence",
  year = 	"2007",
  volume = 	"4410",
  pages = 	"59--76",
  publisher = "Springer",
  address = "Berlin"
} 


@Incollection{Lobner1987,
  author = 	"Sebastian L{\"o}bner",
  title = 	"{Quantification as a Major Module of Natural Language Semantics}",
  editor = "Jeroen Groenendijk and Dick de Jongh and Martin Stokhof",
		booktitle = "{Studies in DRT and the Theory of Generalized Quantifiers}",
		publisher = "Foris",
		address = "Dordrecht",
  year = 	"1987",
  pages = 	"53--85"
}


@Article{Lobner1989,
  author = 	"Sebastian L{\"o}bner",
  title = 	"{{German {\em schon-erst-noch}: An Integrated Analysis}}",
  journal = 	"Linguistics and Philosophy",
  year = 	"1989",
  volume = 	"12",
  pages = 	"167--212",
} 

@Article{Lobner1999,
  author = 	"Sebastian L{\"o}bner",
  title = 	"{{Why German {\em schon} and {\em noch} are still Duals: a Reply to van der Auwera}}",
  journal =  "Linguistics and Philosophy",
  year = 	"1999",
  volume = 	"22",
  pages = 	"45--107"
} 


@Incollection{terMeulen1988,
  author = 	"Alice {ter Meulen}",
  title = 	"{The Semantic Properties of English Aspectual Verbs}",
  booktitle =  "{NELS}",
  year = 	"1988",
  volume = "21",
  publisher = "University of Massachusetts",
  address = "Amherst"
}


@Incollection{Konig1991,
  author = 	"Ekkehard Koning",
  title = 	"{Concessive Relations as the Dual of Causal Relations}",
  editor = "Dietmar Z{\"a}fferrer",
 booktitle = "{Semantic Universals and Universal Semantics}",
 publisher = "Foris",
 address = "Dordrecht",
  year = 	"1991",
  pages = 	"190--209"
}



@Incollection{Smessaert1997,
  author = 	"Hans Smessaert",
  title = 	"{Aspectual Duality Regained}",
  editor = "Paul Dekker and Martin Stokhof and Yde Venema",
		booktitle = "{Proceedings of the 11th Amsterdam Colloquium}",
		publisher = "ILLC",
		address = "Amsterdam",
  year = 	"1997",
  pages = 	"271--276"
}

@Incollection{vanBenthem1991,
  author = 	"Johan van Benthem",
  title = 	"{Linguistic Universals in Logical Semantics}",
  editor = "Dietmar Z{\"a}fferrer",
 booktitle = "{Semantic Universals and Universal Semantics}",
 publisher = "Foris",
 address = "Dordrecht",
  year = 	"1991",
  pages = 	"17--36"
}




@Incollection{Karttunen1976,
  author = 	"Lauri Karttunen",
  title = 	"{Discourse Referents}",
  editor = "James McCawley",
		booktitle = "{Syntax and Semantics 7: Notes from the Linguistic Underground}",
		publisher = "Academic Press",
		address = "New York",
  year = 	"1976",
  pages = 	"363--385"
}


@Incollection{Kamp1981,
  author = 	"Hans Kamp",
  title = 	"{A Theory of Truth and Discourse Representation}",
  editor = "Jeroen Groenendijk and Theo Janssen and Martin Stokhof",
		booktitle = "{Formal Methods in the Study of Language}",
		publisher = "Mathematical Centre",
		address = "Amsterdam",
  year = 	"1981",
  pages = 	"277--322"
}

@PhdThesis{		  Heim1982,
  author	= {Irene Heim},
  title		= {The Semantics of Definite and Indefinite Noun Phrases},
  year		= {1982},
   school = {University of Massachusetts},
     address	= {Amherst}
}


@Book{		  Seuren1985,
  address	= {Oxford},
  author	= {Peter Seuren},
  title		= "{Discourse Semantics}",
  year		= {1985},
   publisher = "Blackwell"
}


@Incollection{seeley93,
  author = 	"Daniel Seeley",
  title = 	"{Binding Plural Pronominals}",
  editor = "Katherine Beals and Gina Cooke and David Kathman and Sotaro Kita and Karl-Erik McCullough and David Testen",
		booktitle = "{CLS29: Papers from the 29th Regional Meeting of the Chicago Linguistic Society}",
		publisher = "University of Chicago",
		address = "Chicago",
  year = 	"1993",
  volume = "2",
  pages = 	"305--317"
}











