@control{biblatex-control,
  options = {2.9:0:0:1:1:1:1:0:0:1:0:2:2:1:77:+:nyt}
}
 
