% Include entries that you actually cite. Do not copy here your whole bib-file.

@incollection{Friedman1993,
  address    = {London / New York},
  author     = {Friedman, Victor A.},
  booktitle  = {{The Slavonic Languages}},
  editor     = {Comrie, Bernard and Corbett, Greville G.},
  pages      = {249-305},
  publisher  = {Routledge},
  title      = {Macedonian},
  year       = {1993},
}

@book{wals,
  address   = {Leipzig},
  editor    = {Matthew S. Dryer and Martin Haspelmath},
  publisher = {Max Planck Institute for Evolutionary Anthropology},
  title     = {{WALS} Online},
  url       = {https://wals.info/},
  year      = {2013}
}

@incollection{Rudin2021,
  author       = {Catherine Rudin},
  title        = {{Demonstratives and definiteness: Multiple 
                   determination in Balkan Slavic}},
  pages        = {305-338},
  year         = {2021},
  editor = {Blümel, Andreas and Gajić, Jovana and Geist, Ljudmila and Junghanns, Uwe and Pitsch, Hagen},
booktitle = {Advances in formal {Slavic} linguistics 2018},
  publisher    = {Language Science Press},
  series = {Open Slavic Linguistics},
number = {4},
address = {Berlin},
  doi          = {10.5281/zenodo.5483114},
}


@incollection{Topolinjska2009,
author= {Zuzanna Topolinjska},
  pages       = {176--188},
  title       = {Definiteness (synchrony)},
  publisher   = {De Gruyter Mouton},
  year        = {2009},
  editor      = {Sebastian Kempgen and Peter Kosta and Tilman Berger and Karl Gutschmidt},
  address     = {Berlin, New York},
  isbn        = {9783110214475},
  booktitle   = {Die slavischen {Sprachen} / The {Slavic} Languages},
  doi         = {doi:10.1515/9783110214475.1.3.176},
 }


@incollection{Roberts2002,
author= {Craige Roberts},
  pages       = {89--136},
  title       = {Demonstratives as definites},
  publisher   = {CSLI Press},
  year        = {2002},
  editor      = {Kees van Deemter and Roger Kibble},
  address     = {Stanford},
  booktitle   = {Information sharing: {Reference} and presupposition in language generation and interpretation},
  doi         = {},
 }

 
 @Article{Dayal2004,
  author    = {Veneeta Dayal},
  title     = {Number Marking and (In)definiteness in Kind Terms},
  journal   = {Linguistics and Philosophy},
  year      = {2004},
  volume    = {27},
  number    = {4},
  pages     = {393--450},
  doi       = {10.1023/b:ling.0000024420.80324.67},
  publisher = {Springer Nature}
}

@InCollection{Seres.Borik2021,
  author    = {Daria Seres and Olga Borik},
  title     = {{Definiteness in the absence of uniqueness: the case of Russian}},
  year      = {2021},
   editor = {Blümel, Andreas and Gajić, Jovana and Geist, Ljudmila and Junghanns, Uwe and Pitsch, Hagen},
booktitle = {Advances in formal {Slavic} linguistics 2018},
  publisher    = {Language Science Press},
  series = {Open Slavic Linguistics},
number = {4},
pages = {339--363},
address = {Berlin},
doi = {10.5281/zenodo.5155544}
}


@Article{Bremmers.et.al2021,
  author    = {David Bremmers and Jianan Liu and Martijn van der Klis and Bert Le Bruyn},
  title     = {Translation mining: {Definiteness} across languages ({A} Reply to {Jenks} 2018)},
  journal   = {Linguistic Inquiry},
  year      = {2021},
  volume    = {53},
  number    = {4},
  pages     = {735–752},
  doi = {10.1162/ling_a_00423}
  }


@Article{LeBruyn.et.al2022a,
  author         = {Le Bruyn, Bert and Fuchs, Martín and van der Klis, Martijn and Liu, Jianan and Mo, Chou and Tellings, Jos and de Swart, Henriëtte},
  title          = {Parallel Corpus Research and Target Language Representativeness: {The} Contrastive, Typological, and Translation Mining Traditions},
  journal        = {Languages},
  year           = {2022},
  number         = {3},
pages = {176},
  issn           = {2226-471X},
  doi            = {10.3390/languages7030176},
}


@misc{LeBruyn.deSwart2022,
author={Le Bruyn, Bert and de Swart, Henriëtte},
title={Cross-linguistic semantics: {Methodological} advances},
year={2022},
howpublished={Course materials, ESSLLI},
url={shorturl.at/doqV6},
}


@Book{Tomić2006,
  title     = {Balkan {Sprachbund} Morpho-Syntactic Features},
  publisher = {Springer Netherlands},
  year      = {2006},
  author    = {Tomi{\'{c}}, Olga Mi{\v{s}}eska},
  address   = {Dordrecht},
  publisher= {Springer},
  doi       = {10.1007/1-4020-4488-7},
}

@Book{Lyons1999,
  title     = {Definiteness},
  publisher = {Cambridge University Press},
  year      = {1999},
  author    = {Christopher Lyons},
  address   = {Cambridge},
  doi       = {https://doi.org/10.1017/CBO9780511605789},
}

@incollection{Weiss2004,
title = {The rise of an indefinite article: {The} case of {Macedonian} \textit{eden}},
booktitle = {What makes Grammaticalization? {A} Look from its Fringes and its Components},
author = {Daniel Weiss},
editor = {Walter Bisang and Nikolaus P. Himmelmann and Björn Wiemer},
publisher = {De Gruyter Mouton},
address = {Berlin, New York},
pages = {139--168},
doi = {doi:10.1515/9783110197440.2.139},
year = {2004},
}

@Article{Chierchia1998,
  author    = {Gennaro Chierchia},
  title     = {Reference to kinds across languages},
  journal   = {Natural Language Semantics},
  year      = {1998},
  volume    = {6},
  number    = {4},
  pages     = {339-405},
  doi       = {10.1023/a:1008324218506}
}



@incollection{Bouma2009,
  title={Normalized (pointwise) mutual information in collocation extraction},
  author={Gerlof J. Bouma},
  year={2009},
  booktitle={{Proceedings of the Biennial International Conference of the German Society for CLLT}},
editor={Christian Chiarcos and  Richard Eckart de Castilho and Manfred Stede},
address={Tübingen},
publisher={Gunter Narr Verlag},
pages={31--40}
}

@incollection{Dayal2018,
title = {{(In)definiteness} without articles: {Diagnosis}, analysis, implications},
booktitle = {Trends in {Hindi} Linguistics},
author = {Veneeta Dayal},
editor = {Ghanshyam Sharma and Rajesh Bhatt},
publisher = {De Gruyter Mouton},
address = {Berlin, Boston},
pages = {1--26},
doi = {10.1515/9783110610796-001},
isbn = {9783110610796},
year = {2018},
}

@incollection{Ionin2013,
title = {Pragmatic variation among specificity markers},
booktitle = {Different Kinds of Specificity Across Languages},
author = {Tania Ionin},
editor = {Cornelia Ebert and Stefan Hinterwimmer},
publisher = {Springer},
address = {Dordrecht},
pages = {75--103},
doi = {10.1007/978-94-007-5310-5_4},
isbn = {},
year = {2013},
}

@Book{Svedova1980,
  author     = {Švedova, {Natalija J.}},
  title      = {Russkaja grammatika},
  year       = {1980},
  publisher  = {Nauka},
  address    = {Moskva},
  sortname = {Svedova, Natalija},
}

@Article{Geist2010,
  author    = {Ljudmila Geist},
  title     = {Bare singular {NPs} in argument positions: {R}estrictions on indefiniteness},
  journal   = {International Review of Pragmatics},
  year      = {2010},
  volume    = {2},
  number    = {2},
  pages     = {191-227},
  doi       = {10.1163/187731010x528340}
}


@article{DayalSag2020,
author = {Dayal, Veneeta and Sa\u{g}, Ya\u{g}mur},
title = {Determiners and Bare Nouns},
journal = {Annual Review of Linguistics},
volume = {6},
number = {1},
pages = {173-194},
year = {2020},
doi = {10.1146/annurev-linguistics-011718-011958},
}

@InCollection{Krifka2003,
  author  = {Manfred Krifka},
  title   = {{Bare NPs}: {Kind}-Referring, Indefinites, Both, or Neither?},
  booktitle = {{Proceedings of SALT 13}},
  year    = {2003},
editor  = {Robert B. Young and Yuping Zhou},
  pages   = {180-203},
  doi={https://doi.org/10.3765/salt.v13i0.2880}
}

@book{Heine1997,
    title       = {Cognitive Foundations of Grammar},
    author      = {Heine, Bernd},
    year        = {1997},
    address     = {Oxford},
    publisher   = {Oxford University Press},
    doi         = {10.1093/oso/9780195102512.001.0001},
}


@book{Gelderen2011,
    author={van Gelderen, Elly},
    title={The Linguistic Cycle: {Language} Change and the Language Faculty},
    year={2011},
    doi={10.1093/acprof:oso/9780199756056.001.0001},
    address={New York},
    publisher={Oxford University Press}
}

@InProceedings{Geist2013,
    author={Geist, Ljudmila},
    title={{Bulgarian \textit{edin}: The rise of an indefinite article}},
    booktitle={{Formal
Description of Slavic Languages: The Ninth Conference. Proceedings of FDSL 9, Göttingen 2011}}, 
    editor={Uwe Junghanns and Do\-ro\-thee Fehrmann and Denisa Lenertová and Hagen Pitsch},
    address={Frankfurt am Main},
    publisher={Peter Lang},
    year={2013},
    pages={125-148},
}

@InProceedings{boskovic08,
    author={Bo\v{s}kovi\'{c}, Zeljko},
    title={What will you have, {DP} or {NP}?},
    booktitle={Proceedings of {NELS} 37}, 
    editor={Emily Elfner and Martin Walkow},
    address={University of Illinois Urbana-Champaign},
    publisher={},
    year={2008},
    pages={101-114},
}



@Article{Elbourne2008,
  author    = {Paul D. Elbourne},
  title     = {Demonstratives as individual concepts},
  journal   = {Linguistics and Philosophy},
  year      = {2008},
  volume    = {31},
  number    = {4},
  pages     = {409-466},
  doi       = {10.1007/s10988-008-9043-0}
}



@article{Hwaszcz.Kedzierska2018,
author = {Hwaszcz, Krzysztof and Kędzierska, Hanna},
year = {2018},
pages = {93-121},
title = {The Rise of an Indefinite Article in {Polish}: {An} Appraisal of Its Grammaticalisation Stage ({Part} 1)},
journal={Studies in Polish Linguistics},
volume={13},
issue={2},
doi = {10.4467/23005920SPL.18.005.8744}
}

@article{Givon1981,
title = {On the development of the numeral \lq one' as an indefinite marker},
author = {Talmy Givón},
pages = {35--54},
volume = {15},
number = {2-1},
journal = {Folia Linguistica Historica},
doi = {doi:10.1515/flih.1981.2.1.35},
year = {1981},
}


@incollection{Li2021,
  author       = {Xuping Li},
  publisher = {Oxford University Press},
address = {Oxford},
  title        = {{The Semantics of Chinese Noun Phrases}},
  year         = {2021},
  url          = {https://oxfordre.com/linguistics/view/10.1093/acrefore/9780199384655.001.0001/acrefore-9780199384655-e-886},
booktitle={{Oxford Research Encyclopedias: Linguistics}}
}


 


@incollection{Liuetal2022,
author={Jianan Liu and Shravani Patil and Daria Seres and Olga Borik and Bert Le Bruyn},
title={\lq Articleless' languages are not created equal},
year={2023},
DOI={10.18148/sub/2023.v27.1076},
pages={381--398}, 
editor={Maria Onoeva and Anna Sta\v{n}ková and Radek Šimík},
booktitle={Proceedings of {Sinn und Bedeutung} 27},
}

@phdthesis{Condoravdi1994,
author={Cleo Condoravdi},
title={Descriptions in Context},
year={1994},
school={Yale University},
address = {New Haven, CT},
}

@Article{Fuchs.Gonzales2022,
AUTHOR = {Fuchs, Martín and González, Paz},
TITLE = {Perfect-Perfective Variation across {Spanish} Dialects: {A} Parallel-Corpus Study},
JOURNAL = {Languages},
VOLUME = {7},
YEAR = {2022},
NUMBER = {3},
pages = {166},
DOI = {10.3390/languages7030166}
}

@Article{Gehrke2022,
AUTHOR = {Gehrke, Berit},
TITLE = {Differences between {Russian} and {Czech} in the Use of {Aspect} in narrative discourse and factual contexts},
JOURNAL = {Languages},
VOLUME = {7},
YEAR = {2022},
NUMBER = {2},
pages = {155},
DOI = {10.3390/languages7020155}
}

@PhDThesis{Mo2022,
author={Mo, Chou},
title={The Compositionality of {Mandarin Aspect}: A Parallel Corpus Study},
school    = {University Utrecht},
address = {Utrecht},
  year      = {2022},
  url = {https://www.lotpublications.nl/Documents/628_fulltext.pdf}
}

@Article{Mulder.et.al2022,
AUTHOR = {Gijs Mulder and Gert-Jan Schoenmakers and Olaf Hoenselaar and Helen de Hoop },
TITLE = {Tense and aspect in
a {Spanish} literary work and its translations},
JOURNAL = {Languages},
VOLUME = {7},
YEAR = {2022},
NUMBER = {3},
pages = {217},
DOI = {https://doi.org/10.3390/languages7030217}
}

@incollection{deSwart2020,
author= {de Swart, Henriëtte},
title={Double negation readings},
booktitle={The {Oxford} Handbook of Negation},
editor={Viviane Déprez and M. Te\-re\-sa Espinal},
year={2020},
address = {Oxford},
publisher={Oxford University Press},
pages={479--496},
doi={https://doi.org/10.1093/oxfordhb/9780198830528.013.26}
}


@incollection{Dryer2005,
author= {Dryer, Matthew},
title={Definite articles},
booktitle={The world atlas of language structures},
editor={Martin Haspelmath and Matthew S. Dryer and David Gil and Bernard Comrie},
year={2005},
publisher={Oxford University Press},
address = {Oxford},
pages={154–157},
doi={}
}

@article{Molinari2022,
    author ={Molinari, Luca} ,
    title = {The Syntax of {Polish} \textit{jeden} `One' as an Indefinite Determiner} ,
    journal = {Annali di Ca' Foscari. Serie occidentale} ,
    year = {2022},
volume= {56},
pages= {63--84},
doi={http://doi.org/10.30687/AnnOc/2499-1562/2022/10/004}

}


@incollection{Barker05,
title = "Possessive weak definites.",
author = "Christian Barker",
year = "2005",
language = "English (US)",
pages = "89--113",
editor = "Kim and Ji-yung and Lander and Yury and Partee and H. Barbara",
booktitle = "Possessives and Beyond: Semantics and Syntax.",
publisher = "GLSA Publications",
address = {Amherst, MA},
}
