@incollection{Chomsky1970,
	Address = {Waltham, Mass.},
	Author = {Chomsky, Noam},
	Booktitle = {Readings in English Transformational Grammar},
	Class = {synt-x gb substantiv nominalisierung},
	Editor = {Jacobs, R. and Rosenbaum, P.},
	Publisher = {Ginn \& Co.},
	Title = {Remarks on Nominalization},
	Year = {1970}}


@incollection{Botha:1981,
	Address = {Dordrecht},
	Author = {Rudolf Botha},
	Booktitle = {The scope of lexical rules},
	Editor = {Michael Moortgat and Harry van der Hulst and Teun Hoekstra},
	Pages = {1-77},
	Publisher = {Foris},
	Title = {A base rule theory of {Afrikaans} synthetic compounds},
	Year = 1981}

 

@book{GokselKerslake2005,
	Address = {London and New York},
	Author = {Göksel, Aslı and Kerslake, Celia},
	Date-Added = {2016-08-22 08:29:45 +0000},
	Date-Modified = {2016-08-22 08:35:20 +0000},
	Publisher = {Routledge},
	Title = {Turkish: {A} Comprehensive Grammar},
	Year = {2005}}

@book{vanGelderen2011,
	Address = {NY, USA},
	Author = {van Gelderen, Elly},
	Date-Added = {2016-08-06 16:23:44 +0000},
	Date-Modified = {2016-08-06 16:23:44 +0000},
	Publisher = {Oxford University Press},
	Title = {The Linguistic Cycle. {L}anguage Change and Language Faculty},
	Year = {2011},
	Bdsk-File-1 = {YnBsaXN0MDDUAQIDBAUGJCVYJHZlcnNpb25YJG9iamVjdHNZJGFyY2hpdmVyVCR0b3ASAAGGoKgHCBMUFRYaIVUkbnVsbNMJCgsMDxJXTlMua2V5c1pOUy5vYmplY3RzViRjbGFzc6INDoACgAOiEBGABIAFgAdccmVsYXRpdmVQYXRoWWFsaWFzRGF0YV8QJC4uLy4uLy4uL1BhcGVycy92YW5HZWxkZXJlbl8yMDExLnBkZtIXCxgZV05TLmRhdGFPEQG2AAAAAAG2AAIAAAxNYWNpbnRvc2ggSEQAAAAAAAAAAAAAAAAAAADNZRjqSCsAAAAJJQQUdmFuR2VsZGVyZW5fMjAxMS5wZGYAAAAAAAAAAAAAAAAAAAAAAAAAAAAAAAAAAAAAAAAAAAAAAAAAAAAAAAAAALP+CNC1angAAAAAAAAAAAADAAIAAAkgAAAAAAAAAAAAAAAAAAAABlBhcGVycwAQAAgAAM1lCtoAAAARAAgAANC1XGgAAAABABAACSUEAAXD/gAFw/0AAhDpAAIAS01hY2ludG9zaCBIRDpVc2VyczoAbWV0aW5iYWdyaWFjaWs6AERvY3VtZW50czoAUGFwZXJzOgB2YW5HZWxkZXJlbl8yMDExLnBkZgAADgAqABQAdgBhAG4ARwBlAGwAZABlAHIAZQBuAF8AMgAwADEAMQAuAHAAZABmAA8AGgAMAE0AYQBjAGkAbgB0AG8AcwBoACAASABEABIAOlVzZXJzL21ldGluYmFncmlhY2lrL0RvY3VtZW50cy9QYXBlcnMvdmFuR2VsZGVyZW5fMjAxMS5wZGYAEwABLwAAFQACABX//wAAgAbSGxwdHlokY2xhc3NuYW1lWCRjbGFzc2VzXU5TTXV0YWJsZURhdGGjHR8gVk5TRGF0YVhOU09iamVjdNIbHCIjXE5TRGljdGlvbmFyeaIiIF8QD05TS2V5ZWRBcmNoaXZlctEmJ1Ryb290gAEACAARABoAIwAtADIANwBAAEYATQBVAGAAZwBqAGwAbgBxAHMAdQB3AIQAjgC1ALoAwgJ8An4CgwKOApcCpQKpArACuQK+AssCzgLgAuMC6AAAAAAAAAIBAAAAAAAAACgAAAAAAAAAAAAAAAAAAALq}}

@article{vonHeusingeretal2011,
	Author = {von Heusinger, Klaus and Klein, Udo and Guntsetseg, Dolgor},
	Date-Added = {2016-08-06 16:23:44 +0000},
	Date-Modified = {2016-08-06 16:23:44 +0000},
	Journal = {Lingua},
	Pages = {48--59},
	Title = {The case of accusative embedded subjects in {M}ongolian},
	Volume = {121},
	Year = {2011}}

@article{Wardetal1991,
	Author = {Ward, Gregory and Sproat, Richard and McKoon, Gail},
	Date-Added = {2016-08-06 16:23:44 +0000},
	Date-Modified = {2016-08-06 16:23:44 +0000},
	Journal = {Language},
	Pages = {439--472},
	Title = {A Pragmatic Analysis of so-called anaphoric islands},
	Volume = {67},
	Year = {1991}}

@manual{Xenofanis,
	Address = {Athens: Paraskeva Leoni},
	Author = {Xenofanis},
	Date-Added = {2016-08-06 16:23:44 +0000},
	Date-Modified = {2016-08-06 16:23:44 +0000},
	Title = {Xenofanís, Síngramma periodhikón tu Sillógou {M}ikrasiatón, ``{A}natolís'' [{X}enophanes, Collection of the Magazine ``{A}natoli'' of the Society of {A}sia {M}inor {G}reeks], vol I, II--VII},
	Year = {1896, 1905--1910}}

@incollection{Yukseker1998,
	Address = {Wiesbaden},
	Author = {Yükseker, Hitay},
	Booktitle = {The {M}ainz Meeting: Proceedings of the 7th International Conference of {T}urkish Linguistics},
	Date-Added = {2016-08-06 16:23:44 +0000},
	Date-Modified = {2016-08-06 16:23:44 +0000},
	Editor = {Johanson, Lars and \'{C}sató , Éva Ágnes and Locke, Vanessa and Menz, Astrid and Winterling, Dorothea},
	Owner = {mjanse},
	Pages = {458--477},
	Publisher = {Harrassowitz Verlag},
	Timestamp = {2012.10.06},
	Title = {Possessive Constructions in {T}urkish},
	Year = {1998}}

@phdthesis{Uygun2009,
	Address = {Istanbul},
	Author = {Uygun, Dilek},
	Date-Added = {2016-08-06 16:22:55 +0000},
	Date-Modified = {2016-08-06 16:22:55 +0000},
	School = {Boğaziçi University},
	Title = {A Split-Model for Category Specification. {L}excial Categories in {T}urkish},
	Year = {2009}}



@incollection{Svantesson2003,
	Address = {London and New York},
	Author = {Svantesson, Jan-Olof},
	Booktitle = {The {M}ongolic Languages},
	Date-Added = {2016-08-06 16:21:58 +0000},
	Date-Modified = {2016-08-06 16:21:58 +0000},
	Editor = {Janhunnen, Juha},
	Pages = {154--176},
	Publisher = {Routledge},
	Title = {Khalka},
	Year = {2003}}

@phdthesis{Tat2013,
	Address = {Tucson},
	Author = {Tat, Deniz},
	Date-Added = {2016-08-06 16:21:58 +0000},
	Date-Modified = {2016-08-06 16:21:58 +0000},
	School = {University of Arizona},
	Title = {Word Syntax of Nominal Compounds: {I}nternal and Aphasiological Evidence from {T}urkish},
	Year = {2013}}

@article{Theodoridis1960,
	Author = {Theodoridis, Theodoros},
	Date-Added = {2016-08-06 16:21:58 +0000},
	Date-Modified = {2016-08-06 16:21:58 +0000},
	Journal = {Laografia: {D}eltion tis {E}llinikis {L}aografikis Etaireias},
	Pages = {221--263},
	Title = {Pharasiotikes paradosis, mithi kai paramithia [{P}harasiot Customs, myths and Stories]},
	Volume = {19},
	Year = {1960}}

@article{Theodoridis1964,
	Author = {Theodoridis, Theodoros},
	Date-Added = {2016-08-06 16:21:58 +0000},
	Date-Modified = {2016-08-06 16:21:58 +0000},
	Journal = {Laografia: {D}eltion tis {E}llinikis {L}aografikis Etaireias},
	Pages = {209--336},
	Title = {Pharasiotikes paradosis, mithi kai paramithia 2 [{P}harasiot Customs, myths and Stories 2]},
	Volume = {21},
	Year = {1964}}

@unpublished{Theodoridis1966,
	Author = {Theodoridis, Theodoros},
	Date-Added = {2016-08-06 16:21:58 +0000},
	Date-Modified = {2016-08-06 16:21:58 +0000},
	Note = {Unpublished {M}anuscript, deposited at the {C}enter of {A}sia {M}inor {S}tudies, {A}thens},
	Title = {Pharasiotikos istorikos dialogos [{A} historical dialogue in {P}harasiot]},
	Year = {1966}}

@incollection{Thomasonforth,
	Author = {Thomason, Sarah},
	Booktitle = {A Festschrift for Terry Kaufman},
	Date-Added = {2016-08-06 16:21:58 +0000},
	Date-Modified = {2016-08-06 16:21:58 +0000},
	Editor = {Zavala, Roberto and Smith-Stark, Thomas},
	Title = {Can rules be borrowed?},
	Year = {forthcoming}}

@incollection{Sproat1988a,
	Address = {San Diego},
	Author = {Sproat, Richard},
	Booktitle = {Theoretical Morphology: {A}pproaches in Modern Linguistics},
	Date-Added = {2016-08-06 16:21:01 +0000},
	Date-Modified = {2016-08-06 16:21:01 +0000},
	Editor = {Hammond, Michael and Noonan, Michael},
	Pages = {291--301},
	Publisher = {Academic Press},
	Title = {On Anaphoric Islanhood},
	Year = {1988}}

@article{RalliKarasimos2009,
	Author = {Ralli, Angela and Karasimos, Athanasios},
	Date-Added = {2016-08-06 16:20:40 +0000},
	Date-Modified = {2016-08-06 16:20:40 +0000},
	Journal = {Gengo Kenkyu},
	Pages = {29--48},
	Title = {The bare-stem constraint in {G}reek compound formation},
	Volume = {135},
	Year = {2009}}

@article{RalliRaftopoulou1999,
	Author = {Ralli, Angela and Raftopoulou, Maria},
	Date-Added = {2016-08-06 16:20:40 +0000},
	Date-Modified = {2016-08-06 16:20:40 +0000},
	Journal = {Studies in Greek Linguistics},
	Pages = {389--403},
	Title = {I sinthesi os diachroniko fenomeno schimatizmu lekseon [{C}ompounding as a diachronic word-formation process]},
	Volume = {19},
	Year = {1999}}

@book{Sarantidis1899,
	Address = {Athinai},
	Author = {Sarantidis, Archelaos I.},
	Date-Added = {2016-08-06 16:20:40 +0000},
	Date-Modified = {2016-08-06 16:20:40 +0000},
	Publisher = {Tipografeion Ioannou Nikolaïdou},
	Title = {I {S}inasos [{S}inasos]},
	Year = {1899}}

@incollection{ScaliseBisetto2009,
	Address = {Oxford},
	Author = {Scalise, Sergio and Bisetto, Antonietta},
	Booktitle = {The Handbook of Compounding},
	Date-Added = {2016-08-06 16:20:40 +0000},
	Date-Modified = {2016-08-06 16:20:40 +0000},
	Editor = {Lieber, Rochelle and Štekauer, Pavol},
	Pages = {34--53},
	Publisher = {Oxford University Press},
	Title = {The Classification of Compounds},
	Year = {2009}}

@book{ScaliseMassini2012,
	Date-Added = {2016-08-06 16:20:40 +0000},
	Date-Modified = {2016-08-06 16:20:40 +0000},
	Editor = {Scalise, Sergio and Massini, Francesca},
	Title = {Special Issue on {R}omance Compounds. {P}robus},
	Volume = {24},
	Year = {2012}}


@incollection{Schaaik1992,
	Address = {Amsterdam},
	Author = {van Schaaik, Gerjan},
	Booktitle = {Layered Structure and Reference in a Functional Perspective},
	Date-Added = {2016-08-06 16:20:40 +0000},
	Date-Modified = {2016-08-06 16:20:40 +0000},
	Editor = {Foretscue, Michael and Harder, Peter and Kristoffersen, Lars},
	Owner = {mjanse},
	Pages = {231--252},
	Publisher = {John Benjamins},
	Timestamp = {2012.10.06},
	Title = {The Treatment of {T}urkish Compounds in {F}{G}},
	Year = {1992}}

@book{Schaaik2002,
	Address = {Wiesbaden},
	Author = {van Schaaik, Gerjan},
	Date-Added = {2016-08-06 16:20:40 +0000},
	Date-Modified = {2016-08-06 16:20:40 +0000},
	Owner = {mjanse},
	Publisher = {Harrassowitz},
	Timestamp = {2012.10.06},
	Title = {The Noun in {T}urkish: Its Argument Structure and the Compounding Straitjacket},
	Year = {2002}}

@book{Schroeder1999,
	Address = {Wiesbaden},
	Author = {Schroeder, Christoph},
	Date-Added = {2016-08-06 16:20:40 +0000},
	Date-Modified = {2016-08-06 16:20:40 +0000},
	Owner = {mjanse},
	Publisher = {Harrassowitz Verlag},
	Timestamp = {2012.10.06},
	Title = {The {T}urkish Nominal Phrase in Spoken Discourse},
	Year = {1999}}

@article{Seifart2015a,
	Author = {Seifart, Frank},
	Date-Added = {2016-08-06 16:20:40 +0000},
	Date-Modified = {2016-08-06 16:20:40 +0000},
	Journal = {Language Dynamics and Change},
	Number = {1},
	Pages = {99--113},
	Title = {Does Structural-Typological Similarity Affect Borrowability?},
	Volume = {5},
	Year = {2015}}

@article{Seifart2015b,
	Author = {Seifart, Frank},
	Date-Added = {2016-08-06 16:20:40 +0000},
	Date-Modified = {2016-08-06 16:20:40 +0000},
	Journal = {Language},
	Number = {3},
	Pages = {92--113},
	Title = {Direct and Indirect Affix Borrowing},
	Volume = {91},
	Year = {2015}}

@book{Lagarde1886,
	Address = {Göttingen},
	Author = {de Lagarde, Paul},
	Date-Added = {2016-08-06 16:18:53 +0000},
	Date-Modified = {2016-08-06 16:18:53 +0000},
	Publisher = {Eieterichsche Verlags-Buchhandlung},
	Title = {Neu{G}riechisches aus {K}lein {A}sien},
	Year = {1886}}

@book{LepschyTosi2006,
	Address = {Oxford},
	Date-Added = {2016-08-06 16:18:53 +0000},
	Date-Modified = {2016-08-06 16:18:53 +0000},
	Editor = {Lepschy, Anna Laura and Tosi, Arturo},
	Publisher = {Legenda},
	Title = {Rethinking Languages in Contact: {T}he Case of {I}talian},
	Year = {2006}}

@unpublished{Levidis1892,
	Author = {Levidis, Anastasios},
	Date-Added = {2016-08-06 16:18:53 +0000},
	Date-Modified = {2016-08-06 16:18:53 +0000},
	Note = {Manuscript deposited at Centre of Asia Minor Greek Studies (partly published)},
	Title = {Pragmateía perí tis en {K}appadokía laluménis glóssis ipó {A}nastasíu {M}. {L}evídu metá ton dimodón asmáton, enigmáton, parimíon, efxón, katarón, orkón, kiríon onomáton, mithón, asmáton meseonikón, grammatikís, ke glossaríon októ, ke simióseon [{A} treatise by {A}.{M} {L}evidis on the language spoken in {C}appadocia, with vernacular songs, riddles, wishes, curses, oaths, proper names, fables, medieval songs, grammar and glossary, and notes]},
	Year = {1892}}

@book{Lewis1967,
	Address = {Oxford},
	Author = {Lewis, Geoffrey L.},
	Date-Added = {2016-08-06 16:18:53 +0000},
	Date-Modified = {2016-08-06 16:18:53 +0000},
	Owner = {mjanse},
	Publisher = {OUP},
	Timestamp = {2012.10.05},
	Title = {{T}urkish Grammar},
	Year = {1967}}

@article{Lohndal2013,
	Author = {Lohndal, Terje},
	Date-Added = {2016-08-06 16:18:53 +0000},
	Date-Modified = {2016-08-06 16:18:53 +0000},
	Journal = {Theoretical Linguistics},
	Pages = {215--224},
	Title = {Generative Grammar and Language Mixing},
	Volume = {39},
	Year = {2013}}

@article{Lucas2012,
	Author = {Lucas, Christopher},
	Date-Added = {2016-08-06 16:18:53 +0000},
	Date-Modified = {2016-08-06 16:18:53 +0000},
	Journal = {Diachronica},
	Pages = {275--300},
	Title = {Contact-induced Grammatical Change: {T}owards and Explicit Account},
	Volume = {29},
	Year = {2012}}

@incollection{NesporRalli1994,
	Address = {Amsterdam/Philadelphia},
	Author = {Nespor, Marina and Ralli, Angela},
	Booktitle = {Themes in {G}reek linguistics. {P}apers from the 1st international conference on {G}reek linguistics},
	Date-Added = {2016-08-06 16:18:53 +0000},
	Date-Modified = {2016-08-06 16:18:53 +0000},
	Editor = {Philippaki-Warburton, Irene and Nicolaidis, Katerina and Sifianou, Maria},
	Pages = {201--208},
	Publisher = {John Benjamins},
	Title = {Stress domains in {G}reek compounds: {A} case of morphology-phonology interaction},
	Year = {1994}}

@article{NesporRalli1996,
	Author = {Nespor, Marina and Ralli, Angela},
	Date-Added = {2016-08-06 16:18:53 +0000},
	Date-Modified = {2016-08-06 16:18:53 +0000},
	Journal = {The Linguistic Review},
	Pages = {357--382},
	Title = {Morphology-Phonology interface: {P}honological domains in {G}reek compounds},
	Volume = {13},
	Year = {1996}}

@incollection{Ozsoy2004,
	Address = {Harvard},
	Author = {Özsoy, Sumru},
	Booktitle = {Kaf {D}ağı'nın Ötesine Varmak. {G}ünay {K}ut Armağanı},
	Date-Added = {2016-08-06 16:18:53 +0000},
	Date-Modified = {2016-08-06 16:18:53 +0000},
	Pages = {247--256},
	Publisher = {Harvard University Press},
	Series = {Journal of Turkish Studies/Türklük Bilgisi Araştırmaları (28)},
	Title = {Dışişleri eski bakanı ve {T}ürkçe'nin yeni yapısı},
	Volume = {3},
	Year = {2004}}

@book{Papadopoulos1961,
	Address = {Athens},
	Author = {Papadopoulos, Anthimos A.},
	Date-Added = {2016-08-06 16:18:53 +0000},
	Date-Modified = {2016-08-06 16:18:53 +0000},
	Publisher = {Mirtidis},
	Title = {Istorikon leksikon tis ellinikis tis pontikis dialektou [Historical dictionary of {P}ontic {G}reek], vol. 1--2},
	Year = {1961}}

@book{Papastefanou2012,
	Address = {Geneva},
	Author = {Papastefanou, Georgios and Karakelidou, Androniki},
	Date-Added = {2016-08-06 16:18:53 +0000},
	Date-Modified = {2016-08-06 16:18:53 +0000},
	Publisher = {no-info},
	Title = {I Chameni ghlossa. {V}arasotiko-elliniko leksiko [{T}he lost language. {P}harasiot-{M}odern {G}reek Dictionary]},
	Year = {2012}}

@incollection{Postal1969,
	Address = {Chicago},
	Author = {Postal, Paul},
	Booktitle = {Proceedings of the 5th Regional Meeting of the {C}hicago Linguistic Society},
	Date-Added = {2016-08-06 16:18:53 +0000},
	Date-Modified = {2016-08-06 16:18:53 +0000},
	Owner = {mjanse},
	Pages = {205--239},
	Publisher = {CLS},
	Timestamp = {2012.10.06},
	Title = {Anaphoric Islands},
	Year = {1969}}

@phdthesis{Ralli1988,
	Address = {Quebec},
	Author = {Ralli, Angela},
	Date-Added = {2016-08-06 16:18:53 +0000},
	Date-Modified = {2016-08-06 16:18:53 +0000},
	School = {Université de Montréal},
	Title = {Eléments de la linguistique du grec modern: la structure du verbe},
	Year = {1988}}

@article{Ralli2000,
	Author = {Ralli, Angela},
	Date-Added = {2016-08-06 16:18:53 +0000},
	Date-Modified = {2016-08-06 16:18:53 +0000},
	Journal = {Glossologia},
	Pages = {201--207},
	Title = {A Feature-based Analysis of {G}reek Nominal Inflection},
	Volume = {11/12},
	Year = {2000}}

@book{Ralli2005,
	Address = {Athens},
	Author = {Ralli, Angela},
	Date-Added = {2016-08-06 16:18:53 +0000},
	Date-Modified = {2016-08-06 16:18:53 +0000},
	Publisher = {Patakis},
	Title = {Morfologia [Morphology]},
	Year = {2005}}

@book{Ralli2007,
	Address = {Athens},
	Author = {Ralli, Angela},
	Date-Added = {2016-08-06 16:18:53 +0000},
	Date-Modified = {2016-08-06 16:18:53 +0000},
	Publisher = {Patakis},
	Title = {I Sinthesi Lekseon: {D}iaglossiki Morfologiki Prosengisi [{T}he composition of words: {A} cross-linguistic morphological approach]},
	Year = {2007}}

@article{Ralli2008,
	Author = {Ralli, Angela},
	Date-Added = {2016-08-06 16:18:53 +0000},
	Date-Modified = {2016-08-06 16:18:53 +0000},
	Journal = {STUF--Language Typology and Universals},
	Pages = {19--38},
	Title = {Compound markers and parametric variation},
	Volume = {61},
	Year = {2008}}

@book{Ralli2013moderngreek,
	Address = {Dordrecht},
	Author = {Ralli, Angela},
	Date-Added = {2016-08-06 16:18:53 +0000},
	Date-Modified = {2016-08-06 16:18:53 +0000},
	Publisher = {Springer},
	Series = {Studies in Morphology},
	Title = {Compounding in {M}odern {G}reek},
	Volume = {2},
	Year = {2013}}

@article{Ralli2013locus,
	Author = {Ralli, Angela},
	Date-Added = {2016-08-06 16:18:53 +0000},
	Date-Modified = {2016-08-06 16:18:53 +0000},
	Journal = {Word Structure},
	Pages = {181--200},
	Title = {Compounding and Its Locus of Realization: {E}vidence from {G}reek and {T}urkish},
	Volume = {6},
	Year = {2013}}

@unpublished{Ralli2014,
	Author = {Ralli, Angela},
	Date-Added = {2016-08-06 16:18:53 +0000},
	Date-Modified = {2016-08-06 16:18:53 +0000},
	Note = {Paper presented at the 6th International Conference on Modern Greek Dialects and Linguistic Theory, 25--28 September 2014, Patras, Greece},
	Title = {Is Is compound borrowing possible in language-contact settings?},
	Year = {2014}}

@book{Ralli2016,
	Address = {Patras},
	Author = {Ralli, Angela},
	Date-Added = {2016-08-06 16:18:53 +0000},
	Date-Modified = {2016-08-06 16:18:53 +0000},
	Publisher = {University of Patras},
	Title = {Leksiko dialektikis poikilias Moschonision, Kidoniaon ke Voreioanatolikis Lesvou [{D}ictionary of the dialectal varieties of Moschonisi, Kydonies ad Northeastern Lesbos]},
	Year = {2016}}

@incollection{Trips2016relevance,
	Address = {Cambridge},
	Author = {Carola Trips},
	Booktitle = {The Semantics of Compounding},
	Editor = {Pius ten Hacken},
	Pages = {153-177},
	Publisher = {Cambridge University Press},
	Title = {The relevance of phrasal compounds for the architecture of grammar},
	Year = 2016}

@incollection{Trips2016parallel,
	address = {Cambridge},
	author = {Trips, Carola},
	booktitle = {The Semantics of Compounding},
	editor = {ten Hacken, Pius}, 
	publisher = {Cambridge University Press},
	title = {An Analysis of phrasal compounds in the model of Parallel Architecture},
	year = {2016}
}




@book{Kyrillos,
	Address = {Constantinople},
	Author = {Kyrillos, Patriarch {V}{I} of Constantinople},
	Date-Added = {2016-08-06 16:15:51 +0000},
	Date-Modified = {2016-08-06 16:15:51 +0000},
	Publisher = {Patriarchikón Tipografeíon},
	Title = {Istorikí perigrafí tou en {V}iénni proekdhothéntos chorografikoú pínakos tis megális {A}rxisatapías {I}koníou, nin próton típois ekdhotheísa [A Historical Account of the Topographical Table of the {G}reater {A}rchisatrapia of {I}conium, published formerly in {V}ienna, now formally published for the first time]},
	Year = {1815}}

@phdthesis{Kunduraci2013,
	Address = {AB, Canada},
	Author = {Kunduracı, Aysun},
	Date-Added = {2016-08-06 16:15:43 +0000},
	Date-Modified = {2016-08-06 16:15:43 +0000},
	School = {University of Calgary},
	Title = {{T}urkish {N}-{N} compounds: {A} Process-based Paradigmatic Account},
	Year = {2013},
	Bdsk-File-1 = {YnBsaXN0MDDUAQIDBAUGJCVYJHZlcnNpb25YJG9iamVjdHNZJGFyY2hpdmVyVCR0b3ASAAGGoKgHCBMUFRYaIVUkbnVsbNMJCgsMDxJXTlMua2V5c1pOUy5vYmplY3RzViRjbGFzc6INDoACgAOiEBGABIAFgAdccmVsYXRpdmVQYXRoWWFsaWFzRGF0YV8QIS4uLy4uLy4uL1BhcGVycy9LdW5kdXJhY2kyMDEzLnBkZtIXCxgZV05TLmRhdGFPEQGqAAAAAAGqAAIAAAxNYWNpbnRvc2ggSEQAAAAAAAAAAAAAAAAAAADNZRjqSCsAAAAJJQQRS3VuZHVyYWNpMjAxMy5wZGYAAAAAAAAAAAAAAAAAAAAAAAAAAAAAAAAAAAAAAAAAAAAAAAAAAAAAAAAAAAAAADrVlNBsdO4AAAAAAAAAAAADAAIAAAkgAAAAAAAAAAAAAAAAAAAABlBhcGVycwAQAAgAAM1lCtoAAAARAAgAANBsWM4AAAABABAACSUEAAXD/gAFw/0AAhDpAAIASE1hY2ludG9zaCBIRDpVc2VyczoAbWV0aW5iYWdyaWFjaWs6AERvY3VtZW50czoAUGFwZXJzOgBLdW5kdXJhY2kyMDEzLnBkZgAOACQAEQBLAHUAbgBkAHUAcgBhAGMAaQAyADAAMQAzAC4AcABkAGYADwAaAAwATQBhAGMAaQBuAHQAbwBzAGgAIABIAEQAEgA3VXNlcnMvbWV0aW5iYWdyaWFjaWsvRG9jdW1lbnRzL1BhcGVycy9LdW5kdXJhY2kyMDEzLnBkZgAAEwABLwAAFQACABX//wAAgAbSGxwdHlokY2xhc3NuYW1lWCRjbGFzc2VzXU5TTXV0YWJsZURhdGGjHR8gVk5TRGF0YVhOU09iamVjdNIbHCIjXE5TRGljdGlvbmFyeaIiIF8QD05TS2V5ZWRBcmNoaXZlctEmJ1Ryb290gAEACAARABoAIwAtADIANwBAAEYATQBVAGAAZwBqAGwAbgBxAHMAdQB3AIQAjgCyALcAvwJtAm8CdAJ/AogClgKaAqECqgKvArwCvwLRAtQC2QAAAAAAAAIBAAAAAAAAACgAAAAAAAAAAAAAAAAAAALb}}

@book{Kullmann1996,
	Address = {Hong Kong},
	Author = {Kullmann, Rita and Tserenpil, Dandii-Yadamyn},
	Date-Added = {2016-08-06 16:15:35 +0000},
	Date-Modified = {2016-08-06 16:15:35 +0000},
	Publisher = {Jensco Ltd},
	Title = {Mongolian Grammar},
	Year = {1996}}

@incollection{Kornfilt2012,
	Address = {Oxford and NY},
	Author = {Kornfilt, Jaklin},
	Booktitle = {Functional heads: {T}he cartography of syntactic structures 7},
	Date-Added = {2016-08-06 16:15:26 +0000},
	Date-Modified = {2016-08-06 16:15:26 +0000},
	Editor = {Brugè, Laura and Cardinaletti, Anna and Giusti, Giuliana and Munaro, Nicola and Poletto, Cecilia},
	Pages = {181--196},
	Publisher = {Oxford University Press},
	Title = {Revisiting `suspended affixation' and other coordinate mysteries},
	Year = {2012}}

@book{Kornfilt1997,
	Address = {London and New York},
	Author = {Kornfilt, Jaklin},
	Date-Added = {2016-08-06 16:15:01 +0000},
	Date-Modified = {2016-08-06 16:15:01 +0000},
	Publisher = {Routledge},
	Title = {Turkish},
	Year = {1997},
	Bdsk-File-1 = {YnBsaXN0MDDUAQIDBAUGJCVYJHZlcnNpb25YJG9iamVjdHNZJGFyY2hpdmVyVCR0b3ASAAGGoKgHCBMUFRYaIVUkbnVsbNMJCgsMDxJXTlMua2V5c1pOUy5vYmplY3RzViRjbGFzc6INDoACgAOiEBGABIAFgAdccmVsYXRpdmVQYXRoWWFsaWFzRGF0YV8QIS4uLy4uLy4uL1BhcGVycy9Lb3JuZmlsdF8xOTk3LnBkZtIXCxgZV05TLmRhdGFPEQGqAAAAAAGqAAIAAAxNYWNpbnRvc2ggSEQAAAAAAAAAAAAAAAAAAADNZRjqSCsAAAAJJQQRS29ybmZpbHRfMTk5Ny5wZGYAAAAAAAAAAAAAAAAAAAAAAAAAAAAAAAAAAAAAAAAAAAAAAAAAAAAAAAAAAAAAAAtUUs6lyXQAAAAAAAAAAAADAAIAAAkgAAAAAAAAAAAAAAAAAAAABlBhcGVycwAQAAgAAM1lCtoAAAARAAgAAM6lu2QAAAABABAACSUEAAXD/gAFw/0AAhDpAAIASE1hY2ludG9zaCBIRDpVc2VyczoAbWV0aW5iYWdyaWFjaWs6AERvY3VtZW50czoAUGFwZXJzOgBLb3JuZmlsdF8xOTk3LnBkZgAOACQAEQBLAG8AcgBuAGYAaQBsAHQAXwAxADkAOQA3AC4AcABkAGYADwAaAAwATQBhAGMAaQBuAHQAbwBzAGgAIABIAEQAEgA3VXNlcnMvbWV0aW5iYWdyaWFjaWsvRG9jdW1lbnRzL1BhcGVycy9Lb3JuZmlsdF8xOTk3LnBkZgAAEwABLwAAFQACABX//wAAgAbSGxwdHlokY2xhc3NuYW1lWCRjbGFzc2VzXU5TTXV0YWJsZURhdGGjHR8gVk5TRGF0YVhOU09iamVjdNIbHCIjXE5TRGljdGlvbmFyeaIiIF8QD05TS2V5ZWRBcmNoaXZlctEmJ1Ryb290gAEACAARABoAIwAtADIANwBAAEYATQBVAGAAZwBqAGwAbgBxAHMAdQB3AIQAjgCyALcAvwJtAm8CdAJ/AogClgKaAqECqgKvArwCvwLRAtQC2QAAAAAAAAIBAAAAAAAAACgAAAAAAAAAAAAAAAAAAALb}}

@incollection{Kornfilt1986,
	Address = {Istanbul},
	Author = {Kornfilt, Jaklin},
	Booktitle = {Proceedings of the second international conference in {T}urkish linguistics},
	Date-Added = {2016-08-06 16:14:36 +0000},
	Date-Modified = {2016-08-06 16:14:36 +0000},
	Editor = {Aksu-Koç, Ayhan and Erguvanlı-Taylan, Eser},
	Pages = {59--83},
	Publisher = {Boğazi\c{v}i University Publications},
	Title = {The Stuttering prohibition and morpheme deletion in {T}urkish},
	Year = {1986}}

@phdthesis{Karatsareas2011,
	Address = {Cambridge, UK},
	Author = {Karatsareas, Petros},
	Date-Added = {2016-08-06 16:14:22 +0000},
	Date-Modified = {2016-08-06 16:14:22 +0000},
	School = {University of Cambridge},
	Title = {A Study of {C}appadocian {G}reek nominal morphology from a diachronic and dialectological perspective},
	Year = {2011},
	Bdsk-File-1 = {YnBsaXN0MDDUAQIDBAUGJCVYJHZlcnNpb25YJG9iamVjdHNZJGFyY2hpdmVyVCR0b3ASAAGGoKgHCBMUFRYaIVUkbnVsbNMJCgsMDxJXTlMua2V5c1pOUy5vYmplY3RzViRjbGFzc6INDoACgAOiEBGABIAFgAdccmVsYXRpdmVQYXRoWWFsaWFzRGF0YV8QLi4uLy4uLy4uL1BhcGVycy9LYXJhdHNhcmVhc18yMDExX1BoRHRoZXNpcy5wZGbSFwsYGVdOUy5kYXRhTxEB3gAAAAAB3gACAAAMTWFjaW50b3NoIEhEAAAAAAAAAAAAAAAAAAAAzWUY6kgrAAAACSUEHkthcmF0c2FyZWFzXzIwMTFfUGhEdGhlc2lzLnBkZgAAAAAAAAAAAAAAAAAAAAAAAAAAAAAAAAAAAAAAAAAAAAAJXU3NwofEAAAAAAAAAAAAAwACAAAJIAAAAAAAAAAAAAAAAAAAAAZQYXBlcnMAEAAIAADNZQraAAAAEQAIAADNwmukAAAAAQAQAAklBAAFw/4ABcP9AAIQ6QACAFVNYWNpbnRvc2ggSEQ6VXNlcnM6AG1ldGluYmFncmlhY2lrOgBEb2N1bWVudHM6AFBhcGVyczoAS2FyYXRzYXJlYXNfMjAxMV9QaER0aGVzaXMucGRmAAAOAD4AHgBLAGEAcgBhAHQAcwBhAHIAZQBhAHMAXwAyADAAMQAxAF8AUABoAEQAdABoAGUAcwBpAHMALgBwAGQAZgAPABoADABNAGEAYwBpAG4AdABvAHMAaAAgAEgARAASAERVc2Vycy9tZXRpbmJhZ3JpYWNpay9Eb2N1bWVudHMvUGFwZXJzL0thcmF0c2FyZWFzXzIwMTFfUGhEdGhlc2lzLnBkZgATAAEvAAAVAAIAFf//AACABtIbHB0eWiRjbGFzc25hbWVYJGNsYXNzZXNdTlNNdXRhYmxlRGF0YaMdHyBWTlNEYXRhWE5TT2JqZWN00hscIiNcTlNEaWN0aW9uYXJ5oiIgXxAPTlNLZXllZEFyY2hpdmVy0SYnVHJvb3SAAQAIABEAGgAjAC0AMgA3AEAARgBNAFUAYABnAGoAbABuAHEAcwB1AHcAhACOAL8AxADMAq4CsAK1AsACyQLXAtsC4gLrAvAC/QMAAxIDFQMaAAAAAAAAAgEAAAAAAAAAKAAAAAAAAAAAAAAAAAAAAxw=}}

@article{Karatsareas2014,
	Author = {Karatsareas, Petros},
	Date-Added = {2016-08-06 16:14:22 +0000},
	Date-Modified = {2016-08-06 16:14:22 +0000},
	Journal = {Language Sciences},
	Pages = {77--101},
	Title = {On the diachrony of gender in {A}sia {M}inor {G}reek: {T}he development of semantic agreement in {P}ontic},
	Volume = {43},
	Year = {2014}}

@incollection{KamaliIkizoglu,
	Address = {Wiesbaden},
	Author = {Kamali, Beste and Ikizoğlu, Didem},
	Booktitle = {Ankara Papers in {T}urkish and {T}urkic Linguistics},
	Date-Added = {2016-08-06 16:13:48 +0000},
	Date-Modified = {2016-08-27 15:30:18 +0000},
	Editor = {Zeyrek, Deniz and Sağın-Şimşek, Çiğdem and Ataş, Ufuk and Rehbein, Jochen},
	Pages = {40--51},
	Publisher = {Harrassowitz Verlag},
	Title = {Compound Stress in {T}urkish is Phrase Stress},
	Year = {2015}}

@incollection{Kageyama2001,
	Address = {Berlin},
	Author = {Kageyama, Taro},
	Booktitle = {Issues in {J}apanese Phonology and Morphology},
	Date-Added = {2016-08-06 16:13:40 +0000},
	Date-Modified = {2016-08-06 16:13:40 +0000},
	Editor = {van de Weijer, Jeroen and Nishihara, Tetsuo},
	Pages = {245--276},
	Publisher = {de Gruyter},
	Title = {Word Plus: {T}he Intersection of Words and Phrases},
	Year = {2001}}
	
	
 

@book{Johanson1992,
	Address = {Stuttgart},
	Author = {Johanson, Lars},
	Date-Added = {2016-08-06 16:13:29 +0000},
	Date-Modified = {2016-08-06 16:13:29 +0000},
	Publisher = {Steiner Verlag},
	Title = {Strukturelle {F}aktoren in türkischen {S}prachkontakten},
	Year = {1992}}

@incollection{Johanson1993,
	Address = {Clevedon, Philadelphia and Adelaide},
	Author = {Johanson, Lars},
	Booktitle = {Immigrant Languages of {E}urope},
	Date-Added = {2016-08-06 16:13:29 +0000},
	Date-Modified = {2016-08-06 16:13:29 +0000},
	Editor = {Extra, Guus and Verhoeven, Ludo Th.},
	Pages = {197--221},
	Publisher = {Multilingual Matters},
	Title = {Code-Copying in Immigrant {T}urkish},
	Year = {1993}}

@article{Ingria2005,
	Author = {Ingria, Robert J.},
	Date-Added = {2016-08-06 16:13:15 +0000},
	Date-Modified = {2016-08-06 16:13:15 +0000},
	Journal = {Journal of Greek Linguistics},
	Number = {1},
	Pages = {61--101},
	Title = {Grammatical formatives in a generative lexical theory: {T}he case of {M}odern {G}reek και},
	Volume = {6},
	Year = {2005},
	Bdsk-File-1 = {YnBsaXN0MDDUAQIDBAUGJCVYJHZlcnNpb25YJG9iamVjdHNZJGFyY2hpdmVyVCR0b3ASAAGGoKgHCBMUFRYaIVUkbnVsbNMJCgsMDxJXTlMua2V5c1pOUy5vYmplY3RzViRjbGFzc6INDoACgAOiEBGABIAFgAdccmVsYXRpdmVQYXRoWWFsaWFzRGF0YV8QHy4uLy4uLy4uL1BhcGVycy9JbmdyaWFfMjAwNS5wZGbSFwsYGVdOUy5kYXRhTxEBogAAAAABogACAAAMTWFjaW50b3NoIEhEAAAAAAAAAAAAAAAAAAAAzWUY6kgrAAAACSUED0luZ3JpYV8yMDA1LnBkZgAAAAAAAAAAAAAAAAAAAAAAAAAAAAAAAAAAAAAAAAAAAAAAAAAAAAAAAAAAAAAAAABeztbRNe37AAAAAAAAAAAAAwACAAAJIAAAAAAAAAAAAAAAAAAAAAZQYXBlcnMAEAAIAADNZQraAAAAEQAIAADRNd/rAAAAAQAQAAklBAAFw/4ABcP9AAIQ6QACAEZNYWNpbnRvc2ggSEQ6VXNlcnM6AG1ldGluYmFncmlhY2lrOgBEb2N1bWVudHM6AFBhcGVyczoASW5ncmlhXzIwMDUucGRmAA4AIAAPAEkAbgBnAHIAaQBhAF8AMgAwADAANQAuAHAAZABmAA8AGgAMAE0AYQBjAGkAbgB0AG8AcwBoACAASABEABIANVVzZXJzL21ldGluYmFncmlhY2lrL0RvY3VtZW50cy9QYXBlcnMvSW5ncmlhXzIwMDUucGRmAAATAAEvAAAVAAIAFf//AACABtIbHB0eWiRjbGFzc25hbWVYJGNsYXNzZXNdTlNNdXRhYmxlRGF0YaMdHyBWTlNEYXRhWE5TT2JqZWN00hscIiNcTlNEaWN0aW9uYXJ5oiIgXxAPTlNLZXllZEFyY2hpdmVy0SYnVHJvb3SAAQAIABEAGgAjAC0AMgA3AEAARgBNAFUAYABnAGoAbABuAHEAcwB1AHcAhACOALAAtQC9AmMCZQJqAnUCfgKMApAClwKgAqUCsgK1AscCygLPAAAAAAAAAgEAAAAAAAAAKAAAAAAAAAAAAAAAAAAAAtE=}}

@incollection{Hayashi1996,
            Address = {\.{I}stanbul},
            Author = {Hayashi, Tooru},
            Booktitle = {Symbol{\ae} {T}urcologic{\ae}: Studies in Honor of {L}ars {J}ohanson on the occasion of his sixtieth birthday},
            Date-Added = {2016-08-06 16:13:06 +0000},
            Date-Modified = {2017-05-02 10:04:07 +0000},
            Editor = {Berta, Arpad and Brendemoen, Bert and Sch\"{o}nig, Claus},
            Owner = {mjanse},
            Pages = {119--129},
            Publisher = {Swedish Research Institute in Istanbul},
            Timestamp = {2012.10.05},
            Title = {The Dual Status of Possessive Compounds in {M}odern {T}urkish},
            Volume = {6},
            Year = {1996}}




@incollection{Sproat1988,
            Address = {San Diego},
            Author = {Sproat, Richard},
            Booktitle = {Theoretical Morphology: {A}pproaches in Modern Linguistics},
            Date-Added = {2016-08-06 16:21:01 +0000},
            Date-Modified = {2017-05-02 10:02:09 +0000},
            Editor = {Hammond, Michael and Noonan, Michael},
            Pages = {291--301},
            Publisher = {Academic Press},
            Title = {On Anaphoric Islandhood},
            Year = {1988}}



@incollection{HalleVaux1998,
	Address = {Innsruck},
	Author = {Halle, Morris and Vaux, Bert},
	Booktitle = {Mír {C}urad: {S}tudies in Honor of {C}alvert {W}atkins},
	Date-Added = {2016-08-06 16:12:58 +0000},
	Date-Modified = {2016-08-06 16:12:58 +0000},
	Editor = {Jasanoff, Jay and Melchert, Craig and Oliver, Lisi},
	Pages = {223--240},
	Publisher = {Institut für Sprachwissenschaft, University of Innsbruck},
	Title = {Theoretical aspects of {I}ndo-{E}uropean nominal morphology: {T}he nominal declensions of {L}atin and {A}rmenian},
	Year = {1998}}

@incollection{HalleMarantz1993,
	Address = {Cambridge, MA},
	Author = {Halle, Morris and Marantz, Alec},
	Booktitle = {The View from Building 20: {E}ssays in Linguistics in Honor of {S}ylvain {B}romberger},
	Date-Added = {2016-08-06 16:12:51 +0000},
	Date-Modified = {2016-08-06 16:12:51 +0000},
	Editor = {Hale, Kenneth and Keyser, Samuel Jay},
	Pages = {111--176},
	Publisher = {MIT Press},
	Title = {Distributed {M}orphology and the pieces of inflection},
	Year = {1993}}

@mastersthesis{Gurer2010,
	Address = {İstanbul},
	Author = {Gürer, Aslı},
	Date-Added = {2016-08-06 16:12:39 +0000},
	Date-Modified = {2016-08-06 16:12:39 +0000},
	Owner = {mjanse},
	School = {Boğaziçi University},
	Timestamp = {2012.10.06},
	Title = {{E}{P}{P}, Subject positions and case checking in {C}{N}{P}{C}s in {T}urkish},
	Year = {2010}}

@article{Grimstadetal2014,
	Author = {Grimstad, Maren B. and Lohndal, Terje and \r{A}farli, Tor A.},
	Date-Added = {2016-08-06 16:10:57 +0000},
	Date-Modified = {2016-08-06 16:10:57 +0000},
	Journal = {Nordlyd},
	Pages = {213--237},
	Title = {Language Mixing and {E}xoskeletal {T}heory: {A} Case Study of Word-internal mixing in {A}merican {N}orwegian},
	Volume = {41},
	Year = {2014}}

@article{Gregoire1909,
	Author = {Grégoire, Henri},
	Date-Added = {2016-08-06 16:10:51 +0000},
	Date-Modified = {2016-08-06 16:10:51 +0000},
	Journal = {Bulletin de Correspondance hellénique},
	Pages = {148--159},
	Title = {Appendice: Notes sur le dialecte de {F}arasha},
	Volume = {33},
	Year = {1909}}

@unpublished{GokselHaznedar2007,
	Author = {Göksel, Aslı and Haznedar, Belma},
	Date-Added = {2016-08-06 16:10:35 +0000},
	Date-Modified = {2016-08-06 16:10:35 +0000},
	Note = {Morbo{C}omp {P}roject, {U}niversity of {B}ologna},
	Title = {Remarks on Compounding in {T}urkish},
	Year = {2007}}

@article{Goksel2015,
	Author = {Göksel, Aslı},
	Date-Added = {2016-08-06 16:10:27 +0000},
	Date-Modified = {2016-08-06 16:10:27 +0000},
	Journal = {STUF--Language Typology and Universals},
	Pages = {359--394},
	Title = {Phrasal compounds in {T}urkish: {D}istinguishing citations from quotations},
	Volume = {68},
	Year = {2015}}
	
	 

@incollection{Goksel1988,
	Address = {Ankara},
	Author = {Göksel, Aslı},
	Booktitle = {Studies on {T}urkish linguistics},
	Date-Added = {2016-08-06 16:09:47 +0000},
	Date-Modified = {2016-08-06 16:09:47 +0000},
	Editor = {Koç, Sabri},
	Pages = {287--298},
	Publisher = {METU Press},
	Title = {Bracketing paradoxes in {T}urkish nominal compounds},
	Year = {1988}}

@phdthesis{Goksel1993,
	Address = {London},
	Author = {Göksel, Aslı},
	Date-Added = {2016-08-06 16:09:47 +0000},
	Date-Modified = {2016-08-06 16:09:47 +0000},
	School = {SOAS, University of London},
	Title = {Levels of representation and argument structure in {T}urkish},
	Year = {1993}}

@article{Goksel2009,
	Author = {Göksel, Aslı},
	Date-Added = {2016-08-06 16:09:47 +0000},
	Date-Modified = {2016-08-06 16:09:47 +0000},
	Journal = {Lingua e Linguaggio},
	Number = {2},
	Owner = {mjanse},
	Pages = {213--236},
	Timestamp = {2012.10.05},
	Title = {Compounds in {T}urkish},
	Volume = {8},
	Year = {2009},
	Bdsk-File-1 = {YnBsaXN0MDDUAQIDBAUGJCVYJHZlcnNpb25YJG9iamVjdHNZJGFyY2hpdmVyVCR0b3ASAAGGoKgHCBMUFRYaIVUkbnVsbNMJCgsMDxJXTlMua2V5c1pOUy5vYmplY3RzViRjbGFzc6INDoACgAOiEBGABIAFgAdccmVsYXRpdmVQYXRoWWFsaWFzRGF0YV8QHy4uLy4uLy4uL1BhcGVycy9Hb2tzZWxfMjAwOS5wZGbSFwsYGVdOUy5kYXRhTxEBogAAAAABogACAAAMTWFjaW50b3NoIEhEAAAAAAAAAAAAAAAAAAAAzWUY6kgrAAAACSUED0dva3NlbF8yMDA5LnBkZgAAAAAAAAAAAAAAAAAAAAAAAAAAAAAAAAAAAAAAAAAAAAAAAAAAAAAAAAAAAAAAAAAxk7fKEXcoAAAAAAAAAAAAAwACAAAJIAAAAAAAAAAAAAAAAAAAAAZQYXBlcnMAEAAIAADNZQraAAAAEQAIAADKEVsIAAAAAQAQAAklBAAFw/4ABcP9AAIQ6QACAEZNYWNpbnRvc2ggSEQ6VXNlcnM6AG1ldGluYmFncmlhY2lrOgBEb2N1bWVudHM6AFBhcGVyczoAR29rc2VsXzIwMDkucGRmAA4AIAAPAEcAbwBrAHMAZQBsAF8AMgAwADAAOQAuAHAAZABmAA8AGgAMAE0AYQBjAGkAbgB0AG8AcwBoACAASABEABIANVVzZXJzL21ldGluYmFncmlhY2lrL0RvY3VtZW50cy9QYXBlcnMvR29rc2VsXzIwMDkucGRmAAATAAEvAAAVAAIAFf//AACABtIbHB0eWiRjbGFzc25hbWVYJGNsYXNzZXNdTlNNdXRhYmxlRGF0YaMdHyBWTlNEYXRhWE5TT2JqZWN00hscIiNcTlNEaWN0aW9uYXJ5oiIgXxAPTlNLZXllZEFyY2hpdmVy0SYnVHJvb3SAAQAIABEAGgAjAC0AMgA3AEAARgBNAFUAYABnAGoAbABuAHEAcwB1AHcAhACOALAAtQC9AmMCZQJqAnUCfgKMApAClwKgAqUCsgK1AscCygLPAAAAAAAAAgEAAAAAAAAAKAAAAAAAAAAAAAAAAAAAAtE=}}

@book{Gauntetal2004,
	Address = {London and New York},
	Author = {Gaunt, John and Bayarmandakh, G. and Chuluunbaatar, L.},
	Date-Added = {2016-08-06 16:09:18 +0000},
	Date-Modified = {2016-08-06 16:09:18 +0000},
	Publisher = {Routledge},
	Title = {Modern {M}ongolian: {A} Course Book},
	Year = {2004}}

@book{Gardanietal2015,
	Address = {Berlin},
	Date-Added = {2016-08-06 16:09:11 +0000},
	Date-Modified = {2016-08-06 16:09:11 +0000},
	Editor = {Gardani, Francesco and Arkadiev, Peter and Amiridze, Nino},
	Publisher = {Mouton de Gruyter},
	Series = {Language Contact and Bilingualism},
	Title = {Borrowed Morphology},
	Volume = {8},
	Year = {2015}}

@book{Gardani2008,
	Address = {Frankfurt am Main},
	Author = {Gardani, Francesco},
	Date-Added = {2016-08-06 16:09:00 +0000},
	Date-Modified = {2016-08-06 16:09:00 +0000},
	Publisher = {Peter Lang},
	Series = {Eurpean University Studies, Series XXI Linguistics},
	Title = {Borrowing of Inflectional Morphemes in language Contact},
	Volume = {320},
	Year = {2008}}

@book{DiSciullo2005,
	Address = {Cambridge, MA},
	Author = {Di Sciullo, Anna Maria},
	Date-Added = {2016-08-06 16:08:45 +0000},
	Date-Modified = {2016-08-06 16:08:45 +0000},
	Owner = {mjanse},
	Publisher = {MIT},
	Timestamp = {2012.10.05},
	Title = {Asymmetry in Morphology},
	Year = {2005}}

@phdthesis{Dede1978,
	Address = {Ann Arbor, MI},
	Author = {Dede, Müşerref Ağan},
	Date-Added = {2016-08-06 16:08:15 +0000},
	Date-Modified = {2016-08-06 16:08:15 +0000},
	Owner = {mjanse},
	School = {University of 	Michigan},
	Timestamp = {2012.10.05},
	Title = {A Syntactic and Semantic Analysis of {T}urkish Nominal Compounds},
	Year = {1978}}

@book{Dawkins1916,
	Address = {Cambridge, UK},
	Annote = {none of these G.speaking areas enter into the scheme of this book, which deals only with dialects of populations which are apparently native to Asia.

},
	Author = {Dawkins, Richard McGillivray},
	Date-Added = {2016-08-06 16:08:09 +0000},
	Date-Modified = {2016-08-06 16:08:09 +0000},
	Publisher = {Cambridge University Press},
	Title = {Modern {G}reek in {A}sia {M}inor: {A} study of the Dialects of {S}íli, {C}appadocia and {P}hárasa, with grammar, texts, translation and glossary},
	Year = 1916}

@incollection{Dawkins1921,
	Address = {Athinai},
	Author = {Dawkins, Richard McGillivray},
	Booktitle = {Afiéroma eis {G}.{N}. {X}atzidákin. Diatrivai fílon ke mathitón epí ti triakostí Pémpti epeteío tis en to panepistímio kathigéseias aftoú [A {F}estschrift to {G}.{N}. {H}atzidakis. Studies by his friends and students on the occasion of his thirty-fifth anniversary at professorship]},
	Date-Added = {2016-08-06 16:08:09 +0000},
	Date-Modified = {2016-08-06 16:08:09 +0000},
	Editor = {Amantos, K. and Voreas, Th. and Georgakakis, D. and Gratsiatos, G. and Keramopoulos, A. and Kontogiannis, P. and Kourouniotis, K. and Lorentzatos, P. and Menardos, S. and Pantelakis, E. and Tzartzanos, A. and Psaltis, S.},
	Pages = {42--59},
	Publisher = {P.D.Sakellaríou},
	Title = {Cyprus and the {A}sia {M}inor Dialects of {A}sia {M}inor},
	Year = {1921}}

@article{Dawkins1937,
	Author = {Dawkins, Richard McGillivray},
	Date-Added = {2016-08-06 16:08:09 +0000},
	Date-Modified = {2016-08-06 16:08:09 +0000},
	Journal = {Transactions of the Philological Society},
	Number = {1},
	Pages = {15--52},
	Title = {The {P}ontic Dialect of {M}odern {G}reek in {A}sia {M}inor and {R}ussia},
	Volume = {36},
	Year = {1937},
	Bdsk-File-1 = {YnBsaXN0MDDUAQIDBAUGJCVYJHZlcnNpb25YJG9iamVjdHNZJGFyY2hpdmVyVCR0b3ASAAGGoKgHCBMUFRYaIVUkbnVsbNMJCgsMDxJXTlMua2V5c1pOUy5vYmplY3RzViRjbGFzc6INDoACgAOiEBGABIAFgAdccmVsYXRpdmVQYXRoWWFsaWFzRGF0YV8QIC4uLy4uLy4uL1BhcGVycy9EYXdraW5zXzE5MzcucGRm0hcLGBlXTlMuZGF0YU8RAaYAAAAAAaYAAgAADE1hY2ludG9zaCBIRAAAAAAAAAAAAAAAAAAAAM1lGOpIKwAAAAklBBBEYXdraW5zXzE5MzcucGRmAAAAAAAAAAAAAAAAAAAAAAAAAAAAAAAAAAAAAAAAAAAAAAAAAAAAAAAAAAAAAAAA1wbB0ueNPgAAAAAAAAAAAAMAAgAACSAAAAAAAAAAAAAAAAAAAAAGUGFwZXJzABAACAAAzWUK2gAAABEACAAA0ud/LgAAAAEAEAAJJQQABcP+AAXD/QACEOkAAgBHTWFjaW50b3NoIEhEOlVzZXJzOgBtZXRpbmJhZ3JpYWNpazoARG9jdW1lbnRzOgBQYXBlcnM6AERhd2tpbnNfMTkzNy5wZGYAAA4AIgAQAEQAYQB3AGsAaQBuAHMAXwAxADkAMwA3AC4AcABkAGYADwAaAAwATQBhAGMAaQBuAHQAbwBzAGgAIABIAEQAEgA2VXNlcnMvbWV0aW5iYWdyaWFjaWsvRG9jdW1lbnRzL1BhcGVycy9EYXdraW5zXzE5MzcucGRmABMAAS8AABUAAgAV//8AAIAG0hscHR5aJGNsYXNzbmFtZVgkY2xhc3Nlc11OU011dGFibGVEYXRhox0fIFZOU0RhdGFYTlNPYmplY3TSGxwiI1xOU0RpY3Rpb25hcnmiIiBfEA9OU0tleWVkQXJjaGl2ZXLRJidUcm9vdIABAAgAEQAaACMALQAyADcAQABGAE0AVQBgAGcAagBsAG4AcQBzAHUAdwCEAI4AsQC2AL4CaAJqAm8CegKDApEClQKcAqUCqgK3AroCzALPAtQAAAAAAAACAQAAAAAAAAAoAAAAAAAAAAAAAAAAAAAC1g==}}

@article{Dawkins1940,
	Annote = {Pharasa: Quasi-Pontic dialect, p.g.5},
	Author = {Dawkins, Richard McGillivray},
	Date-Added = {2016-08-06 16:08:09 +0000},
	Date-Modified = {2016-08-06 16:08:09 +0000},
	Journal = {Transactions of the Philological Society},
	Number = {1},
	Pages = {1--38},
	Title = {The Dialects of {M}odern {G}reek},
	Volume = {39},
	Year = {1940},
	Bdsk-File-1 = {YnBsaXN0MDDUAQIDBAUGJCVYJHZlcnNpb25YJG9iamVjdHNZJGFyY2hpdmVyVCR0b3ASAAGGoKgHCBMUFRYaIVUkbnVsbNMJCgsMDxJXTlMua2V5c1pOUy5vYmplY3RzViRjbGFzc6INDoACgAOiEBGABIAFgAdccmVsYXRpdmVQYXRoWWFsaWFzRGF0YV8QIC4uLy4uLy4uL1BhcGVycy9EYXdraW5zXzE5NDAucGRm0hcLGBlXTlMuZGF0YU8RAaYAAAAAAaYAAgAADE1hY2ludG9zaCBIRAAAAAAAAAAAAAAAAAAAAM1lGOpIKwAAAAklBBBEYXdraW5zXzE5NDAucGRmAAAAAAAAAAAAAAAAAAAAAAAAAAAAAAAAAAAAAAAAAAAAAAAAAAAAAAAAAAAAAAAA19xh0IvcQAAAAAAAAAAAAAMAAgAACSAAAAAAAAAAAAAAAAAAAAAGUGFwZXJzABAACAAAzWUK2gAAABEACAAA0IvOMAAAAAEAEAAJJQQABcP+AAXD/QACEOkAAgBHTWFjaW50b3NoIEhEOlVzZXJzOgBtZXRpbmJhZ3JpYWNpazoARG9jdW1lbnRzOgBQYXBlcnM6AERhd2tpbnNfMTk0MC5wZGYAAA4AIgAQAEQAYQB3AGsAaQBuAHMAXwAxADkANAAwAC4AcABkAGYADwAaAAwATQBhAGMAaQBuAHQAbwBzAGgAIABIAEQAEgA2VXNlcnMvbWV0aW5iYWdyaWFjaWsvRG9jdW1lbnRzL1BhcGVycy9EYXdraW5zXzE5NDAucGRmABMAAS8AABUAAgAV//8AAIAG0hscHR5aJGNsYXNzbmFtZVgkY2xhc3Nlc11OU011dGFibGVEYXRhox0fIFZOU0RhdGFYTlNPYmplY3TSGxwiI1xOU0RpY3Rpb25hcnmiIiBfEA9OU0tleWVkQXJjaGl2ZXLRJidUcm9vdIABAAgAEQAaACMALQAyADcAQABGAE0AVQBgAGcAagBsAG4AcQBzAHUAdwCEAI4AsQC2AL4CaAJqAm8CegKDApEClQKcAqUCqgK3AroCzALPAtQAAAAAAAACAQAAAAAAAAAoAAAAAAAAAAAAAAAAAAAC1g==}}

@book{Chomsky1995,
	Address = {Cambridge, MA},
	Author = {Chomsky, Noam},
	Date-Added = {2016-08-06 16:07:36 +0000},
	Date-Modified = {2016-08-06 16:07:36 +0000},
	Publisher = {MIT Press},
	Title = {The {M}inimalist {P}rogram},
	Year = {1995}}

@book{Chatzidakis1905,
	Address = {Athinai},
	Author = {Chatzidakis, Georgios N.},
	Date-Added = {2016-08-06 16:07:21 +0000},
	Date-Modified = {2016-08-06 16:07:21 +0000},
	Publisher = {Pelekanos},
	Title = {Mesaionika kai {N}ea {E}llinika},
	Year = {1905}}

@article{Bozsahin2002,
	Author = {Bozşahin, Cem},
	Date-Added = {2016-08-06 16:07:11 +0000},
	Date-Modified = {2016-08-06 16:07:11 +0000},
	Journal = {Computational Linguistics},
	Pages = {145--186},
	Title = {The {C}ombinatory {M}orphemic {L}exicon},
	Volume = {28},
	Year = {2002}}

@incollection{Bowern2008,
	Address = {Amsterdam/Philadelphia},
	Author = {Bowern, Claire},
	Booktitle = {Principles of Syntactic Reconstruction},
	Date-Added = {2016-08-06 16:07:01 +0000},
	Date-Modified = {2016-08-06 16:07:01 +0000},
	Editor = {Ferraresi, Gisella and Goldbach, Maria},
	Pages = {187--216},
	Publisher = {John Benjamins},
	Title = {Syntactic Change and Syntactic Borrowing in {G}enerative {G}rammar},
	Year = {2008}}

@incollection{Borer1998,
	Address = {Oxford},
	Author = {Borer, Hagit},
	Booktitle = {Handbook of Morphology},
	Date-Added = {2016-08-06 16:06:51 +0000},
	Date-Modified = {2016-08-06 16:06:51 +0000},
	Editor = {Spencer, Arnold and Zwicky, Arnold},
	Owner = {mjanse},
	Pages = {151--190},
	Publisher = {Basil Blackwell},
	Timestamp = {2012.10.05},
	Title = {Morphology and Syntax},
	Year = {1998}}

@book{Aboh2015,
	Address = {Cambridge, UK},
	Author = {Aboh, Enoch Oladé},
	Date-Added = {2016-08-06 15:55:52 +0000},
	Date-Modified = {2016-08-06 15:55:52 +0000},
	Publisher = {Cambridge University Press},
	Title = {The Emergence of Hybrid Grammars: {L}anguage Contact and Change},
	Year = {2015}}

@article{AnastasiadiSymeonidi1983,
	Author = {Anastasiadi-Symeonidi, Anna},
	Date-Added = {2016-08-06 15:55:52 +0000},
	Date-Modified = {2016-08-06 15:55:52 +0000},
	Journal = {Lalies},
	Pages = {77--90},
	Title = {La composition en grec moderne d'un point de vue diachronique},
	Volume = {2},
	Year = {1983}}

@phdthesis{Anastasios1976,
	Address = {Ioannina},
	Author = {Anastasiadis, Vasilis},
	Date-Added = {2016-08-06 15:55:52 +0000},
	Date-Modified = {2016-08-06 15:55:52 +0000},
	School = {University of Ioannina},
	Title = {I sintaksi sto {P}harasiotiko idioma tis {K}appadokias [{T}he syntax of the dialect of {P}harasa in {C}appadocia]},
	Year = {1976},
	Bdsk-File-1 = {YnBsaXN0MDDUAQIDBAUGJCVYJHZlcnNpb25YJG9iamVjdHNZJGFyY2hpdmVyVCR0b3ASAAGGoKgHCBMUFRYaIVUkbnVsbNMJCgsMDxJXTlMua2V5c1pOUy5vYmplY3RzViRjbGFzc6INDoACgAOiEBGABIAFgAdccmVsYXRpdmVQYXRoWWFsaWFzRGF0YV8QJS4uLy4uLy4uL1BhcGVycy9BbmFzdGFzaWFkaXNfMTk3Ni5wZGbSFwsYGVdOUy5kYXRhTxEBugAAAAABugACAAAMTWFjaW50b3NoIEhEAAAAAAAAAAAAAAAAAAAAzWUY6kgrAAAACSUEFUFuYXN0YXNpYWRpc18xOTc2LnBkZgAAAAAAAAAAAAAAAAAAAAAAAAAAAAAAAAAAAAAAAAAAAAAAAAAAAAAAAABM8kvQ69RyAAAAAAAAAAAAAwACAAAJIAAAAAAAAAAAAAAAAAAAAAZQYXBlcnMAEAAIAADNZQraAAAAEQAIAADQ68ZiAAAAAQAQAAklBAAFw/4ABcP9AAIQ6QACAExNYWNpbnRvc2ggSEQ6VXNlcnM6AG1ldGluYmFncmlhY2lrOgBEb2N1bWVudHM6AFBhcGVyczoAQW5hc3Rhc2lhZGlzXzE5NzYucGRmAA4ALAAVAEEAbgBhAHMAdABhAHMAaQBhAGQAaQBzAF8AMQA5ADcANgAuAHAAZABmAA8AGgAMAE0AYQBjAGkAbgB0AG8AcwBoACAASABEABIAO1VzZXJzL21ldGluYmFncmlhY2lrL0RvY3VtZW50cy9QYXBlcnMvQW5hc3Rhc2lhZGlzXzE5NzYucGRmAAATAAEvAAAVAAIAFf//AACABtIbHB0eWiRjbGFzc25hbWVYJGNsYXNzZXNdTlNNdXRhYmxlRGF0YaMdHyBWTlNEYXRhWE5TT2JqZWN00hscIiNcTlNEaWN0aW9uYXJ5oiIgXxAPTlNLZXllZEFyY2hpdmVy0SYnVHJvb3SAAQAIABEAGgAjAC0AMgA3AEAARgBNAFUAYABnAGoAbABuAHEAcwB1AHcAhACOALYAuwDDAoECgwKIApMCnAKqAq4CtQK+AsMC0ALTAuUC6ALtAAAAAAAAAgEAAAAAAAAAKAAAAAAAAAAAAAAAAAAAAu8=}}

@book{Anderson1992,
	Address = {Cambridge},
	Author = {Anderson, Stephen R.},
	Date-Added = {2016-08-06 15:55:52 +0000},
	Date-Modified = {2016-08-06 15:55:52 +0000},
	Publisher = {Cambridge University Press},
	Title = {A-{M}orphous Morphology},
	Year = {1992}}

@phdthesis{Andreou2014,
	Address = {Patras},
	Author = {Andreou, Marios},
	Date-Added = {2016-08-06 15:55:52 +0000},
	Date-Modified = {2016-08-06 15:55:52 +0000},
	School = {University of Patras},
	Title = {Headedness in word formation and {L}exical {S}emantics: {E}vidence from {I}taliot and {C}ypriot},
	Year = {2014}}

@book{Andriotis1948,
	Address = {Athens},
	Author = {Andriotis, Nikolaos P.},
	Date-Added = {2016-08-06 15:55:52 +0000},
	Date-Modified = {2016-08-06 15:55:52 +0000},
	Publisher = {Ikaros},
	Title = {To glossiko idioma ton {P}harason [The dialect of {P}harasa]},
	Year = {1948}}

@book{Aronoff1994,
	Address = {Cambridge, MA},
	Author = {Aronoff, Mark},
	Date-Added = {2016-08-06 15:55:52 +0000},
	Date-Modified = {2016-08-06 15:55:52 +0000},
	Publisher = {MIT Press},
	Title = {Morphology by itself: {S}tems and inflectional classes},
	Year = {1994}}

@article{AslanAltan2006,
	Author = {Aslan, Erhan and Altan, Aslı},
	Date-Added = {2016-08-06 15:55:52 +0000},
	Date-Modified = {2016-08-06 15:55:52 +0000},
	Journal = {Dil Dergisi},
	Pages = {57--75},
	Title = {The Role of (-s){I} in {T}urkish indefinite nominal compounds},
	Volume = {131},
	Year = {2006}}

@phdthesis{Bagriacik,
	Address = {Belgium},
	Author = {Bağrıaçık, Metin},
	Date-Added = {2016-08-06 15:55:52 +0000},
	Date-Modified = {2016-08-06 15:55:52 +0000},
	School = {Ghent University},
	Title = {Complementation in {P}harasiot {G}reek},
	Year = {in preparation}}

@unpublished{Bagriaciketalforthcoming,
	Author = {Bağrıaçık, Metin and Göksel, Aslı and Ralli, Angela},
	Date-Added = {2016-08-06 15:55:52 +0000},
	Date-Modified = {2016-08-06 15:55:52 +0000},
	Note = {Unpublished {M}anuscript},
	Title = {Turkish phrasal suffixes in {P}harasiot {G}reek},
	Year = {forthcoming}}

@incollection{BagriacikRalli2013a,
	Address = {Cambridge, MA},
	Author = {Bağrıaçık, Metin and Ralli, Angela},
	Booktitle = {Proceedings of the 8th workshop on {A}ltaic formal linguistics},
	Date-Added = {2016-08-06 15:55:52 +0000},
	Date-Modified = {2016-08-06 15:55:52 +0000},
	Editor = {Özge, Umut},
	Pages = {13--24},
	Publisher = {MIT Press},
	Series = {MIT Working Papers in Linguistics},
	Title = {{N}{N}-sI concatenations in {T}urkish: {C}onstruct-state nominals and phrasal compounds},
	Volume = {67},
	Year = {2013}}

@article{BagriacikRalli2015,
	Author = {Bağrıaçık, Metin and Ralli, Angela},
	Date-Added = {2016-08-06 15:55:52 +0000},
	Date-Modified = {2016-08-06 15:55:52 +0000},
	Journal = {STUF--Language Typology and Universals},
	Title = {Morphological vs. Phrasal Compounds: {E}vidence from {M}odern {G}reek and {T}urkish},
            Volume = {68},
            Pages = {323--357},
            Year = {2015}}

@incollection{BisettoScalise1999,
	Address = {Amsterdam/Philadelphia},
	Author = {Bisetto, Antonietta and Scalise, Sergio},
	Booktitle = {Boundaries of Morphology and Syntax},
	Date-Added = {2016-08-06 15:55:52 +0000},
	Date-Modified = {2016-08-06 15:55:52 +0000},
	Editor = {Lunella, Mereu},
	Owner = {mjanse},
	Pages = {31--48},
	Publisher = {John Benjamins},
	Timestamp = {2012.10.05},
	Title = {Compounding: {M}orphology and/or Syntax?},
	Year = {1999}}

@article{Booij1992,
	Author = {Booij, Geert},
	Date-Added = {2016-08-06 15:55:52 +0000},
	Date-Modified = {2016-08-06 15:55:52 +0000},
	Journal = {Rivista di Grammatica Generativa},
	Pages = {37--59},
	Title = {Compounding in {D}utch},
	Volume = {4},
	Year = {1992}}

 
 
 
@article{Meibauer2003,
        author={Meibauer, Jörg},
        year={2003},
        title={Phrasenkomposita zwischen {W}ortsyntax und {L}exikon},
        journal={Zeitschrift für Sprachwissenschaft},
        volume={22}, 
        pages={153--188}
}        


	
@article{Meibauer2015,
	author = {Meibauer, Jörg},
	journal = {Language Typology and Universals},
	number = {3},
	pages = {241–261},
	title = {On {“R”} in phrasal compounds – a contextualist approach},
	volume = {68},
	year = {2015}
}



 

@article{Savini1984,
	Author = {Savini, Marina},
	Date-Added = {2016-09-09 08:20:55 +0000},
	Date-Modified = {2016-09-09 08:21:04 +0000},
	Journal = {Stellenbosch Papers in Linguistics},
	Pages = {34–114},
	Title = {Phrasal compounds in {Afrikaans}: {A} generative analysis},
	Volume = {12},
	Year = {1984}}

@phdthesis{Lapointe1980,
	Address = {Amherst},
	Author = {Lapointe, S. G.},
	School = {University of Massachusetts},
	Title = {A theory of grammatical agreement},
	Year = 1980}


@book{disciuwill1987,
	Address = {Cambridge, Mass.},
	Author = {Anna-Maria DiSciullo and Edwin Williams},
	Edition = {2},
	Publisher = {The MIT Press},
	Title = {On the Definition of Word},
	Year = 1987}


@article{Lieber1988,
	Author = {Rochelle Lieber},
	Journal = {Chicago Linguistic Society},
	Number = {24},
	Pages = {202-222},
	Title = {Phrasal compounds and the morphology-syntax interface},
	Volume = {II Parasession on agreement in grammatical theory},
	Year = 1988}
}

@book{Lieber1992,
  address = {Chicago},
  author = {Lieber, Rochelle},
  publisher = {University of Chicago Press},
  title = {Deconstructing Morphology. Word Formation in Syntactic Theory},
  year = {1992}
}

@book{ScaliseVogelEd2010,
	Address = {Amsterdam/Philadelphia},
	Editor = {Sergio Scalise and Irene Vogel},
	Publisher = {Benjamins},
	Title = {Cross-Disciplinary Issues in Compounding},
	Year = 2010}
	
@incollection{ScaliseVogel2010why,
	Address = {Amsterdam/Philadelphia},
	Author = {Scalise, Sergio and Vogel, Irene},
	Booktitle = {Cross disciplinary issues in compounding},
	Date-Added = {2016-08-06 16:20:40 +0000},
	Date-Modified = {2016-08-06 16:20:40 +0000},
	Editor = {Scalise, Sergio and Vogel, Irene},
	Pages = {1--18},
	Publisher = {John Benjamins},
	Title = {Why Compounding?},
	Year = {2010}}


@book{LieberStekauer2009,
	Address = {Oxford},
	Editor = {{Š}tekauer, Pavol and Rochelle Lieber},
	Publisher = {Oxford University Press},
	Title = {The Oxford Handbook of Compounding},
	Year = 2009}

@incollection{Pafel2011,
	Address = {Berlin/New York},
	Author = {Jürgen Pafel},
	Booktitle = {Understanding Quotation},
	Editor = { Brendel, Elke and Meibauer, Jörg and  Steinbach, Markus},
	Pages = {249--267},
	Publisher = {de Gruyter},
	Title = {Two dogmas on quotation},
	Year = 2011}


  


@article{Trips2014b,
	Author = {Carola Trips},
	Date-Added = {2014-01-14 11:14:27 +0000},
	Date-Modified = {2014-11-12 09:25:49 +0000},
	Journal = {SKASE Journal of Theoretical Linguistics},
	Number = {1},
	Pages = {33-61},
	Title = {How to account for the expressive nature of phrasal compounds in a conceptual semantic framework},
	Volume = {11},
	Year = {2014}}


@book{TripsKornfilt2015volume,
	Address = {Berlin},
	Date-Added = {2015-10-07 08:07:32 +0000},
	Date-Modified = {2015-11-06 10:19:36 +0000},
	Editor = {Carola Trips and Jaklin Kornfilt},
	Number = {3},
	Publisher = {De Gruyter},
	note = {Special edition of STUF},
	Title = {Phrasal compounds from a typological and theoretical perspective},
	Volume = {68},
	Year = {2015}}
	
	
@article{TripsKornfilt2015intro,
  author = {Trips, Carola  and  Kornfilt, Jaklin},
  title = {Introduction},
  journal  = {STUF – Language Typology and Universals},
  number = {3},
  pages={233--240},
  volume = {68},
  year = {2015}
}

@article{TripsKornfilt2015typology,
  author = {Trips, Carola  and  Kornfilt, Jaklin},
  title = {Typological aspects of phrasal compounds in {English, German, Turkish and Turkic}},
  journal = {STUF – Language Typology and Universals},
  number = {3},
  pages={281--322},
  volume = {68},
  year = {2015}
}



@book{Štekauer1998,
	Address = {Amsterdam/Philadelphia},
	Author = {Štekauer, Pavol},
	Date-Added = {2017-05-08 17:27:08 +0000},
	Date-Modified = {2017-05-08 17:27:08 +0000},
	Publisher = {John Benjamins},
	Title = {An Onomasiological Theory of English Word-Formation},
	Year = {1998}}

@book{Štekauer2005,
	Address = {Amsterdam/ Philadelphia},
	Author = {Štekauer, Pavol},
	Date-Added = {2017-05-08 17:28:02 +0000},
	Date-Modified = {2017-05-08 17:28:02 +0000},
	Publisher = {John Benjamins},
	Title = {Meaning Predictability in Word-Formation},
	Year = {2005}}

@incollection{GuevaraScalise2009,
	Address = {Berlin},
	Author = {Guevara, Emilio, Sergio Scalise},
	Booktitle = {Universals of Language Today},
	Date-Added = {2017-05-08 17:29:40 +0000},
	Date-Modified = {2017-05-08 17:29:40 +0000},
	Editor = {Scalise, Sergio, Elisabetta Magni and Antonietta Bisetto},
	Pages = {101–129},
	Publisher = {Springer},
	Title = {Searching for universals in compounding},
	Year = {2009}}

@incollection{ScaliseFabregas2010,
	Address = {Amsterdam/Philadelphia},
	Author = {Scalise, Sergio, Antonio Fábregas},
	Booktitle = {Cross-Disciplinary Issues in Compounding},
	Date-Added = {2017-05-08 17:31:14 +0000},
	Date-Modified = {2017-05-08 17:31:14 +0000},
	Editor = {Scalise, Sergio and Irene Vogel},
	Pages = {109–125},
	Publisher = {John Benjamins},
	Title = {The head in compounding},
	Year = {2010}}

@incollection{BisettoScalise2009,
	Author = {Antonietta Bisetto and Sergio Scalise},
	Booktitle = {The Oxford Handbook of Compounding},
	Chapter = {3},
	Date-Modified = {2014-01-14 11:22:40 +0000},
	Editor = {Rochelle Lieber, Pavol Stekauer},
	Note = {University of Bologna},
	Pages = {49-82},
	Publisher = {Oxford University Press},
	Title = {The classification of compounds},
	Year = 2009}

@unpublished{BagriacikRalli2012,
	Author = {Metin Bagriacik and Angela Ralli},
	Date-Modified = {2014-01-14 11:50:41 +0000},
	Note = {Handout presented at WAFL, University of Stuttgart},
	Title = {Construct State Nominals and Phrasal compounds in Turkish},
	Year = 2012}

@article{Goeksel2009,
	Author = {Asli Göksel},
	Journal = {Lingue e Linguaggio},
	Number = 2,
	Pages = {213-236},
	Title = {Compounds in Turkish},
	Year = 2009}

@incollection{Kornfilt2003,
	Address = {Berlin and New York},
	Author = {Jaklin Kornfilt},
	Booktitle = {Syntactic structures and morphological information},
	Editor = {U. Junghanns and L. Szucsich},
	Pages = {129-215},
	Publisher = {Mouton de Gruyter},
	Title = {Subject case in Turkish nominalized clauses},
	Year = 2003}

@article{KornfiltWhitman2011a,
	Author = {Jaklin Kornfilt and John Whitman},
	Journal = {Special Issue of Lingua},
	Number = 7,
	Pages = {1159-1313},
	Title = {Studies in Syntactic Nominalization},
	Volume = 121,
	Year = 2011}



@article{Sugioka2011,
	author = {Sugioka, Yoko},
	journal = {{Energeia}},
	note = {. Asahi-Shuppan, Tykyo.},
	pages={1--20},
	title = {Hukugoo-go no imi to toog-o meguru koosatu [Remarks on semantics and syntax of compounds]},
	volume = {36},
	year = {2011}
}


@book{Tsujimura2007,
	address = {Malden},
	author = {Tsujimura, Natsuko.},
	publisher = {Blackwell Publishing},
	title = {{An introduction to Japanese linguistics} {(second edition)}},
	year = {2007}
}

@book{Wälchli2005,
	address = {Oxford and New York},
	author = {Wälchli, Bernard.},
	publisher = {Oxford University Press},
	title = {{Co-compounds and natural coordination}},
	year = {2005}
}

@article{Wiese2008,
	author = {Wiese, Richard},
	number = {3},
	pages = {243–274},
	title = {Two levels of morphological structure. {Journal of Germanic Linguistics}},
	volume = {20},
	year = {2008}
}


@incollection{Nishiyama2008,
	address = {Oxford and New York},
	author = {Nishiyama, Kunio},
	booktitle = {{The Oxford} {Handbook of Japanese linguistics}},
	editor = {Shigeru Miyagawa and Mamoru Saito},
	pages={320--347},
	publisher = {Oxford University Press},
	title = {V-V compounds},
	year = {2008}
}


@article{Nishiyama2010,
	author = {Nishiyama, Kunio},
	journal = {{Lingua}},
	pages={2353--2366},
	title = {Penultimate accent in {Japanese} predicates and the verb–noun distinction},
	volume = {120},
	year = {2010}
}

@article{Nishiyama2016,
	author = {Nishiyama, Kunio},
	journal = {{Morphology}},
	pages={65--90},
	title = {The theoretical status of {ren’yoo} (stem) in {Japanese} verbal morphology},
	volume = {26},
	year = {2016}
}

@incollection{Poser1990,
	address = {Chicago},
	author = {Poser, William},
	booktitle = {{The Phonology-Syntax Connection}},
	editor = { Inkelas, Sharon and Zec, Draga},
	pages={279--288},
	publisher = {University of Chicago Press},
	title = {Word internal phrase boundary in {Japanese}},
	year = {1990}
}

@article{RoeperSiegel1978,
	author = {Roeper, Thomas and Siegel, Muffy E. A.},
	journal = {{Linguistic Inquiry}},
	pages={199--260},
	title = {A lexical transformation for verbal compounds},
	volume = {9},
	year = {1978}
}

@book{Sakakura1952,
	note = {Revised (1974) by Tokyo: Kyouiku Shuppan},
	author = {Sakakura, Atsuyoshi},
	title = {Nihon-bunpoo-no hanasi [{L}ectures on {Japanese} grammar]},
	address={Osaka},
	publisher ={Sougensha},
	year = {1952}
}

@article{ShibataniKageyama1988,
	author = {Shibatani, Masayoshi and Taro Kageyama},
	journal = {{Language}},
	pages={451--484},
	title = {Word Formation in a Modular Theory of Grammar: A Case of Postsyntactic Compounds in Japanese},
	volume = {64},
	year = {1988}
}

@incollection{Marantz1988,
	address = {New York},
	author = {Marantz, Alec},
	booktitle = {{Theoretical morphology}},
	editor = {Michael Hammond and Michael Noonan},
	pages={253--270},
	publisher = {Academic Press},
	title = {Clitics, morphological merger, and the mapping to phonological structure},
	year = {1988}
}


@inproceedings{Marantz1997,
	author = {Marantz, Alec},
	booktitle = {Proceedings of the 21st Annual Penn Linguistic Colloquium: University of Pennsylvania Working Papers in Linguistics}},
	pages={201--225},
	title = {No escape from syntax: {Don't} try morphological analysis in the privacy of your lexicon},
	volume = {4.2},
	year = {1997}
}


@article{Massam2001,
	author = {Massam, Diane},
	journal = {Natural Language and Linguistic Theory},
	pages={153--197},
	title = {Pseudo noun incorporation in {Niuean}},
	volume = {19},
	year = {2001}
}

@incollection{Mithun2010,
	address = {Philadelphia},
	author = {Mithun, Marianne},
	booktitle = {Cross-disciplinary issues in compounding},
	editor = {Scalise, Sergio and Vogel, Irene},
	pages={37--56},
	publisher = {John Benjamins},
	title = {Constraints on compounds and incorporation},
	year = {2010}
}




@incollection{Lieber2010,
	address = {Philadelphia},
	author = {Lieber, Rochelle},
	booktitle = {Cross-disciplinary issues in compounding},
	editor = {Scalise, Sergio and Vogel, Irene},
	pages={127--144},
	publisher = {John Benjamins},
	title = {On the lexical semantics of compounds: {Non-affixal} (de)verbal compounds},
	year = {2010}
}

@incollection{Kawahara2015,
	address = {Berlin},
	author = {Kawahara, S.},
	booktitle = {Handbook of Japanese Phonetics and Phonology},
	editor = {Kubozono, H.},
	pages={445--492},
	publisher = {Mouton de Gruyter},
	title = {The phonology of {Japanese} accent},
	year = {2015}
}

@book{Kubozono1995,
	address = {Tokyo},
	author = {Kubozono, Haruo},
	publisher = {Kuroshio},
	title = {Gokeesee to oninkoozoo},
    series = {Word formation and phonological structures},
	year = {1995}
}


@incollection{Kubozono2008,
	address = {Oxford and New York},
	author = {Kubozono, Haruo},
	booktitle = {The Oxford Handbook of Japanese linguistics},
	editor = { Miyagawa, Shigeru and Saito, Mamoru},
	pages={165--191},
	publisher = {Oxford University Press},
	title = {Japanese accent},
	year = {2008}
}

@incollection{Kageyama2009,
	address = {Oxford},
	author = {Kageyama, Taro},
	booktitle = {The Oxford Handbook of Compounding},
	editor = { Lieber, Rochelle and Štekauer, Pavol},
	pages={512--526},
	publisher = {Oxford University Press},
	title = {Isolate: {Japanese}},
	year = {2009}
}

@article{ItoMester2007,
	author = {Ito, Junko and Mester, Armin},
	journal = {{MIT Working Papers in Linguistics} 55: {Formal Approaches to Japanese Linguistics}},
	pages={97--111},
	title = {Prosodic adjunction in Japanese compounds},
	volume = {4},
	year = {2007}
}

@article{Kageyama1989verbverb,
	author = {Kageyama, Taro},
	journal = {Yearbook of Morphology},
	pages={73--94},
	title = {The Place of Morphology in Grammar: {Verb-Verb} Compounds in {Japanese}},
	volume = {2},
	year = {1989}
}


@incollection{KageyamaShibatani1989,
	address = {Tokyo},
	author = {Kageyama, Taro and Masayoshi Shibatani},
	booktitle = {Nihongogaku no sintenkai [{N}ew developments in {Japanese} linguistics]},
	pages={139--166},
	publisher = {Kuroshio},
	title = {Mozyuuru bunpoo no gokeeseeron: no meesiku kara no hukugoogo-keesee. [On word-formation in module grammar: Compounding out of genitive noun phrases]},
	year = {1989}
}


@book{Kageyama1993,
	address = {Tokyo},
	author = {Kageyama, Taro},
	publisher = {Hituzi Syobo},
	title = {{Bumpoo to gokeesee [Grammar and word formation]}},
	year = {1993}
}

@article{Hawkins1990,
	author = {Hawkins, John A.},
	journal = {Linguistic Inquiry},
	pages = {223–261},
	title = {A parsing theory of word order universals},
	volume = {21},
	year = {1990}
}

@article{Fukuda2012,
	author = {Fukuda, Shin},
	journal = {Natural Language and Linguistic Theory},
	pages={965--1026},
	title = {Aspectual Verbs as Functional Heads: {Evidence} from {Japanese} Aspectual Verbs},
	volume = {30},
	year = {2012}
}


@incollection{Halle1993,
	address = {Cambridge},
	author = {Halle, Morris and Marantz, Alec},
	booktitle = {The view from Building 20},
	editor = {Hale, Kenneth and Keyser, Samuel Jay},
	pages={111--76},
	publisher = {MIT Press},
	title = {Distributed Morphology and the pieces of inflection},
	year = {1993}
}

 

@article{BresnanMchombo1995,
	author = {Bresnan, Joan and Mchombo, Sam},
	pages = {181–254},
	title = {The lexical integrity principle: {Evidence from Bantu}}, 
    journal = {Natural language and linguistic theory},
	volume = {13},
	year = {1995}
}



@book{Carstairs-McCarthy2002,
	address = {Edinburgh},
	author = {Carstairs-McCarthy, Andrew},
	publisher = {Edinburgh University Press},
	title = {{An introduction to English morphology}},
	year = {2002}
}

@incollection{Chomsky2001,
	address = {Cambridge, MA},
	author = {Chomsky, Noam},
	booktitle = {{Ken Hale: A} life in language},
	editor = {Michael Kenstowicz},
	pages={1--52},
	publisher = {MIT Press},
	title = {Derivation by phase},
	year = {2001}
}


@book{Baker1988,
	address = {Chicago},
	author = {Baker, Mark},
	publisher = {University of Chicago Press},
	title = {Incorporation},
	year = {1988}
}

@article{Beard1991,
	author = {Beard, Robert},
	title = {Decompositional composition: {The} semantics of scope ambiguities and ‘bracketing paradoxes},
    journal = {Natural Language and Linguistic Theory},
	pages={195--229},
	volume = {9},
	year = {1991}
}


@article{Trips2014,
  author = {Trips, Carola},
  title = {How to account for the expressive nature of phrasal compounds in a conceptual-semantic framework},
  journal = {SKASE Journal of Theoretical Linguistics},
  number = {1},
  pages={33--61},
  volume = {11},
  year = {2014}
}



@book{Wójcikowska1991,
  address = {Warsaw},
  author = {Wójcikowska, Elżbieta},
  publisher = {Wydawnictwa Uniwersytetu Warszawskiego},
  title = {Formacje atrybutywne typu podgórski, nadludzki w języku polskim},
  year = {1991}
}

@book{Bauer1983,
  address = {Cambridge},
  author = {Bauer, Laurie},
  publisher = {Cambridge University Press},
  title ={English Word-Formation},
  year = {1983}
}

@misc{Bagasheva2015,
  author = {Bagasheva, Alexandra},
  title = {On [N N] constructions in {Bulgarian}},
  note = {Paper presented at the Word-Formation Theories II / Typology and Universals in Word-Formation III Conference, Košice, 26th June – 28th June, 2015},
  year = {2015}
}
 
@book{Chludzińska-Świątecka1979,
  address = {Warsaw},
  author = {Chludzińska-Świątecka, Jadwiga},
  publisher = {Wydawnictwa Uniwersytetu Warszawskiego},
  title =  {{Rzeczowniki postadiektywne. Studium słowotwórczo-leksykalne}},
  year = {1979}
}

@book{Grzegorczykowa1979,
  address = {Warsaw},
  author = {Grzegorczykowa, Renata},
  publisher = {Państwowe Wydawnictwo Naukowe},
  title =  {Zarys słowotwórstwa polskiego. {Słowotwórstwo} opisowe},
  year = {1979}
}

@book{Jadacka2005,
  address = {Warsaw},
  author = {Jadacka, Hanna},
  publisher = {Wydawnictwo Naukowe PWN},
  title =  {Kultura języka polskiego. {Fleksja}, słowotwórstwo, składnia},
  year = {2005}
}

@article{Kreja1971,
  author = {Kreja, Bogusław},
  title = {O specyficznych konstrukcjach typu \emph{złoty} medalista},
  journal = {Język Polski},
  pages={248--255},
  volume = {51},
  year = {1971}
}



 

@article{Meibauer2013,
  author = {Meibauer, Jörg},
  title = {Expressive compounds in {German}},
  journal = {Word Structure},
  number = {1},
  pages={21--42},
  volume = {6},
  year = {2013}
}


@article{Pafel2015,
        Volume = {68},
        Author = {Pafel, J{\"u}rgen},
        Date-Added = {2016-09-01 09:48:09 +0200},
        Date-Modified = {2016-09-01 09:50:34 +0200},
        Journal = {Language Typology and Universals},
        Pages = {263--280},
        Title = {Phrasal compounds are compatible with {L}exical {I}ntegrity},
        Year = {2015}}
        

@article{tenHacken2013,
  author = {{ten Hacken}, Pius},
  title = {Compounds in {English, in French, in Polish}, and in general}, 
  journal = {SKASE Journal of Theoretical Linguistics},
  number = {1},
  pages={97--113},
  volume = {10},
  year = {2013}
}

@book{Symoni-Sułkowska1987,
  address = {Wrocław},
  author = {Symoni-Sułkowska, Jadwiga},
  publisher = {Ossolineum},
  title = {Formacje rzeczownikowe utworzone od wyrażeń przyimkowych},
  year = {1987}
}

@comment{bagasheva}
 

@book{AckemaNeeleman2004,
	address = {Oxford},
	author = {Ackema, Peter and Neeleman, Ad},
	publisher = {Oxford University Press},
	title = {{Beyond morphology: Interface conditions on word-formation}},
	year = {2004}
}



@article{Arcodia2009,
	author = {Arcodia, Giorgio F. and Grandi, Nicola and Montermini, Fabio},
	journal = {Rivista di Linguistica},
	number = {1},
	pages = {11–33},
	title = {Hierarchical {NN} compounds in a cross-linguistic perspective},
	volume = {21},
	year = {2009}
}





@article{Avramova2003,
	author = {Avramova, Cvetanka and Osenova, Petya},
	journal = {Bulgarian},
	note = {[In Bulgarian]},
	pages = {68–75},
	title = {Once again on the issue of the boundary between a compound and a phrase},
	volume = {1},
	year = {2003}
}




@article{BağrıaçıkRalli2015,
	author = {Bağrıaçık, Metin and Ralli, Angela},
	number = {3},
	pages = {323–357},
	title = {Phrasal vs. morphological compounds: {Insights from Modern Greek and Turkish}}, 
    journal = {Language Typology and Universals},
	volume = {68},
	year = {2015}
}




@incollection{Bauer2001,
	address = {Berlin/New York},
	author = {Bauer, Laurie},
	booktitle = {Language Typology and Language Universals},
	editor = {Haspelmath, Martin and König, Ekkehard and Oesterreicher, Wulf and Raible, Wolfgang},
	pages = {695–707},
	publisher = {Walter de Gruyter},
	title = {Compounding},
	year = {2001}
}




@incollection{Bauer2009,
	address = {Oxford},
	author = {Bauer, Laurie},
	booktitle = {The Oxford handbook of compounding},
	editor = {Lieber, Rochelle and  Štekauer, Pavol},
	pages = {343–356},
	publisher = {Oxford University Press},
	title = {Typology of compounds},
	year = {2009}
}




@article{Bauer2013,
	author = {Bauer, Laurie and Tarasova, Elizaveta},
	journal = {SKASE Journal of Theoretical Linguistics},
	number = {3},
	pages = {1–18},
	title = {The meaning link in nominal compounds},
	volume = {10},
	year = {2013}
}



@incollection{Bell2011,
	address = {Amsterdam / Philadelphia},
	author = {Bell, Melanie},
	booktitle = {Morphology and its Interfaces},
	editor = {Galani, Alexandra and Glyn, Hicks and Tsoulas, George},
	pages = {137–167},
	publisher = {John Benjamins Publishing Company},
	title = {At the boundary of morphology and syntax. {Noun noun constructions in English}},
	year = {2011}
}







@incollection{Boyadžieva2007,
	address = {Sofia},
	author = {Boyadžieva, Elly},
	booktitle = {On Man and Language. A Festschrift  to Maya Pencheva},
	editor = {Bagasheva, Alexandra},
	pages = {232–244},
	publisher = {Sofia University Publishing House “St. Kliment Ohridski”},
	title = {Reflections on a new word-formation pattern in {Bulgarian} newspaper language},
	year = {2007}
}





@book{Bolozky1999,
	address = {Leiden},
	author = {Bolozky, Shmuel},
	publisher = {Brill},
	title = {Measuring productivity in word formation: the case of Israeli Hebrew},
    series = {Studies in Semitic languages and linguistics},
	year = {1999}
}





@book{Booij2007,
	address = {Oxford},
	author = {Booij, Geert},
	publisher = {Oxford University},
	title = {The Grammar of Words},
	edition = {2},
	year = {2007}
}





@article{Booij2009a,
	author = {Booij, Geert},
	journal = {Word Structure},
	number = {2},
	pages = {219–240},
	title = {Phrasal names: a constructionist analysis},
	volume = {2},
	year = {2009a}
}





@incollection{Booij2009b,
	address = {Berlin},
	author = {Booij, Geert},
	booktitle = {Universals of Language Today},
	editor = {Scalise, Sergio and Magni, Elisabetta and Bisetto, Antonietta},
	pages = {83–100},
	publisher = {Springer},
	title = {Lexical integrity as a formal universal: a constructionist view},
	year = {2009b}
}



@incollection{Croft2007,
	address = {Oxford},
	author = {Croft, William},
	booktitle = {The Oxford Handbook of Cognitive Linguistics},
	editor = {Geeraerts, Dirk and Cuyckens, Hubert},
	pages = {463–508},
	publisher = {Oxford University Press},
	title = {Construction grammar},
	year = {2007}
}




@incollection{Fried2013,
	address = {Oxford},
	author = {Fried, Mirjam},
	booktitle = {The Oxford Handbook of Construction Grammar},
	editor = {Hoffmann, Thomas and Trousdale, Graeme},
	pages = {419–437},
	publisher = {Oxford University Press},
	title = {Principles of constructional change},
	year = {2013}
}





@article{Gaeta2009,
	author = {Gaeta, Livio and Ricca, Davide},
	pages = {35–70},
	title = {{Composita solvantur: Compounds as lexical units or orphological objects?}}, 
    journal = {Italian Journal of Linguistics},
	volume = {21},
	year = {2009}
}







@article{Gagné1997,
	author = {Gagné, Christina and Shoben, Edward},
	number = {1},
	pages = {71–87},
	title = {Influence of thematic relations on the comprehension of modifier-noun combinations},
    journal = {Journal of Experimental Psychology: Learning, Memory, and Cognition},
	volume = {23},
	year = {1997}
}





@book{Goldberg2006,
	address = {Oxford},
	author = {Goldberg, Adele},
	publisher = {Oxford University Press},
	title = {Constructions at Work: {The} Nature of Generalization in Language},
	year = {2006}
}


  

@article{Goldberg2003,
	author = {Goldberg, Adele}, 
	pages = {219–224},
	title = {Constructions: {A} New Theoretical Approach to Language},
    journal = {Trends in Cognitive Sciences},
	volume = {7},
	year = {2003}
}





@incollection{Guevara2009,
	address = {Berlin},
	author = {Guevara, Emilio and Scalise, Sergio},
	booktitle = {Universals of Language Today},
	editor = {Scalise, Sergio and Magni,  Elisabetta and Bisetto, Antonietta},
	pages = {101–129},
	publisher = {Springer},
	title = {Searching for universals in compounding},
	year = {2009}
}



@book{Halliday1994,
	address = {London},
	author = {Halliday, Michael},
	publisher = {Edward Arnold},
	title = {Introduction to Functional Grammar. 2nd ed.},
	year = {1994}
}




@book{Halliday2014,
	address = {London / New York},
	author = {Halliday, Michael and Matthiessen, Christian},
	publisher = {Routledge},
	title = {Halliday’s Introduction to Functional Grammar, 4th ed.},
	year = {2014}
}





@book{Hawkins1983,
	address = {New York},
	author = {Hawkins, John},
	publisher = {Academic Press},
	title = {Word order universals},
	year = {1983}
}












@book{Heine2006,
	address = {Oxford},
	author = {Heine, Bernd and Kuteva, Tanya},
	publisher = {Oxford University Press},
	title = {The Changing Languages of Europe},
	year = {2006}
}





@incollection{Heine2009,
	address = {Utrecht},
	author = {Heine, Bernd and Kuteva, Tania},
	booktitle = {Language Evolution: {The} View from Restricted Linguistic Systems},
	editor = {Botha, Rudie and {de Swart}, Henriette},
	pages = {139–177},
	publisher = {LOT},
	title = {The genesis of grammar: on combining nouns},
	year = {2009}
}





@article{Heringer1984,
	author = {Heringer, Hans Jürgen},
	pages = {1–13},
	title = {{Wortbildung: Sinn aus dem Chaos}},
    journal = {Deutsche Sprache},
	volume = {12},
	year = {1984}
}




@article{Hilpert2015,
	author = {Hilpert, Martin},
	journal = {Cognitive Linguistics},
	number = {1},
	pages = {113–147},
	title = {From hand-carved to computer-based: {Noun-participle} compounding and the upward strengthening hypothesis},
	volume = {26},
	year = {2015}
}



@incollection{Hoffmann2013,
	address = {Oxford},
	author = {Hoffmann, Thomas and Trousdale, Graeme},
	booktitle = {The Oxford Handbook of Construction Grammar},
	editor = {Hoffmann, Thomas and Trousdale, Graeme},
	pages = {1–14},
	publisher = {Oxford University Press},
	title = {Construction Grammar: {Introduction}},
	year = {2013}
}





@article{Hohenhaus1998,
	author = {Hohenhaus, Peter},
	journal = {Lexicology},
	number = {2},
	pages = {237–280},
	title = {Non-lexicalizability as a characteristic feature of nonce word formation in {English and German}},
	volume = {4},
	year = {1998}
}




@incollection{Hohenhaus2005,
	address = {Berlin},
	author = {Hohenhaus, Peter},
	booktitle = {Handbook of Word-Formation},
	editor = {Štekauer, Pavol and Lieber, Rochelle},
	pages = {353–373},
	publisher = {Springer},
	title = {Lexicalization and Institutionalization},
	year = {2005}
}






@incollection{Hohenhaus2007,
	address = {Amsterdam / Philadelphia},
	author = {Hohenhaus, Peter},
	booktitle = {Lexical Creativity, Texts and Contexts},
	editor = {Munat, Judith},
	pages = {15–38},
	publisher = {John Benjamins Publishing Company},
	title = {How to do (even more) things with nonce words (other than naming)},
	year = {2007}
}







@thesis{Horeva2015,
	address = {Sofia},
	author = {Horeva, Cveta},
	institution = {University “St. Kliment Ohridski”},
	title = {English and Bulgarian nouns in the domain of tourism derived via composition}, 
    note = {Ph.D. thesis},
	year = {2015}
}







@misc{Jackendoff2012,
	author = {Jackendoff, Ray and Wittenberg, Eva},
	url = {http://ase.tufts.edu/cogstud/incbios /RayJackendoff /recentpapers.htm}, 
    note = {(last accessed 14 July 2016)},
	publisher = {Even Simpler Syntax: {A} Hierarchy of Grammatical Complexity}, 
	year = {2012}
}





@incollection{Jackendoff2009,
	address = {Oxford},
	author = {Jackendoff, Ray},
	booktitle = {The Oxford Handbook of Compounding},
	editor = {Lieber, Rochelle and Štekauer, Pavol},
	pages = {105–129},
	publisher = {Oxford University Press},
	title = {Compounding in the Parallel Architecture and Conceptual Semantics},
	year = {2009}
}




@article{Kirova2012,
	author = {Kirova, Lyudmila},
	journal = {LiterNet},
	pages = {1–7},
	title = {On a model of complex nomination entering {Bulgarian via Turkish} borrowings and its contemporary development},
	volume = {5},
	year = {2012}
}




@book{Krumova-Cvetkova2013,
	address = {Sofia},
	author = {Krumova-Cvetkova, Liliya and Blagoeva, Diana and Kolkovska, Emiliya Pernishka and Bozhilova,  Maya},
	publisher = {Akademichno izdatelstvo “Prof. Marin Drinov”},
    note = {[In Bulgarian]},
	title = {Bulgarian Lexicology},
	year = {2013}
}





@book{Lampert2009,
	address = {Frankfurt am Main},
	author = {Lampert, Martina},
	publisher = {Peter Lang},
	title = {Attention and Recombinance. {A} Cognitive-Semantic Investigation into Morphological Compositionality in {English}},
	year = {2009}
}



 




@article{Lieber1998,
	author = {Lieber, Rochelle},
	journal = {Chicago Linguistic Society II Parasession on agreement in grammatical theory},
	number = {24},
	pages = {202–222},
	title = {Phrasal compounds and the morphology-syntax interface},
	volume = {17},
	year = {1998}
}





@article{Lieber2006,
	author = {Lieber, Rochelle and Scalise, Sergio},
	journal = {Lingue e Linguaggio},
	pages = {7–32},
	title = {The Lexical Integrity Hypothesis in a new theoretical universe},
	volume = {5},
	year = {2006}
}





@book{Lipka2002,
	address = {Tübingen},
	author = {Lipka, Leonard},
	publisher = {Gunter Narr},
	title = {English Lexicology},
	year = {2002}
}



@article{Manova2005,
	author = {Manova, Stella},
	journal = {Glossos: The Slavic and East European Language Resource Center},
	pages = {1–27},
	title = {Towards a Theory of Conversion in {Slavic}},
	volume = {6},
	year = {2005}
}





@article{Masini2009,
	author = {Masini, Francesca},
	journal = {Word Structure},
	number = {2},
	pages = {254–271},
	title = {Phrasal lexemes, compounds and phrases: {A} constructionist perspective},
	volume = {2},
	year = {2009}
}








@book{Murdarov1983,
	address = {Sofia},
	author = {Murdarov, Vladko},
	publisher = {Naouka i izkustvo}, 
    note = {[In Bulgarian]},
	title = {Contemporary Word-Formation Processes},
	year = {1983}
}





@incollection{Olsen2015,
	address = {Berlin and Boston},
	author = {Olsen, Susan},
	booktitle = {Word-Formation: {An} International Handbook of the Languages of Europe, vol. {I}},
	editor = {Müller, Peter and Ohnheiser, Ingeborg and Olsen, Susan and Rainer, Franz},
	pages = {364–385},
	publisher = {De Gruyter Mouton},
	title = {Composition},
	year = {2015}
}




 



@article{Pascual2013,
	author = {Pascual, Esther and Królak, Emilia and Janssen, Theo},
	journal = {Cognitive Linguistics},
	number = {2},
	pages = {345–366},
	title = {Direct speech compounds: {Evoking} socio-cultural scenarios through fictive interaction},
	volume = {24},
	year = {2013}
}





@book{Perniška2001,
	address = {Sofia},
	author = {Perniška, Emilia and Blagoeva, Diana and Kolkovska, Siya},
	publisher = {Naouka i izkustvo},
    note = {[In Bulgarian]},
	title = {Dictionary of New Words in {Bulgarian}},
	year = {2001}
}





@book{Perniška2010,
	address = {Sofia},
	author = {Perniška, Emilia and Blagoeva, Diana and Kolkovska, Siya},
	publisher = {Naouka i izkustvo},
    note = {[In Bulgarian]},
	title = {Dictionary of New Words in {Bulgarian}},
	year = {2010}
}




@book{Plag2003,
	address = {Cambridge},
	author = {Plag, Ingo},
	publisher = {Cambridge University Press},
	title = {Word-formation in {English}},
	year = {2003}
}





@book{Radeva2007,
	address = {Sofia},
	author = {Radeva, Vasilka},
	publisher = {Sofia University Publishing House “St. Kliment Ohridski”},
    note = {[In Bulgarian]},
	title = {In the World of Words},
	year = {2007}
}


@misc{Renner2015,
	author = {Renner, Vincent},
	title = {Extending the domain of contact-induced change in lexical morphology: a focus on pattern and process borrowing. {Paper presented at the Workshop on Morphological Borrowing, Gothenburg, Sweden, 10-11 December 2015}},
	year = {2015}
}





@misc{Renner2016,
	author = {Renner, Vincent},
	title = {{Contact-induced morphostructural change: An overview. Paper presented at the 13{th} ESSE Conference, Galway, Ireland, 22-26 August 2016}},
	year = {2016}
}





@article{Scalise2006,
	author = {Scalise, Sergio and Guevara, Emilio},
	journal = {Lingue e Linguaggio},
	number = {2},
	pages={185--206},
	title = {Exocentric compounding in a typological framework},
	volume = {5},
	year = {2006}
}


@incollection{Scalise2010,
	address = {Amsterdam/Philadelphia},
	author = {Scalise, Sergio and Fábregas, Antonio},
	booktitle = {Cross-Disciplinary Issues in Compounding},
	editor = {Scalise, Sergio and Vogel, Irene},
	pages={109--125},
	publisher = {John Benjamins},
	title = {The head in compounding},
	year = {2010}
}


@incollection{Schmid2007,
	address = {Oxford},
	author = {Schmid, Hans-Jörg},
	booktitle = {The Oxford Handbook of Cognitive Linguistics},
	editor = {Geeraerts, Dirk and Cuyckens, Hubert},
	pages = {117–138},
	publisher = {Oxford University Press},
	title = {Entrenchment, salience and basic levels},
	year = {2007}
}

@book{Štekauer2012,
	address = {Cambridge},
	author = {Štekauer, Pavol and Valera, Salvador and Kőrtvélyessy, Livia},
	publisher = {Cambridge University Press},
	title = {Word-formation in the World’s Languages: {A} Typological Survey},
	year = {2012}
}






 



@book{Traugott2013,
	address = {Oxford},
	author = {Traugott, Elizabeth Closs and Trousdale, Graeme},
	publisher = {Oxford University Press},
	title = {Constructionalization and Constructional Changes},
	year = {2013}
}





@article{Vačkova1998,
	author = {Vačkova, Kalina and Vačkov, Vasil},
	journal = {Slavic Philology},
	note = {[In Bulgarian]},
	pages = {95–101},
	title = {{Word-formation and analyticity. Typological conditioning of some word-formation processes in the Bulgarian language}},
	volume = {22},
	year = {1998}
}




@article{Vakareliyska2014,
	author = {Vakareliyska, Cynthia and Kapatsinski, Vsevolod},
	journal = {Folia Linguistica},
	number = {1},
	pages = {277–311},
	title = {{An Anglo-Americanism in Slavic morphosyntax: Productive [N[N]] constructions in Bulgarian}},
	volume = {48},
	year = {2014}
}



@incollection{Vogel2000,
	address = {Berlin/New York},
	author = {Vogel, Petra},
	booktitle = {Approaches to the Typology of Word Classes},
	editor = {Vogel, Petra and Comrie, Bernard},
	pages = {259–284},
	publisher = {Walter de Gruyter},
	title = {Grammaticalization and Part of Speech Systems},
	year = {2000}
}


@comment{Szymanek}

@incollection{Boyadzhieva2007,
	address = {Sofia},
	author = {Boyadzhieva, Ellie},
	booktitle = {On Man and Language. {P}apers in honor of {P}rof. {M}aya {P}encheva on the occasion of her 60th anniversary},
	editor = {Alexandra Bagasheva},
	pages = {232–244},
	publisher = {University Publishing House “St. Kliment Ohridski”},
	title = {Reflections on a new word-formation pattern in {Bulgarian} newspaper language},
	year = {2007}
}


@incollection{GrzegorczykowaPuzynina1999,
	address = {Warsaw},
	author = {Grzegorczykowa, Renata and Puzynina, Jadwiga},
	booktitle = {Gramatyka współczesnego języka polskiego. {M}orfologia},
	editor = {Grzegorczykowa, Renata and Laskowski, Roman and Wróbel, Henryk},
	pages = {389–468},
	publisher = {Wydawnictwo Naukowe PWN},
	title = {Rzeczownik},
	year = {1999}
}



@book{Jadacka2001,
  author = {Jadacka, Hanna},
  title = {System słowotwórczy polszczyzny. 1945–2000},
  address = {Warsaw},
  publisher = {Wydawnictwo Naukowe PWN},
          year = {2001}
}




@incollection{Kallas1999,
	address = {Warsaw},
	author = {Kallas, Krystyna},
	booktitle = {Gramatyka współczesnego języka polskiego. {M}orfologia},
	editor = {Grzegorczykowa, Renata and Laskowski, Roman and Wróbel, Henryk},
	pages={469--523},
	publisher = {Wydawnictwo Naukowe PWN},
	title = {Przymiotnik},
	year = {1999}
}



@article{Körtvélyessy2016,
	address = {Poznan},
	author = {Körtvélyessy, Lívia},
	journal = {Poznań Studies in Contemporary Linguistics},
	title = {Word-Formation in {Slavic} Languages},
	year = {2016},
	volume={52},
	number={3},
	pages={455--502}
}




@book{Kurzowa1976,
	address = {Warsaw},
	author = {Kurzowa, Zofia},
	publisher = {Państwowe Wydawnictwo Naukowe},
	title = {Złożenia imienne we współczesnym języku polskim},
        note = {Reprinted in: Z. Kurzowa. 2007. \textit{Z przeszłości i teraźniejszości języka}. Kraków: Universitas, 429-527},
	year = {1976}
}



@incollection{Laskowski1981,
	address = {Lublin},
	author = {Laskowski, Roman},
	booktitle = {Pojęcie derywacji w lingwistyce},
	editor = {Bartmiński, Jerzy},
	pages={107--126},
	publisher = {Uniwersytet Marii Curie-Skłodowskiej},
	title = {Derywacja słowotwórcza},
	year = {1981}
}



@incollection{Martincová2015,
	address = {Berlin},
	author = {Martincová, Olga},
	booktitle = {Word-Formation. {A}n International Handbook of the Languages of {E}urope},
    series = {Handbücher zur Sprach- und Kommunikationswissenschaft / Handbooks of Linguistics and Communication Science},
    number = {40.1},
	editor = {Müller, Peter O. and  Ohnheiser, Ingeborg and Olsen, Susan and Rainer, Franz},
	pages = {742--757},
	publisher = {De Gruyter Mouton},
	title = {Multi-word expressions and univerbation in {Slavonic}},
	year = {2015}
}




@book{Nagórko1998,
	address = {Warsaw},
	author = {Nagórko, Alicja},
	publisher = {Wydawnictwo Naukowe PWN},
	title = {Zarys gramatyki polskiej (ze słowotwórstwem)},
	year = {1998}
}



@incollection{Nagórko2016,
	address = {Berlin},
	author = {Nagórko, Alicja},
	booktitle = {Word-Formation. {A}n International Handbook of the Languages of {Europe}}, 
    series = {Handbücher zur Sprach- und Kommunikationswissenschaft / Handbooks of Linguistics and Communication Science},
    number = {40.4},
	editor = {Müller, Peter O. and Ohnheiser, Ingeborg and Olsen, Susan and Rainer, Franz},
	pages={2831--2852},
	publisher = {De Gruyter Mouton},
	title = {Polish},
	year = {2016}
}



@incollection{Ohnheiser2015,
	address = {Berlin},
	author = {Ohnheiser, Ingeborg},
	booktitle = {Word-Formation. {A}n International Handbook of the Languages of {E}urope},
    series = {Handbücher zur Sprach- und Kommunikationswissenschaft / Handbooks of Linguistics and Communication Science},
    number = {40.1},
	editor = {Müller, Peter O. and Ohnheiser, Ingeborg and Olsen, Susan and Rainer, Franz},
	pages = {757--779},
	publisher = {De Gruyter Mouton},
	title = {Compounds and multi-word expressions in {Slavic}},
	year = {2015}
}

 





@incollection{Sambor1976,
	address = {Wrocław},
	author = {Sambor, Jadwiga},
	booktitle = {Semantyka tekstu i języka},
	editor = {Mayenowa, M. R.},
	pages = {239--256},
	publisher = {Ossolineum},
	title = {Kompozycje rzeczownikowe dwunominalne i nominalno-werbalne w tekstach współczesnego języka polskiego},
	year = {1976}
}




@incollection{Szymanek2009,
	address = {Oxford},
	author = {Szymanek, Bogdan},
	booktitle = {The {O}xford Handbook of Compounding},
	editor = {Lieber, Rochelle and Štekauer, Pavol},
	pages = {464--477},
	publisher = {Oxford University Press},
	title = {{I-E, Slavonic: Polish}},
	year = {2009}
}



@book{Szymanek2010,
	address = {Lublin},
	author = {Szymanek, Bogdan},
	publisher = {Wydawnictwo KUL},
	title = {A Panorama of {Polish} Word-Formation},
	year = {2010}
}








@incollection{Waszakowa2015,
	address = {Berlin},
	author = {Waszakowa, Krystyna},
	booktitle = {Word-Formation. {A}n International Handbook of the Languages of {E}urope},
    series = {Handbücher zur Sprach- und Kommunikationswissenschaft / Handbooks of Linguistics and Communication Science},
    number = {40.3},
	editor = {Müller, Peter O. and Ohnheiser, Ingeborg and Olsen, Susan and Rainer, Franz},
	pages={1679--1696},
	publisher = {De Gruyter Mouton},
	title = {Foreign word-formation in {Polish}},
	year = {2015}
}

 





@book{Embick2010,
	address = {Cambridge},
	author = {Embick, David.},
	publisher = {MIT Press},
	title = {Localism and globalism in morphology and phonology},
	year = {2010}
}











@book{ItoMester2003,
	title = {Japanese Morphophonemics: Markedness and Word Structure},
	author = {Ito, Junko and Armin Mester},
	publisher = {MIT Press}, 
	address={Cambridge},
	year = {2003}
}








@incollection{Kubozono2005,
	address = {Berlin},
	author = {Kubozono, Haruo},
	booktitle = {Voicing in Japanese},
	editor = {Jeroen van de Weijer, Kensuke Nanjo and Tetsuo Nishihara},
	pages={5--24},
	publisher = {Mouton de Gruyter},
	title = {Rendaku: {I}ts domain and linguistic conditions},
	year = {2005}
}



@article{Kageyama2013,
	author = {Kageyama, Taro},
	journal = {Japanese/Korean Linguistics},
	pages={363--382},
	title = {Postsyntactic compounds and semantic head-marking in Japanese},
	volume = {20},
	year = {2013}
}





@article{Lieber1983,
	author = {Lieber, Rochelle},
	journal = {Linguistic Inquiry},
	pages = {251–285},
	title = {Argument linking and Compounds in English},
	volume = {14},
	year = {1983}
}



@article{Lobeck1990,
	author = {Lobeck, Ann},
	journal = {NELS},
	pages={348--362},
	title = {Functional Heads as Proper Governors},
	volume = {20},
	year = {1990}
}



@article{Nishiyama1999,
	author = {Nishiyama, Kunio},
	journal = {Journal of East Asian Linguistics},
	pages={183--222},
	title = {Adjectives and the copulas in Japanese},
	volume = {8},
	year = {1999}
}



@book{Spencer1991,
	address = {Malden},
	author = {Spencer, Andrew},
	publisher = {Blackwell},
	title = {Morphological Theory},
	year = {1992}
}



@article{Sproat1993,
	author = {Sproat, Richard},
	journal = {Yearbook of  Morphology},
	number = {1992},
	pages={235--258},
	title = {Morphological Non-separation Revisited: Review Article: Deconstructing Morphology, by Rochelle Lieber},
	volume = {1992},
	year = {1993}
}



@article{Sugioka2002,
	author = {Sugioka, Yoko},
	journal = {In Japanese/Korean Linguistics},
	pages={495--508},
	title = {Incorporation vs. modification in deverbal compounds},
	volume = {10},
	year = {2002}
}



@incollection{Sugioka2005,
	address = {Cambridge},
	author = {Sugioka, Yoko},
	booktitle = {Polymorphous linguistics: Jim McCawley's legacy},
	editor = {Salikoko S. Mufwene and Elaine J. Francis and Rebecca S. Wheeler},
	pages={203--223},
	publisher = {MIT Press},
	title = {Multiple mechanisms underlying morphological productivity},
	year = {2005}
}



@incollection{Sugioka2008,
	author = {Sugioka, Yoko},
	booktitle = {An Enterprise in the Cognitive Science of Language: A Festschrift for Yukio Otsu,},
	editor = {Sano T. \biberror{et al.}},
	pages={65--78},
	publisher = {Hituzi Shobo},
	title = {Remarks on Asymmetry and Recursion in Compound Formation},
	year = {2008}
}



@article{Suñer1988,
	author = {Suñer, Margarita},
	journal = {Natural Language and Linguistic Theory},
	pages={391--434},
	title = {The Role of Agreement in Clitic Doubled Constructions},
	volume = {6},
	year = {1988}
}



@book{Booij2010,
  address = {Oxford et al.},
  author = {Booij, Geert E.},
  publisher = {Oxford University Press},
  title = {Construction Morphology},
  year = {2010}
}

@book{Brezinski2012,
	Address = {Sofia},
	Author = {Stefan Brezinski},
	Date-Added = {2017-05-08 17:09:50 +0000},
	Date-Modified = {2017-05-08 17:09:50 +0000},
	Edition = {[In Bulgarian]},
	Publisher = {Iztok-Zapad},
	Title = {Bulgarian speech and writing: How to speak and write correctly},
	Year = {2012}}

@article{GagneShoben1997,
	Author = {Gagné, Christina and Edward Shoben},
	Date-Added = {2017-05-08 17:11:17 +0000},
	Date-Modified = {2017-05-08 17:11:17 +0000},
	Journal = {Journal of Experimental Psychology: Learning, Memory, and Cognition},
	Number = {1},
	Pages = {71–87},
	Title = {Influence of thematic relations on the comprehension of modifier-noun combinations},
	Volume = {23},
	Year = {1997}}

@book{HeineKuteva2006,
	Address = {Oxford},
	Author = {Heine, Bernd and Tanya Kuteva},
	Date-Added = {2017-05-08 17:12:32 +0000},
	Date-Modified = {2017-05-08 17:12:32 +0000},
	Publisher = {Oxford University Press},
	Title = {The Changing Languages of Europe},
	Year = {2006}}

@incollection{HeineKuteva2009,
	Address = {Utrecht},
	Author = {Heine, Bernd and Tanya Kuteva},
	Booktitle = {Language Evolution: The View from Restricted Linguistic Systems},
	Date-Added = {2017-05-08 17:14:21 +0000},
	Date-Modified = {2017-05-08 17:14:21 +0000},
	Editor = {Botha, Rudie, Henriette de Swart},
	Pages = {139–177},
	Publisher = {LOT},
	Title = {The genesis of grammar: on combining nouns},
	Year = {2009}}

@incollection{Sakel2007,
	Address = {Berlin\slash New York},
	Author = {Sakel, Jeanette},
	Booktitle = {Grammatical Borrowing in Crosslinguistic Perspective},
	Date-Added = {2017-05-08 17:15:44 +0000},
	Date-Modified = {2017-05-08 17:15:44 +0000},
	Editor = {Matras, Yaron, Jeanette Sakel},
	Pages = {15–29},
	Publisher = {Mouton de Gruyter},
	Title = {Types of loan: Matter and pattern},
	Year = {2007}}

@book{Ryder1994,
	Author = {Ryder, Mary Ellen},
	Date-Added = {2017-05-08 17:17:15 +0000},
	Date-Modified = {2017-05-08 17:17:15 +0000},
	Publisher = {University of California Press},
	Series = {University of California Press Publications in Linguistics},
	Title = {Ordered Chaos: The Interpretation of English Noun-Noun Compounds},
	Volume = {123},
	Year = {1994}}

@incollection{Bagasheva2016,
	Address = {Newcastle upon Tyne},
	Author = {Bagasheva, Alexandra},
	Booktitle = {Word-formation across Languages},
	Date-Added = {2017-05-08 17:19:27 +0000},
	Date-Modified = {2017-05-08 17:19:27 +0000},
	Editor = {Körtvélyessy, Lívia and Pavol Štekauer and Salvador Valera},
	Pages = {1-29},
	Publisher = {Cambridge Scholars Publishing},
	Title = {On {[N1 N2]} Constructions and Word-formation in {B}ulgarian},
	Year = {2016}}



 @book{Croft2001,
	address = {Oxford},
	author = {Croft, William},
	publisher = {Oxford University Press},
	title = {Radical Construction Grammar: {Syntactic} Theory in Typological Perspective},
	year = {2001}
}


@book{Croft2004,
  address = {Cambridge et al.},
  author = {Croft, William and Cruse, David A.},
  publisher = {Cambridge University Press},
  title = {Cognitive Linguistics},
  year = {2004}
}

@book{Eichinger2000,
  address = {T\"{u}bingen},
  author = {Eichinger, Ludwig M.},
  publisher = {Narr},
  title = {Deutsche Wortbildung. Eine Einf\"{u}hrung},
  year = {2000}
}


@book{Goldberg1995,
  address = {Chicago et al.},
  author = {Goldberg, Adele E.},
  publisher = {University of Chicago Press},
  title = {Constructions. A Construction Grammar Approach to Argument Structure},
  year = {1995}
}


@book{Hein2015,
	address = {Tübingen},
	author = {Hein, Katrin},
	publisher = {Narr},
	title = {{Phrasenkomposita im Deutschen. Empirische Untersuchung und konstruktionsgrammatische Modellierung}},
	series = {Studien zur Deutschen Sprache},
	number = {67},
	year = {2015}
}



@book{Hölzner2007,
  address = {T\"{u}bingen},
  author = {Hölzner, Matthias.},
  publisher = {Niemeyer (= Reihe Germanistische Linguistik 274)},
  title = {Substantivvalenz : korpusgest\"{u}tzte Untersuchungen zu Argumentrealisierungen deutscher Substantive},
  year = {2007}
}




@book{IDS2011a,
  address = {Mannheim},
  author = {Institut für Deutsche Sprache},
  url = {www.ids-mannheim.de/DeReKo},
  urldate = {2011=03=29},
  publisher = {Institut für Deutsche Sprache},
  title = {Deutsches Referenzkorpus / Archiv der Korpora geschriebener Gegenwartssprache 2011 -I},
  year = {2011}
}


@book{Lakoff1987,
  address = {Chicago et al.},
  author = {Lakoff, George},
  publisher = {University of Chicago Press},
  title = {Women, Fire, and Dangerous Things. What Categories reveal about the Mind. 4. Auflage, paperback ed},
  year = {1987}
}

@book{Langacker1987,
  address = {Stanford},
  author = {Langacker, Ronald W.},
  publisher = {Stanford University Press},
  title = {Foundations of Cognitive Grammar},
  year = {1987}
}


@book{Lawrenz2006,
  address = {Hamburg},
  author = {Lawrenz, Birgit.},
  publisher = {Dr. Kovač (= Philologia 91)},
  title = {Moderne deutsche Wortbildung. Phrasale Wortbildung im Deutschen: Linguistische Untersuchung und sprachdidaktische Behandlung},
  year = {2006}
}



@book{ZiemLasch2013,
  address = {Berlin et al.},
  author = {Ziem, Alexander and Lasch, Alexander.},
  publisher = {de Gruyter (= Germanistische Arbeitshefte 44)},
  title = {Konstruktionsgrammatik. Konzepte und Grundlagen gebrauchsbasierter Ans\"{a}tze},
  year = {2013}
}

@book{ZifonunEtAl1997,
  address = {Berlin},
  author = {Zifonun, Gisela and Hoffmann, Ludger and Strecker, Bruno.},
  publisher = {de Gruyter (= Schriften des Instituts f\"{u}r Deutsche Sprache 7)},
  title = {Grammatik der deutschen Sprache},
  year = {1997}
}

 

@comment{bjarnadottir}
@book{Árnason2011,
	address = {Oxford},
	author = {Árnason, Kristján},
	sortname = {Arnason, Kristjan},	
	publisher = {Oxford University Press},
	title = {The Phonology of {Icelandic} and {Faroese}},
	year = {2011}
}



@incollection{Bjarnadóttir1995,
	author = {Bjarnadóttir, Kristín},
	editors = {Ásta Svavarsdóttir and Guðrún Kvaran and Jón Hilmar Jónsson},
	booktitle ={Nordiske studier i leksikografi},
	pages = {255–263},
	title = {Lexicalization and the Selection of Compounds for a Bilingual {Icelandic} Dictionary Base},
	volume = {3},
	year = {1995}
}






@misc{Bjarnadóttir2002,
	address = {The Website of The Institute of Lexicography},
	urldate={2002-04-01},
	author = {Bjarnadóttir, Kristín},
	url = {http://notendur.hi.is/~kristinb/comp-short.pdf.},
	title = {A Short Description of Icelandic Compounds},
	year = {2002}
}



@misc{Bjarnadóttir19962005,
	author = {Bjarnadóttir, Kristín},
	title = {Afleiðsla og samsetning í generatífri málfræði og greining á íslenskum gögnum},
	journal ={Rannsóknar- og fræðslurit},
	number = {7},
	 publisher = {Orðabók Háskólans},
	address={Reykjavík},
	year = {1996[2005]}
}



@incollection{Bjarnadóttir2012,
	author = {Bjarnadóttir, Kristín},
	booktitle = {{LREC 2012 Proceedings: Proceedings of “Language Technology for Normalization of Less-Resourced Languages”, SaLTMiL 8 – AfLaT}},
	pages = {13–18},
	title = {The Database of Modern Icelandic Inflection}, 
	year = {2012}
}



@article{Booij1994,
	author = {Booij, Geert},
	journal = {Yearbook of Morphology},
	pages = {27–50},
	title = {Against split morphology},
	volume = {1993},
	year = {1994}
}

 

@incollection{Botha1981,
	address = {Dordrecht},
	author = {Botha, Rudolph},
	booktitle = {The scope of lexical rules},
	editor = {Moortgat, Michael and {van der Hulst}, Harry and Hoekstra, Teun},
	pages = {1–77},
	publisher = {Foris},
	title = {A base rule theory of {Afrikaans} synthetic compounds},
	year = {1981}
}








@article{DaðasonEtAl2014,
	author = {Daðason, Jón Friðrik  and  Kristín  Bjarnadóttir},
	journal = {LREC 2014 Proceedings},
	pages = {1637–1641},
	title = {Utilizing Constituent Structure for Compound Analysis}, 
	year = {2014}
}



@article{Daðason2015,
	author = {Daðason, Jón Friðrik,  and  Kristín  Bjarnadóttir},
	journal = {Orð og tunga},
	pages = {115–132},
	title = {Kvistur: Vélræn stofnhlutagreining samsettra orða},
	volume = {17},
	year = {2015}
}



@misc{HallsteinsdóttirEtAl2007,
	author = {Hallsteinsdóttir, E. and Eckart, T. and Biemann, C. and Quasthoff, U.  and  Richter, M},
	title = {Ís\-lensk\-ur Orðasjóður – Building a Large Icelandic Corpus. Proceedings of NODALIDA-07, Tartu, Estonia.},
	year = {2007}
}



@misc{Indriðason1994,
	author = {Indriðason, Þorsteinn G},
	title = {Regluvirkni í orðasafni og utan þess. Um lexíkalska hljóðkerfisfræði íslensku},
	year = {1994},
address = {Reykjavík},
publisher ={Málvísindastofnun Háskóla Íslands}
}



@article{Indriðason1999,
	author = {Indriðason, Þorsteinn G},
	journal = {Íslenskt mál},
	pages = {107–150},
	title = {Um eignarfallssamsetn\-ingar og aðrar samsetningar í íslensku},
	volume = {21},
	year = {1999}
}



@article{Indriðason2014,
	author = {Indriðason, Þorsteinn G},
	journal = {Íslenskt mál},
	pages = {9–30},
	title = {Fallbeygðir fyrri liðir og tvær kenningar um orð\-hlutafræði},
	volume = {36},
	year = {2014}
}



@article{Jónsson1984,
	author = {Jónsson, Baldur},
	address = {Oslo},
	pages = {158–174},
	title = {Samsett orð með samsetta liði. {F}áeinar athuganir}, 
	booktitle = {Festskrift til Einar Lundeby 3 október 1984},
	year = {1984}
}

@incollection{Lieber1989,
	author = {Lieber, Rochelle},
	booktitle = {Yearbook of Morphology 2.},
	editor = {Geert Booij and Jaap van Marle},
	pages = {95–138},
	title = {On percolation},
	year = {1989}
}


@article{Meibauer2007,
  author = {Meibauer, Jörg},
  title = {How marginal are phrasal compounds? {Generalized insertion, expressivity, and I/Q-interaction}},
  journal = {Morphology},
  pages={233--259},
  volume = {17},
  year = {2007}
}

 



@incollection{Perlmutter1988,
	address = {San Diego},
	author = {Perlmutter, David},
	booktitle = {Theoretical Morphology.},
	editor = {Michael Hammond and Michael Noonan},
	pages = {77–99},
	publisher = {Academic Press},
	title = {The Split Morphology Hypothesis: {E}vidence from {Yiddish}},
	year = {1988}
}



@book{Rask1811,
	address = {Copenhagen},
	author = {Rask, Rasmus Christian.},
	publisher = {Schuboth},
	title = {Vejledningen til det islandske eller gamle nordiske sprog},
	year = {1811}
}



@book{Rögnvaldsson1986,
	address = {Reykjavík},
	author = {Rögnvaldsson, Eiríkur},
	publisher = {Málvísindastofnun Háskóla Íslands},
	title = {Íslensk orðhlutafræði: kennslukver handa nemendum á háskólastigi},
	year = {1986}
}



@article{Snædal1992,
	author = {Snædal, Magnús},
	title = {Hve langt má orðið vera?},
	journal = {Íslenskt mál},
	pages = {173–207},
	volume = {14},
	year = {1992}
}



@book{Svensén1993,
	address = {Oxford},
	author = {Svensén, Bo},
	publisher = {Oxford University Press},
	title = {Practical Lexicography. {P}rinciples and Methods of Dictionary-Making},
	year = {1993}
}



@book{ThráinssonEtAl2004,
	address = {Tórshavn},
	author = {Thráinsson, Höskuldur and Hjalmar P. Petersen and Jógvan í Lon Jacobsen  and  Zakaris Svabo Hansen},
	publisher = {Føroya Fróðskaparfelag},
	title = {Faroese. {A}n Overview and Reference Grammar},
	year = {2004}
}



@book{Thráinsson2007,
	address = {Cambridge},
	author = {Thráinsson, Höskuldur},
	publisher = {Cambridge University Press},
	title = {The Syntax of {Icelandic}},
	series={Cambridge Syntax Guides},
	year = {2007}
}


 
@book{FB95,
        Author = {Fleischer, Wolfgang and Barz, Irmhild},
        Date-Added = {2016-09-01 12:23:04 +0200},
        Date-Modified = {2016-09-01 12:26:02 +0200},
        Publisher = {T{\"u}bingen: Niemeyer},
        Title = {Wortbildung der deutschen {G}egenwartssprache},
        Year = {1995}}

@article{Wiese1996,
        Author = {Wiese, Richard},
        Date-Added = {2016-09-01 10:58:26 +0200},
        Date-Modified = {2016-09-01 11:00:03 +0200},
        Journal = {Linguistic Inquiry},
        Pages = {183--193},
        Title = {Phrasal compounds and the theory of word syntax},
        Volume = {27},
        Year = {1996}}

@article{TK15,
        Author = {Trips, Carola and Kornfilt, Jaklin},
        Date-Added = {2016-09-01 10:57:09 +0200},
        Date-Modified = {2016-09-01 10:58:10 +0200},
        Journal = {Language Typology and Universals},
        Pages = {281--322},
        Title = {Typological aspects of phrasal compounds in {E}nglish, {G}erman, {T}urkish and {T}urkic},
        Volume = {68},
        Year = {2015}}

@incollection{Trips2015,
        Author = {Trips, Carola},
        Booktitle = {The semantics of compounding},
        Date-Added = {2016-09-01 10:55:13 +0200},
        Date-Modified = {2016-09-01 10:56:43 +0200},
        Editor = {Hacken, Pius ten},
        Publisher = {Oxford: Oxford University Press},
        Title = {The relevance of phrasal compounds for the architecture of grammar}}
 
        



@inproceedings{Spencer2010,
        Author = {Spencer, Andrew},
        Booktitle = {Proceedings of the 17th International Conference on Head-Driven Phrase Structure Grammar},
        Date-Added = {2016-09-01 10:50:51 +0200},
        Date-Modified = {2016-09-01 10:52:39 +0200},
        Editor = {M{\"u}ller, Stefan},
        Pages = {322--340},
        Publisher = {Stanford: CSLI},
        Title = {Lexical relatedness and the lexical entry -- a formal unification},
        Year = {2010}}

@incollection{Schmidt2000,
        Author = {Schmidt, Hartmut},
        Booktitle = {Wortschatz und {O}rthographie in {G}eschichte und {G}egenwart. Festschrift f{\"u}r {H}ort {H}aider {M}unske zum 65. {G}eburtstag},
        Date-Added = {2016-09-01 10:48:30 +0200},
        Date-Modified = {2016-09-01 10:50:26 +0200},
        Editor = {Habermann, Mechthild and M{\"u}ller, Peter O. and Naumann, Bernd},
        Pages = {135--158},
        Publisher = {T{\"u}bingen: Niemeyer},
        Title = {Hochkomplexe {L}exeme: {W}ortbildung und {T}raditionen des {F}ormulierens},
        Year = {2000}}


@article{Sato2010,
        Author = {Sato, Yosuke},
        Date-Added = {2016-09-01 10:45:39 +0200},
        Date-Modified = {2016-09-01 10:46:40 +0200},
        Journal = {Lingua},
        Pages = {379--407},
        Title = {Complex phrase structures within morphological words: evidence from English and Indonesian},
        Volume = {120},
        Year = {2010}}

@incollection{Sag2012synopsis,
        Author = {Sag, Ivan A.},
        Booktitle = {Sign-based Construction Grammar},
        Date-Added = {2016-09-01 10:43:39 +0200},
        Date-Modified = {2016-09-01 10:45:22 +0200},
        Editor = {Boas, Hans C. and Sag, Ivan A.},
        Pages = {69--202},
        Publisher = {Stanford: CSLI},
        Title = {Sign-based Construction Grammar: {A}n informal synopsis},
        Year = {2012}}
        
        
@incollection{Sag2012intro,
        address = {Stanford, CA},
        author = {Sag, Ivan A. and Boas, Hans C. and Kay, Paul},
        booktitle = {Sign-Based Construction Grammar},
        editor = {Boas, Hans C. and Sag, Ivan},
        pages={1--29},
        publisher = {CSLI Publications},
        title = {Introducing sign-based construction grammar},
        year = {2012}
}



@incollection{Pafel2007,
        Author = {Pafel, J{\"u}rgen},
        Booktitle = {Zitat und {B}edeutung},
        Date-Added = {2016-09-01 10:38:26 +0200},
        Date-Modified = {2016-09-01 10:40:06 +0200},
        Editor = {Brendel, Elke and Meibauer, J{\"o}rg and Steinbach, Markus},
        Pages = {201-214},
        Publisher = {Hamburg: Buske},
        Title = {Ein {E}ssay mit dem {T}itel `{O}n pure quotation'},
        Year = {2007}}

@book{Pafel2005,
        Author = {Pafel, J{\"u}rgen},
        Date-Added = {2016-09-01 10:37:15 +0200},
        Date-Modified = {2016-09-01 10:38:07 +0200},
        Publisher = {Amsterdam/Philadelphia: Benjamins},
        Title = {Quantifier scope in {G}erman},
        Year = {2005}}

@inbook{OM91,
        Author = {Ortner, Lorelies and M{\"u}ller-Bollhagen, Elgin and Ortner, Hanspeter and Wellmann, Hans and Piimpel-Mader, Maria and Gartner, Hildegard},
        Chapter = {Vierter {H}auptteil: {S}ubstantivkomposita},
        Date-Added = {2016-09-01 10:33:23 +0200},
        Date-Modified = {2016-09-01 10:36:54 +0200},
        Publisher = {Berlin/New York: de Gruyter},
        Title = {Deutsche {W}ortbildung. {T}ypen und {T}endenzen in der deutschen {G}egenwartssprache},
        Year = {1991}}

@article{MW14,
        Author = {M{\"u}ller, Stefan/Wechsler, Stephen Mark},
        Date-Added = {2016-09-01 10:31:58 +0200},
        Date-Modified = {2016-09-01 10:32:48 +0200},
        Journal = {Theoretical Linguistics},
        Pages = {1-76},
        Title = {Lexical approaches to argument structure},
        Volume = {40},
        Year = {2014}}

@article{LS06,
        Author = {Lieber, Rochelle and Scalise, Sergio},
        Date-Added = {2016-09-01 10:30:11 +0200},
        Date-Modified = {2016-09-01 10:31:38 +0200},
        Journal = {Lingue e Linguaggio},
        Pages = {7-32},
        Title = {The {L}exical {I}ntegrity {H}ypothesis in a new theoretical universe},
        Volume = {5},
        Year = {2006}}
 
@book{Klockow1980,
        Author = {Klockow, Reinhard},
        Date-Added = {2016-09-01 10:27:55 +0200},
        Date-Modified = {2016-09-01 10:28:40 +0200},
        Publisher = {Frankfurt/M.: Haag und Herchen},
        Title = {Linguistik der {G}{\"a}nsef{\"u}{\ss}chen. {U}ntersuchungen zum {G}ebrauch der {A}nf{\"u}hrungszeichen im gegenw{\"a}rtigen {D}eutsch},
        Year = {1980}}

@article{Kay2014,
        Author = {Kay, Paul},
        Date-Added = {2016-09-01 10:26:30 +0200},
        Date-Modified = {2016-09-01 10:27:34 +0200},
        Journal = {Theoretical Linguistics},
        Pages = {149--16},
        Title = {Unary phrase structure rules and the Cognitive Linguistics lexical linking theory},
        Volume = {40},
        Year = {2014}}

@book{Jespersen1924,
        Author = {Jespersen, Otto},
        Date-Added = {2016-09-01 10:25:15 +0200},
        Date-Modified = {2016-09-01 10:26:13 +0200},
        address = {London},
        publisher ={Allen \& Unwin},
        Title = {Philosophy of grammar},
        Year = {1924}}

@article{Jackendoff1984,
        Author = {Jackendoff, Ray},
        Date-Added = {2016-09-01 10:23:57 +0200},
        Date-Modified = {2016-09-01 10:24:58 +0200},
        Journal = {Natural Language and Linguistic Theory},
        Pages = {25--37},
        Title = {On the phrase: the phrase 'the phrase'},
        Volume = {2},
        Year = {1984}}
 

 

@incollection{Harley2009,
        address = {Oxford},
        author = {Harley, Heidi},
        booktitle = {The Oxford Handbook of Compounding},
        editor = {Rochelle Lieber and Pavol Štekauer},
        pages={129--144},
        publisher = {OUP},
        title = {Compounding in Distributed Morphology},
        year = {2009}
}



@incollection{Brogyanyi1979,
        Author = {Brogyanyi, Bela},
        Booktitle = {Studies in diachronic, synchronic, and typological linguistics: festschrift for {O}swald {S}zemer{\'e}nyi on the occasion of his 65th birthday},
        Date-Added = {2016-09-01 10:13:41 +0200},
        Date-Modified = {2016-09-01 10:15:34 +0200},
        Editor = {Brogyanyi, Bela},
        Pages = {159--165},
        Publisher = {Amsterdam: Benjamins},
        Title = {Bemerkungen zu den {P}hrasenkomposita},
        Year = {1979}}

@periodical{Botha1980,
        Author = {Botha, Rudolf P.},
        Date-Added = {2016-09-01 10:10:50 +0200},
        Date-Modified = {2016-09-01 10:12:57 +0200},
        Journal = {Stellenbosch Papers in Linguistics},
        Title = {Word-based morphology and synthetic compounding},
        Volume = {5},
        Year = {1980}}
        
         

 
         @article{Bisetto2015,
        Author = {Bisetto, Antonietta},
        Date-Added = {2016-08-06 15:55:52 +0000},
        Date-Modified = {2016-08-06 15:55:52 +0000},
        Journal = {STUF--Language Typology and Universals},
        Pages = {395--419},
        Title = {Do {R}omance Languages have phrasal compounds? {A} look at {I}talian},
        Volume = {68},
        Year = {2015}}

@book{AN04,
        Author = {Ackema, Peter and Neeleman, Ad},
        Date-Added = {2016-09-01 10:04:30 +0200},
        Date-Modified = {2016-09-01 10:05:47 +0200},
        Publisher = {Oxford: OUP},
        Title = {Beyond morphology},
        Year = {2004}}

@book{Bresnan2001,
        Author = {Bresnan, Joan},
        Date-Added = {2016-09-01 09:55:39 +0200},
        Date-Modified = {2016-09-01 09:57:26 +0200},
        Publisher = {Oxford: Blackwell},
        Title = {Lexical-functional grammar.},
        Year = {2001}}


@incollection{Baayen1992,
	author={Baayen, Harald R.},
	year={1992},
	title={ Quantitative aspects of morphological productivity},
	editor={Booij, Geert E. and von Marle, Jaap},
	booktitle={Yearbook of Morphology 1991},
	address={Dordrecht},
	publisher={Kluwer Academic Publishers},
	pages={109--149}
}

@misc{CLPA,
	title={Corpus Linguistics Programme Area},
	url={http://www1.ids-mannheim.de/fileadmin/kl/dokumente/flyer-en-dereko.pdf},
	urldate={09/2016}
}

@incollection{Deppermann2006,
	author={Deppermann, Arnulf},
	year={2006},
	title={Construction grammar -- eine {G}rammatik für die {I}nteraktion?},
	editor={Deppermann, Arnulf  and  Fiehler, Reinhard  and  Spranz-Fogasy, Thomas},
	booktitle={{Grammatik und Interaktion. Untersuchungen zum Zusammenhang von grammatischen Strukturen und Gespr\"{a}chsprozessen}},
	address={Radolfzell},
	publisher={Verlag f\"{u}r Gespr\"{a}chsforschung}, 
	pages={43--65}
}	

@article{Fandrych1994,
	author={Fandrych, Christian and Thurmair, Maria},
	year={1994}, 
	title={{Ein Interpretationsmodell für Nominalkomposita: linguistische und didaktische Überlegungen}},
	journal={Deutsch als Fremdsprache},
	volume={31}, 
	pages={34--45}
}	


@article{Hein2011,
	author={Hein, Katrin},
	year={2011},
	title={{Phrasenkomposita -- ein wortbildungsfremdes Randph\"{a}nomen zwischen Morphologie und Syntax?}},
	journal={Deutsche Sprache},
	volume={39}, 
	pages={331--361}
}

@incollection{Jakobson1960,
	author={Jakobson, Roman},
	year={1960},
	title={Linguistics and Poetics},
	editor={Sebeok, Thomas A.},
	booktitle={Style in language},
	address={Cambridge et al.},
	publisher={Technology  Press of MIT}, 
	pages={350--377}
}	
	
@incollection{Langacker1988,
	author={Langacker, Ronald W.},
	year={1988},
	title={A Usage-Based Model},
	editor={Rudzka-Ostyn, Brygida},
	booktitle={Topics in Cognitive Linguistics},
	address={Amsterdam et al.},
	publisher={Benjamins}, 
	pages={127--161},
	series={Current issues in linguistic theory},
	number={50}
}

@incollection{Langacker2000,
	author={Langacker, Ronald},
	year={2000},
	title={A Dynamic Usage-Based Model},
	editor={Barlow, Michael  and  Kemmer, Suzanne},
	booktitle={Usage-based models of language},
	address={Stanford},
	publisher={Center for the Study of Language and Information}, 
	pages={1--63}
}

	
@incollection{Schlücker2012,
	author={Schlücker, Barbara},
	year={2012},
	title={{Die deutsche Kompositionsfreudigkeit. Übersicht und Einführung}},
	editor={Gaeta, Livio  and  Schlücker, Barbara},
	booktitle={Das Deutsche als kompositionsfreudige {S}prache. {S}trukturelle {E}igenschaften und systembezogene {A}spekte},
	address={Berlin et al.},
	publisher={de Gruyter}, 
	pages={1--25},
	series={Linguistik -- {I}mpulse \& {T}endenzen},
	number={46}
}
 

        @incollection{Trips2012,
            Address = {Patras},
            Author = {Trips, Carola},
            Booktitle = {Online Proceedings of the eighth {M}editerranean {M}orphology {M}eeting},
            Date-Added = {2017-05-02 10:25:45 +0000},
            Date-Modified = {2017-05-02 10:27:47 +0000},
            Editor = {Ralli, Angela and Booij, Geert and Scalise, Sergio and Karasimos, Athanasios},
            Pages = {322--346},
            Publisher = {University of Patras},
            Title = {Empirical and Theoretical Aspects of Phrasal Compounds: {A}gainst the `syntax explains it all' attitude.},
            Year = {2012}}



@incollection{Tuldava2005,
	author={Tuldava, Juhan},
	year={2005},
	title={Stylistics, author identification},
	editor={Köhler, Reinhard},
	booktitle={Quantitative Linguistik. Ein internationales Handbuch},
	address={Berlin},
	publisher={de Gruyter},
	pages={368--387},
	series={Handbücher zur Sprach- und Kommunikationswissenschaft},
	number={27}
}