@book{langsci-current-book, editor = {Shanley E. M. Allen and Mareike Keller and Artemis Alexiadou and Heike Wiese}, title = {{Linguistic dynamics in heritage speakers}}, subtitle = {{Insights from the RUEG group}},year = {2025}, series = {Current Issues in Bilingualism}, number = {4}, location = {Berlin}, publisher = {Language Science Press}, options = {dataonly=true} } 
