
@InCollection{Bisiadabiberrornoyear,
  author    = {Bisiada, Mario},
  booktitle = {Empirically modelling translation and interpreting},
  publisher = {Language Science Press},
  title     = {Universals of editing and translation},
  year      = {\biberror{no year}},
  address   = {Berlin},
  editor    = {Hansen-Schirra, Silvia and Hoffman, Sascha and Meyer, Bernd},
  pages     = {\biberror{no pages}},
}

@InCollection{Authorbiberrornoyear,
  author    = {Author},
  booktitle = {Extending the Scope of Corpus-Based Translation Studies},
  publisher = {Bloomsbury},
  title     = {Syntactic properties of Constrained {{English}}: {A} corpus-driven approach},
  year      = {\biberror{no year}},
  address   = {\biberror{no address}},
  editor    = {\biberror{no editor}},
  pages     = {\biberror{no pages}},
  series    = {Advances in {Translation}},
}

@InCollection{Krugerbiberrornoyear,
  author    = {Kruger, Haidee},
  booktitle = {New ways of analysing translational behaviour},
  publisher = {De Gruyter},
  title     = {A corpus-based study of the effects of editorial intervention: {Implications} for the features of translated language.},
  year      = {\biberror{no year}},
  address   = {Berlin},
  editor    = {De Sutter, Gert and Delaere, Isabelle and Lefer, Marie-Aude},
  pages     = {\biberror{no pages}},
}

@InCollection{WhyattEtAlbiberrornoyeara,
  author    = {Whyatt, Boguslawa and {Kajzer-Wietrzny, Marta} and {Stachowiak, Katarzyna}},
  booktitle = {Translation in Transition: {Between} Cognition, Computing and Technology},
  publisher = {John Benjamins},
  title     = {A comparative analysis of decision making in interlingual and intralingual translation. {Combining} process and product.},
  year      = {\biberror{no year}},
  address   = {Amsterdam},
  editor    = {Jakobsen, Arnt Lykke and Mesa-Loa, Barto},
  pages     = {\biberror{no pages}},
  series    = {Benjamins {Translation} {Library}},
}

@Article{Bartlomiejczykbiberrornoyear,
  author   = {Bartłomiejczyk, Magdalena},
  journal  = {\biberror{no journal}},
  title    = {Interpreting nonmainstream ideology ({Euroscepticism}) in the {{European}} {Parliament}},
  year     = {\biberror{no year}},
  pages    = {\biberror{no pages}},
  volume   = {\biberror{no volume}},
  sortname = {Bartlomiejczyk, Magdalena},
}

@Article{Baktibiberrornoyear,
  author   = {Bakti, Mária},
  journal  = {\biberror{no journal}},
  title    = {Disharmonies in the target language output of simultaneous interpreters},
  year     = {\biberror{no year}},
  pages    = {\biberror{no pages}},
  volume   = {\biberror{no volume}},
  sortname = {Bakti, Maria},
}

@Article{KorzinekChmielbiberrornoyear,
  author   = {Koržinek, Danijel and Chmiel, Agnieszka},
  journal  = {Revista Tradumàtica},
  title    = {Interpreter identification in the {{Polish}} Interpreting Corpus},
  year     = {\biberror{no year}},
  pages    = {\biberror{no pages}},
  volume   = {\biberror{no volume}},
  sortname = {Korzinek, Danijel and Chmiel, Agnieszka},
}

@Article{KarakantaEtAlnoyear,
  author  = {Karakanta, Alina and Przybyl, Heike and Teich, Elke},
  journal = {Corpora in translation research: recent advances and applications},
  title   = {Exploring Variation in Translation with Probabilistic Language Models},
  year    = {\biberror{no year}},
  pages   = {\biberror{no pages}},
  volume  = {\biberror{no volume}},
}


@InCollection{WhyattEtAlbiberrornoyear,
  author    = {Whyatt, Bogusława and Kajzer-Wietrzny, Marta and Stachowiak, Katarzyna},
  booktitle = {Translation in Transition},
  publisher = {Benjamins},
  title     = {A comparative analysis of decision making in interlingual and intralingual translation. {Combining} process and product},
  year      = {\biberror{no year}},
  address   = {\biberror{no address}},
  editor    = {Jakobsen, Arnt Lykke},
  pages     = {\biberror{no pages}},
  series    = {Benjamins {Translation} {Library}},
  sortname  = {Whyatt, Boguslawa and Kajzer-Wietrzny, Marta and Stachowiak, Katarzyna},
}


@Book{Settonbiberrornoyear,
  author    = {{Setton, Robin}},
  publisher = {Benjamins},
  title     = {Simultaneous interpreting. {A} cognitive-pragmatic analysis},
  year      = {\biberror{no year}},
  address   = {Amsterdam},
}

@Book{Schwieterbiberrornoyear,
  author    = {Schwieter, John W.},
  publisher = {\biberror{no publisher}},
  title     = {Psycholinguistic and Cognitive Inquiries into Translation and Interpreting},
  year      = {\biberror{no year}},
  address   = {\biberror{no address}},
}

@Book{Maraisbiberrornoyear,
  author    = {Marais, Kobus},
  publisher = {Routledge},
  title     = {Translation theory and developmental studies: {A} complexity theory approach.},
  year      = {\biberror{no year}},
  address   = {London},
}

@Book{Cicero46BCE,
  author    = {{Cicero, Marcus Tullius}},
  publisher = {\biberror{no publisher}},
  title     = {De Optimo Genere Oratorium},
  year      = {46 BCE},
  address   = {\biberror{no address}},
}

@Article{Chesterman2010,
  author  = {{Chesterman Andrew}},
  journal = {\biberror{no journal}},
  title   = {Why study translation universals?},
  year    = {2010},
  volume  = {\biberror{no volume}},
  url     = {https://helda.helsinki.fi/handle/10138/24319},
  urldate = {2012-12-05},
}

% not sure what the following citation is
@Misc{Communicationnd,
  author = {{Directorate-General for Communication}},
  title  = {{{European}} {Parliament} {Plenary}},
  url    = {https://www.europarl.europa.eu/plenary/en/home.html},
}

% url in the following citation incorrect
@Misc{CHNMnd,
  author = {{Center for History and New Media}},
  title  = {Przewodnik "{Szybki} start"},
  url    = {http://zotero.org/support/quick_start_guide},
}
