@book{langsci-current-book, editor = {Marta Kajzer-Wietrzny and Adriano Ferraresi and Ilmari Ivaska and Silvia Bernardini}, title = {{Mediated discourse at the European Parliament}}, subtitle = {{Empirical investigations}},year = {2022}, series = {Translation and Multilingual Natural Language Processing}, number = {19}, location = {Berlin}, publisher = {Language Science Press}, options = {dataonly=true} } 
