@INCOLLECTION{chomsky2001,
author = {Chomsky, Noam},
title = {Derivation by phase},
booktitle = {Ken {H}ale: {A} life in language},
editor = {Kenstowicz, Michael},
publisher = {MIT Press},
address = {Cambridge, MA},
year = {2001},
pages = {1--52},
}

@INCOLLECTION{chomsky2004,
author = {Chomsky, Noam},
title = {Beyond explanatory adequacy},
booktitle = {The cartography of syntactic structures, vol. 3,  {Structures} and beyond},
editor = {Belletti, Adriana},
publisher = {Oxford University Press},
address = {Oxford},
year = {2004},
pages = {104--131},
}

@INCOLLECTION{chomsky2008,
author = {Chomsky, Noam},
title = {On phases},
booktitle = {Foundational issues in linguistic theory: {Essays} in honor of {Jean}-{Roger} {Vergnaud}},
editor = {Freidin, Robert and  Otero, Carlos P. and Zubizarreta, Maria Luisa},
publisher = {MIT Press},
address = {Cambridge, MA},
year = {2008},
pages = {133--166},
}

@ARTICLE{sigurdsson2004,
author = {Sigur{\dh}sson, Halld\'or \'Armann},
title = {Meaningful silence, meaningless sounds},
journal = {Linguistic Variation Yearbook},
year = {2004},
volume = {4},
pages = {235--259},
}

@INCOLLECTION{vanderhulst2015,
author = {van der Hulst, Harry},
title = {Phonology},
booktitle = {The {Routledge} handbook of linguistics},
editor = {Allan, Keith},
publisher = {Routledge},
address = {London},
year = {2015},
pages = {83--103},
}

@BOOK{merchant2001,
author = {Merchant, Jason},
title = {The syntax of silence: {S}luicing, islands, and the theory of ellipsis},
publisher = {Oxford University Press},
year = {2001},
address = {Oxford},
}

@ARTICLE{chomskylasnik1977,
author = {Chomsky, Noam and Lasnik, Howard},
title = {Filters and control},
journal = {Linguistic Inquiry},
year = {1977},
volume = {8},
number = {3},
pages = {425--504},
}

@INCOLLECTION{rizzi1997,
author = {Rizzi, Luigi},
title = {The fine structure of the left periphery},
booktitle = {Elements of grammar},
editor = {Haegeman, Liliane},
publisher = {Kluwer},
address = {Dordrecht},
year = {1997},
pages = {281--337},
doi = {10.1007/978-94-011-5420-8_7},
}

@INCOLLECTION{rizzi2004,
author = {Rizzi, Luigi},
title = {Locality and left periphery},
booktitle = {The cartography of syntactic structures, vol. 3, {Structures} and beyond:},
editor = {Belletti, Adriana},
publisher = {Oxford University Press},
address = {Oxford},
year = {2004},
pages = {223--251},
}

@ARTICLE{fanselowlenertova2011,
author = {Fanselow, Gisbert and Lenertov\'a, Denisa},
title = {Left peripheral focus: {M}ismatches between syntax and information structure},
journal = {Natural Language $\&$ Linguistic Theory},
year = {2011},
volume = {29},
number = {1},
pages = {169--209},
}

@ARTICLE{sobin2002,
author = {Sobin, Nicholas},
title = {The {C}omp-trace effect, the adverb effect and minimal {CP}},
journal = {Journal of Linguistics},
year = {2002},
volume = {38},
pages = {527--560},
}

@INCOLLECTION{poletto2006,
author = {Poletto, Cecilia},
title = {Parallel phases: {A} study of the high and low left periphery of {O}ld {I}talian},
booktitle = {Phases of interpretation},
editor = {Frascarelli, Mara},
publisher = {De Gruyter},
address = {Berlin},
year = {2006},
pages = {261--294},
}

@INCOLLECTION{bayerbrandner2008,
author = {Bayer, Josef and Brandner, Ellen},
title = {On wh-head-movement and the {D}oubly-{F}illed-{C}omp {F}ilter},
booktitle = {Proceedings of the 26th {W}est {C}oast {C}onference on {F}ormal {L}inguistics},
editor = {Chang, Charles B. and Haynie, Hannah J.},
publisher = {Cascadilla Proceedings Project},
address = {Somerville, MA},
year = {2008},
pages = {87--95},
}

@ARTICLE{brandnerbraeuning2013,
author = {Brandner, Ellen and Bräuning, Iris},
title = {Relative \emph{wo} in {Alemannic}: {Only} a complementizer?},
journal = {Linguistische Berichte},
year = {2013},
volume = {234},
pages = {131--169},
}

@BOOK{austin1962,
author = {Austin, John Langshow},
title = {How to do things with words},
publisher = {Oxford University Press},
address = {Oxford},
year = {1962},
}

@BOOK{bacskaiatkari2014diss,
author= {Bacskai-Atkari, Julia},
title = {The syntax of comparative constructions: {O}perators, ellipsis phenomena and functional left peripheries},
publisher = {Universitätsverlag Potsdam},
year = {2014},
address = {Potsdam},
}

@BOOK{bacskaiatkari2018langsci,
author = {Bacskai-Atkari, Julia},
title = {Deletion phenomena in comparative constructions: {E}nglish comparatives in a cross-linguistic perspective},
publisher = {Language Science Press},
address = {Berlin},
year = {2018},
doi = {10.5281/zenodo.2545509},
}

@MISC{bacskaiatkaribaudisch2018,
author = {Bacskai-Atkari, Julia and Baudisch, Lisa},
title = {Clause typing in {G}ermanic: {A} questionnaire and its results},
year = {2018},
note = {Potsdam: University of Potsdam. URL: https://publishup.uni-potsdam.de/frontdoor/index/index/docId/40681, last accessed: 07.04.2018},
}

@ARTICLE{baltin2010,
author = {Baltin, Mark},
title = {The nonreality of doubly filled {C}omps},
journal = {Linguistic Inquiry},
year = {2010},
volume = {41},
number = {2},
pages = {331--335},
}

@ARTICLE{bresnan1973,
author = {Bresnan, Joan},
title = {The syntax of the comparative clause construction in {E}nglish},
journal = {Linguistic Inquiry},
year = {1973},
volume = {4},
number = {3},
pages = {275--343}
}

@BOOK{chomsky1995,
author = {Chomsky, Noam},
title = {The {M}inimalist {P}rogram},
publisher = {MIT Press},
address = {Cambridge, MA},
year = {1995},
}

@BOOK{denbesten1989,
author = {den Besten, Hans},
title = {Studies in {W}est {G}ermanic syntax},
publisher = {Rodopi},
address = {Amsterdam},
year = {1989},
}

@BOOK{dendikken2006,
author = {den Dikken, Marcel},
title = {Relators and linkers: {T}he syntax of predication, predicative inversion, and copulas},
publisher = {MIT Press},
address = {Cambridge, MA},
year = {2006},
}

@INCOLLECTION{fanselow2002,
author = {Fanselow, Gisbert},
title = {Quirky subjects and other specifiers},
booktitle = {More than words},
editor = {Kaufmann, Ingrid and Stiebels, Barbara},
publisher = {Akademie-Verlag},
address = {Berlin},
year = {2002},
pages = {227--250},
}

@INCOLLECTION{fanselow2004,
author = {Fanselow, Gisbert},
title = {Münchhausen-style head movement and the analysis of verb second},
booktitle = {Three papers on {G}erman verb movement},
editor = {Vogel, Ralf},
publisher = {Universitätsverlag Potsdam},
address = {Potsdam},
year = {2004},
pages = {9--49},
}

@INCOLLECTION{fanselow2004isis,
author = {Fanselow, Gisbert},
title = {Cyclic phonology--syntax interaction: {M}ovement to first position in {G}erman},
booktitle = {Interdisciplinary {Studies} in {Information} {Structure} vol. 1: {Working} papers of the {SFB} 632},
editor = {Ishihara, Shinichiro and Schmitz, Michaela and Schwarz, Anne},
publisher = {Universitätsverlag Potsdam},
address = {Potsdam},
year = {2004},
pages = {1--42},
}

@INCOLLECTION{frey2005,
author = {Frey, Werner},
title = {Zur {S}yntax der linken {P}eripherie im {D}eutschen},
booktitle = {Deutsche {S}yntax: {E}mpirie und {T}heorie},
editor = {d'Avis, Franz Josef},
publisher = {Acta Universitatis Gothoburgensis},
address = {Göteborg},
year = {2005},
pages = {147--171},
}


@INCOLLECTION{herrmann2005,
author = {Herrmann, Tanja},
title = {Relative clauses in {E}nglish dialects of the {B}ritish {I}sles},
booktitle = {A comparative grammar of {B}ritish {E}nglish dialects 1: {A}greement, gender, relative clauses},
editor = {Kortmann, Bernd},
publisher = {De Gruyter},
address = {Berlin},
year = {2005},
pages = {21--124},
doi = {10.1515/9783110197518.21},
}

@INCOLLECTION{hoytteodorescu2012,
author = {Hoyt, Frederik and Teodorescu, Alexandra},
title = {How many kinds of sluicing, and why? {S}ingle and multiple sluicing in {R}omanian, {E}nglish, and {J}apanese},
booktitle = {Sluicing: {C}rosslinguistic perspectives},
editor = {Merchant, Jason},
address = {Amsterdam},
publisher = {John Benjamins},
year = {2012},
pages = {83--103},
}

@BOOK{jaeger2018,
author = {Jäger, Agnes},
title = {Vergleichskonstruktionen im {D}eutschen: {D}iachroner {W}andel und synchrone {V}ariation},
address = {Berlin},
publisher = {De Gruyter},
year = {2018},
}

@BOOK{kayne1994,
author = {Kayne, Richard},
title = {The antisymmetry of syntax},
publisher = {MIT},
address = {Cambridge, MA},
year = {1994},
}

@INCOLLECTION{klima1964,
author = {Klima, Edward S.},
title = {Negation in {E}nglish},
booktitle = {The structure of language},
editor = {Fodor, Jerry A. and Katz, Jerrold J.},
publisher = {Prentice Hall},
address = {Englewood Cliffs},
year = {1964},
pages = {246--323},
}

@ARTICLE{merchant2004,
author = {Merchant, Jason},
title = {Fragments and ellipsis},
journal = {Linguistics and Philosophy},
year = {2004},
volume = {27},
pages = {661--738},
}

@ARTICLE{neelemanszendroei2004,
author = {Neeleman, Ad and Szendr{\H o}i, Kriszta},
title = {Superman sentences},
journal = {Linguistic Inquiry},
year = {2004},
volume = {35},
number = {1},
pages = {149--159},
}

@BOOK{quirkgreenbaumleechsvartvik1985,
author = {Quirk, Randolph and Greenbaum, Sidney and Leech, Geoffrey and Svartvik, Jan},
title = {A comprehensive grammar of the {E}nglish language},
publisher = {Longman},
address = {London},
year = {1985},
}

@INCOLLECTION{seuren1973,
author = {Seuren, Pieter},
title = {The comparative},
booktitle = {Generative grammar in {E}urope},
editor = {Kiefer, Ferenc and Ruwet, Nicolas},
publisher = {D. Reidel},
address = {Dordrecht},
year = {1973},
pages = {528--564},
}

@PHDTHESIS{thiersch1978diss,
author = {Thiersch, Craig},
title = {Topics in {G}erman syntax},
school = {MIT},
year = {1978},
}

@ARTICLE{vangelderen2009,
author = {van Gelderen, Elly},
title = {Renewal in the left periphery: {E}conomy and the complementiser layer},
journal = {Transactions of the Philological Society},
year = {2009},
volume = {107},
number = {2},
pages = {131--195},
doi = {10.1111/j.1467-968X.2009.01216.x},
}

@ARTICLE{vancraenenbroeckliptak2006,
author = {van Craenenbroeck, Jeroen and Lipt\'ak, Anik\'o},
title = {The crosslinguistic syntax of sluicing: {E}vidence from {H}ungarian relatives},
journal = {Syntax},
year = {2006},
volume = {9},
number = {3},
pages = {248--274},
}

@BOOK{aarts2011,
author = {Aarts, Bas},
title = {Oxford {M}odern {E}nglish grammar},
publisher = {Oxford University Press},
address = {Oxford},
year = {2011},
}

@PHDTHESIS{aboh1999diss,
author = {Aboh, Enoch Olad\'e},
title = {From the syntax of {G}ungbe to the grammar of {G}be},
school = {University of Geneva},
year = {1999},
}

@BOOK{ackermannikolaeva2013,
author = {Ackerman, Farrell and Nikolaeva, Irina},
title = {Descriptive typology and linguistic theory: {A} study in the morphosyntax of relative clauses},
publisher = {CSLI Publications},
address = {Stanford, CA},
year = {2013},
}

@INCOLLECTION{alber1994,
author = {Alber, Brigit},
title = {Indizi per l'esistenza di uno split-{CP} nelle lingue germaniche},
booktitle = {Teoria del linguaggio e analisi linguistica: {XX} incontro di grammatica generativa},
editor = {Borgato, Gianluigi},
publisher = {Unipress},
address = {Padova},
year = {1994},
pages = {3--23}
}

@INCOLLECTION{bacskaiatkari2017atoh,
author = {Bacskai-Atkari, Julia},
title = {Structural ambiguity and case assignment in {H}ungarian clausal and phrasal comparatives},
booktitle = {Approaches to {H}ungarian 15: {P}apers from the 2015 {L}eiden conference},
editor = {Hulst, Harry van der and Lipt\'ak, Anik\'o},
publisher = {John Benjamins},
address = {Amsterdam},
year = {2017},
pages = {35--63},
doi = {10.1075/atoh.15.02bac},
}

@ARTICLE{antinuccicinque1977,
author = {Antinucci, Francesco and Cinque, Guglielmo},
title = {Sull'ordine delle parole in italiano: l'emarginazione},
journal = {Studi di Grammatica Italiana},
year = {1977},
volume = {6},
pages = {121--146},
}

@ARTICLE{bellettishlonsky1995,
author = {Belletti, Adriana and Shlonsky, Ur},
title = {The order of verbal complements: {A} comparative study},
journal = {Natural Language $\&$ Linguistic Theory},
year = {1995},
volume = {13},
number = {3},
pages = {489--526},
}

@ARTICLE{bacskaiatkari2014dia,
author = {Bacskai-Atkari, Julia},
title = {Cyclical change in {H}ungarian comparatives},
journal = {Diachronica},
year = {2014},
volume = {31},
number = {4},
pages = {465--505},
}

@ARTICLE{bacskaiatkari2016alh,
author = {Bacskai-Atkari, Julia},
title = {Towards a cross-linguistic typology of marking polarity in embedded degree clauses},
journal = {Acta Linguistica Hungarica},
year = {2016},
volume = {63},
number= {4},
pages = {389--409},
}

@INCOLLECTION{bacskaiatkaridekany2014oup,
author = {Bacskai-Atkari, Julia and D\'ek\'any, \'Eva},
title = {From non-finite to finite subordination: {T}he history of embedded clauses},
booktitle = {The evolution of functional left peripheries in {H}ungarian syntax},
editor = {\'E. Kiss, Katalin},
publisher = {Oxford University Press},
address = {Oxford},
year = {2014},
pages = {148--223},
}

@ARTICLE{bayer1984,
author = {Bayer, Josef},
title = {C{OMP} in {B}avarian syntax},
journal = {The Linguistic Review},
year = {1984},
volume = {3},
number= {3},
pages = {1--38},
doi = {10.1515/tlir.1984.3.3.209},
}

@INCOLLECTION{bayer2004,
author = {Bayer, Josef},
title = {Decomposing the left periphery: {D}ialectal and cross-linguistic evidence},
booktitle = {The syntax and semantics of the left periphery},
editor = {Lohnstein, Horst and Trissler, Susanne},
publisher = {De Gruyter},
address = {Berlin},
year = {2004},
pages = {59--95},
}

@BOOK{behaghel1928,
author = {Behaghel, Otto},
title = {Deutsche {S}yntax: {E}ine geschichtliche {D}arstellung, {B}and {III}},
publisher = {Winter},
address = {Heidelberg},
year = {1928},
}

@PHDTHESIS{cheng1991diss,
author = {Cheng, Lisa Lai Shen},
title = {On the typology of wh-questions},
school = {MIT},
year = {1991},
}


@INCOLLECTION{denbesten1983,
author = {den Besten, Hans},
title = {On the interaction of root transformations and lexical deletive rules},
booktitle = {On the formal syntax of the {W}estgermania: {P}apers from the 3rd {G}roningen {G}rammar {T}alks (3e {G}roninger {G}rammatikgespräche), {G}roningen, {J}anuary 1981},
editor = {Abraham, Werner},
publisher = {John Benjamins},
address = {Amsterdam},
year = {1983},
pages = {47--131},
}

@ARTICLE{holmbergplatzack1988,
author = {Holmberg, Anders and Platzack, Christer},
title = {On the role of inflection in {S}candinavian syntax},
journal = {Working Papers in Scandinavian Syntax},
year = {1988},
volume = {42},
pages = {25--42},
}

@BOOK{haegeman1992,
author = {Haegeman, Liliane},
title = {Theory and description in generative syntax: {A} case study in {W}est {F}lemish},
publisher = {Cambridge University Press},
address = {Cambridge},
year = {1992},
}

@ARTICLE{shlonsky1993,
author = {Shlonsky, Ur},
title = {Agreement in {C}omp},
journal = {The Linguistic Review},
year = {1993},
volume = {11},
number = {3--4},
pages = {351--375},
}

@INCOLLECTION{tsimpli1995,
author = {Tsimpli, Ianthi-Maria},
title = {Focussing in{ M}odern {G}reek},
booktitle = {Discourse configurational languages},
editor = {\'E. Kiss, Katalin},
publisher = {Oxford University Press},
address = {Oxford},
year = {1995},
pages = {176--206},
}

@BOOK{horvath1986,
author = {Horvath, Julia},
title = {{FOCUS} in the theory of grammar and the syntax of {H}ungarian},
publisher = {Foris},
address = {Dordrecht},
year = {1986},
}

@ARTICLE{brody1990,
author = {Brody, Michael},
title = {Some remarks on the focus field in {H}ungarian},
journal = {UCL Working Papers in Linguistics},
year = {1990},
volume = {2},
pages = {201--225},
}

@BOOK{cinque1990,
author = {Cinque, Guglielmo},
title = {Types of {A}' dependencies},
publisher = {MIT Press},
address = {Cambridge, MA},
year = {1990},
}

@BOOK{ekiss1987,
author = {\'E. Kiss, Katalin},
title = {Configurationality in {H}ungarian},
publisher = {Reidel},
address = {Dordrecht},
year = {1987},
}

@ARTICLE{calabrese1982,
author = {Calabrese, Andrea},
title = {Alcune ipotesi sulla struttura informazionale della frase in italiano e sul suo rapporto con la struttura fonologica},
journal = {Rivista di Grammatica Generativa},
year = {1982},
volume = {7},
pages = {3--78},
}

@ARTICLE{mccloskey1996,
author = {McCloskey, James},
title = {On the scope of verb movement in {I}rish},
journal = {Natural Language $\&$ Linguistic Theory},
year = {1996},
volume = {14},
number = {1},
pages = {47--104},
}

@INCOLLECTION{roberts2004,
author = {Roberts, Ian},
title = {The {C}-system in {B}rythonic {C}eltic languages, {V}2 and the {EPP}},
booktitle = {The cartography of syntactic structures, vol. 2, {The} structure of {CP} and {IP}},
editor = {Rizzi, Luigi},
publisher = {Oxford University Press},
address = {Oxford},
year = {2004},
pages = {297--327},
}

@BOOK{roberts2005,
author = {Roberts, Ian},
title = {Principles and parameters in a {VSO} language},
publisher = {Oxford University Press},
address = {Oxford},
year = {2005},
}

@INCOLLECTION{culicover1992,
author = {Culicover, Peter W.},
title = {Topicalization, inversion, and complementizers in {E}nglish},
booktitle = {Going {Romance} and beyond: {Fifth} {Symposium} on {Comparative} {Grammar}},
editor = {Delfitto, Denis and Everaert, Martin and Evers, Arnold and Stuurman, Frits},
publisher = {OTS},
address = {Utrecht},
year = {1992},
pages = {1--43},
}

@INCOLLECTION{beninca1988,
author = {Beninc\`{a}, Paola},
title = {Costruzioni con ordine marcato degli elementi},
booktitle = {Grande grammatica italiana di consultazione, Vol. 1},
editor = {Renzi, Lorenzo and Salvi, Giampaolo and Cardinaletti, Anna},
publisher = {Il Mulino},
address = {Bologna},
year = {1988},
pages = {129--143},
}

@ARTICLE{rochemont1989,
author = {Rochemont, Michael},
title = {Topic islands and the subjacency parameter},
journal = {Canadian Journal of Linguistics},
year = {1989},
volume = {34},
number = {2},
pages = {145--170},
}

@ARTICLE{cinque1993,
author = {Cinque, Guglielmo},
title = {A null theory of phrase and compound stress},
journal = {Linguistic Inquiry},
year = {1993},
volume = {24},
number = {2},
pages = {239--297},
}

@BOOK{cinque1999,
author = {Cinque, Guglielmo},
title = {Adverbs and functional heads: {A} cross-linguistic perspective},
publisher = {Oxford},
address = {Oxford University Press},
year = {1999},
}

@INCOLLECTION{rizzi2001,
author = {Rizzi, Luigi},
title = {On the position {I}nt(errogative) in the left periphery of the clause},
booktitle = {Current studies in {I}talian syntax: {E}ssays offered to {L}orenzo {R}enzi},
editor = {Cinque, Guglielmo and Salvi, Giampaolo},
publisher = {Elsevier},
address = {Amsterdam},
year = {2001},
pages = {287--296},
}

@ARTICLE{grimshaw1997,
author = {Grimshaw, Jane},
title = {Projection, heads, and optimality},
journal = {Linguistic Inquiry},
year = {1997},
volume = {28},
number = {3},
pages = {373--422},
}

@ARTICLE{safir1993,
author = {Safir, Ken},
title = {Perception, selection, and structural economy},
journal = {Natural Language Semantics},
year = {1993},
volume = {2},
number = {1},
pages = {47--70},
}

@ARTICLE{crisma1992,
author = {Crisma, Paola},
title = {On the acquisition of {W}h-questions in {F}rench}, 
year = {1992},
journal = {GenGenP},
volume = {0},
pages = {115--122},
}

@ARTICLE{speas1994,
author = {Speas, Margaret},
title = {Null arguments in a theory of economy of projections},
journal = {University of Massachusetts Occasional Papers},
year = {1994},
volume = {17},
pages = {179--208},
}

@INCOLLECTION{chomsky1993,
author = {Chomsky, Noam},
title = {A minimalist program for linguistic theory},
booktitle = {The view from {B}uilding 20: {E}ssays in linguistics in honor of {S}ylvain {B}romberger},
editor = {Hale, Ken and Keyser, Samuel Jay},
publisher = {MIT Press},
address = {Cambridge, MA},
year = {1993},
pages = {1--52},
}

@INCOLLECTION{chomsky1991,
author = {Chomsky, Noam},
title = {Some notes on economy of derivation and representation},
booktitle = {Principles and parameters in comparative grammar},
editor = {Freidin, Robert},
publisher = {MIT Press},
address = {Cambridge, MA},
year = {1991},
pages = {417--454},
}

@UNPUBLISHED{grimshaw1993,
author = {Grimshaw, Jane},
title = {Minimal projections, heads and optimality},
year = {1993},
note = {Manuscript. Rutgers University},
}

@INCOLLECTION{culicover1993,
author = {Culicover, Peter W.},
title = {The adverb effect: {E}vidence against {ECP} accounts of the that-t effects},
booktitle = {NELS 23},
editor = {Schafer, Amy J.},
publisher = {GLSA},
address = {Amherst, MA},
year = {1993},
pages = {97--110},
}

@BOOK{rizzi1991,
author = {Rizzi, Luigi},
title = {Residual verb second and the {W}h criterion},
publisher = {Universit\'e de Gen\`{e}ve},
address = {Gen\`{e}ve},
year = {1991},
}

@ARTICLE{haegemanzanuttini1991,
author = {Haegeman, Liliane and Zanuttini, Raffaella},
title = {Negative heads and the negative criterion},
journal = {The Linguistic Review},
year = {1991},
volume = {8},
number = {2--4},
pages = {233--251},
}

@BOOK{haegeman1995,
author = {Haegeman, Liliane},
title = {The syntax of negation},
publisher = {Cambridge University Press},
address = {Cambridge},
year = {1995},
}

@BOOK{kayne1984,
author = {Kayne, Richard},
title = {Connectedness and binary branching},
publisher = {Foris},
address = {Dordrecht},
year = {1984},
}

@PHDTHESIS{stowell1981diss,
author = {Stowell, Tim},
title = {Origins of phrase structure},
school = {MIT},
year = {1981},
}

@BOOK{pesetsky1995,
author = {Pesetsky, David},
title = {Zero syntax},
publisher = {MIT Press},
address = {Cambridge, MA},
year = {1995},
}

@ARTICLE{frey2004,
author = {Frey, Werner},
title = {The grammar--pragmatics interface and the {G}erman prefield},
journal = {Sprache und Pragmatik},
year = {2004},
volume = {52},
pages = {1--39},
}

@ARTICLE{carnie2000,
author = {Carnie, Andrew},
title = {On the definition of {X}$^{0}$ and {XP}},
journal = {Syntax},
year = {2000},
volume = {3},
pages = {59--106},
}

@ARTICLE{sobin1991,
author = {Sobin, Nicholas},
title = {Agreement in {CP}},
journal = {Lingua},
year = {1991},
volume = {84},
pages = {43--54},
}

@ARTICLE{browning1996,
author = {Browning, Marguerite A.},
title = {C{P} recursion and \emph{that}-t effects},
journal = {Linguistic Inquiry},
year = {1996},
volume = {27},
number = {2},
pages = {237--255},
}

@BOOK{perlmutter1971,
author = {Perlmutter, David},
title = {Deep and surface structure constraints in syntax},
publisher = {Holt},
address = {New York},
year = {1971},
}

@ARTICLE{malingzaenen1978,
author = {Maling, Joan and Zaenen, Annie},
title = {The non-universality of a surface filter},
journal = {Linguistic Inquiry},
year = {1978},
volume = {9},
number = {3},
pages = {475--497},
}

@ARTICLE{kayne1981,
author = {Kayne, Richard},
title = {{ECP} extensions},
journal = {Linguistic Inquiry},
year = {1981},
volume = {12},
number = {1},
pages = {93--133},
}

@INCOLLECTION{watanabe1992,
author = {Watanabe, Akira},
title = {Larsonian {CP} recursion, factive complements, and selection},
booktitle = {Proceedings of {NELS} 23, vol. 2},
editor = {Kadowaki, Makoto and Kawahara, Shigeto},
publisher = {GLSA},
address = {Amherst, MA},
year = {1992},
pages = {523--537},
}

@ARTICLE{pesetsky1982,
author = {Pesetsky, David},
title = {Complementizer-trace phenomena and the nominative island condition},
journal = {The Linguistic Review},
year = {1982},
volume = {1},
number = {3},
pages = {297--345},
}

@ARTICLE{sobin1987,
author = {Sobin, Nicholas},
title = {The variable status of {C}omp-trace phenomena},
journal = {Natural Language \& Linguistic Theory},
year = {1987},
volume = {5},
number = {1},
pages = {33--60},
}

@INCOLLECTION{fanselow2009,
author = {Fanselow, Gisbert},
title = {Bootstrapping verb movement and the clausal architecture of {G}erman (and other languages)},
booktitle = {Advances in comparative {Germanic} syntax},
editor = {Alexiadou, Artemis and Hankamer, Jorge and McFadden, Thomas and Nuger, Justin and Schäfer, Florian},
publisher = {John Benjamins},
address = {Amsterdam},
year = {2009},
pages = {85--118},
}

@ARTICLE{jaeger2010,
author = {Jäger, Agnes},
title = {Der {K}omparativzyklus und die {P}osition der {V}ergleichspartikeln},
journal = {Linguistische Berichte},
year = {2010},
volume = {224},
pages = {467--493},
}

@INCOLLECTION{kortmannwagner2007,
author = {Kortmann, Bernd and Wagner, Susanne},
title = {A fresh look at {L}ate {M}odern {E}nglish dialect syntax},
booktitle = {``{O}f varying language and opposing creed'': {N}ew insights into {L}ate {M}odern {E}nglish},
editor = {P\'erez-Guerra, Javier},
publisher = {Peter Lang},
address = {Bern},
year = {2007},
pages = {279--300},
}

@ARTICLE{jayaseelan2001,
author = {Jayaseelan, Karattuparambil},
title = {I{P}-internal topic and focus phrases},
journal = {Studia Linguistica},
year = {2001},
volume = {55},
number = {1},
pages = {39--75},
}

@INCOLLECTION{belletti2004,
author = {Belletti, Adriana},
title = {Aspects of the low {IP} area},
booktitle = {The cartography of syntactic structures, vol. 2, {The} structure of {CP} and {IP}},
editor = {Rizzi, Luigi},
publisher = {Oxford University Press},
address = {Oxford},
year = {2004},
pages = {16--51},
}

@Article{paul2002,
  author  = {Paul, Waltraud},
  journal = {Language and Linguistics},
  title   = {Sentence-internal topics in {M}andarin {C}hinese: {T}he case of object preposing},
  year    = {2002},
  number  = {4},
  pages   = {695--714},
  volume  = {3},
}

@ARTICLE{beninca1984,
author = {Beninc\`{a}, Paola},
title = {Un' ipotesi sulla sintassi delle lingue romanze medievali},
journal = {Quaderni Patavini di Linguistica},
year = {1984},
volume = {4},
pages = {3--19},
}

@BOOK{roberts1993,
author = {Roberts, Ian},
title = {Verbs and diachronic syntax: {A} comparative history of {E}nglish and {F}rench},
publisher = {Kluwer},
address = {Dordrecht},
year = {1993},
}

@ARTICLE{vanelli1987,
author = {Vanelli, Laura},
title = {I pronomi soggetto nei dialetti italiani settentrionali dal {M}edio {E}vo ad oggi},
journal = {Medioevo Romanzo},
year = {1987},
volume = {XIII},
pages = {173--211},
}

@INCOLLECTION{beninca2006,
author = {Beninc\`{a}, Paola},
title = {A detailed map of the left periphery of medieval {R}omance},
booktitle = {Crosslinguistic research in syntax and semantics: {Negation}, tense and clausal architecture},
editor = {Zanuttini, Raffaella and Campos, H\'ector and Herburger, Elena and Portner, Paul H.},
publisher = {Georgetown University Press},
address = {Washington},
year = {2006},
pages = {53--86},
}

@PHDTHESIS{fuss2005diss,
author = {Fuß, Eric},
title = {Kongruenzphenomene},
school = {University of Frankfurt},
year = {2005},
}

@BOOK{egerland1996,
author = {Egerland, Verner},
title = {The syntax of past participles: {A} generative study of nonfinite constructions in {A}ncient and {M}odern {I}talian},
publisher = {Lund University Press},
address = {Lund},
year = {1996},
}

@MASTERSTHESIS{paoli1997ma,
author = {Paoli, Sandra},
title = {Agreement: {A} relational property or a functional projection? {E}vidence from part participle agreement in {F}riulian},
school = {University of York},
year = {1997},
}

@INCOLLECTION{guastirizzi2002,
author = {Guasti, Maria Teresa and Rizzi, Luigi},
title = {Agreement and tense are distinct syntactic positions: {E}vidence from acquisition},
booktitle = {Functional structure in {DP} and {IP}},
editor = {Cinque, Guglielmo},
publisher = {Oxford University Press},
address = {Oxford},
year = {2002},
pages = {167--194},
}

@BOOK{eggs2006,
author = {Eggs, Frederike},
title = {Die {G}rammatik von \emph{als} und \emph{wie}},
publisher = {Narr},
address = {Tübingen},
year = {2006},
}

@INCOLLECTION{lipold1983,
author = {Lipold, Günter},
title = {Möglichkeiten der {K}omparation in den deutschen {D}ialekten},
booktitle = {Dialektologie: {E}in {H}andbuch zur deutschen und allgemeinen {D}ialektforschung},
editor = {Besch, Werner and Knoop, Ulrich and Putschke, Wolfgang and Wiegand, Herbert E.},
publisher = {De Gruyter},
address = {Berlin},
year = {1983},
pages = {1232--1241},
}

@ARTICLE{weise1918,
author = {Weise, Oskar},
title = {Die vergleichenden {K}onjunktionen in den deutschen {M}undarten},
journal = {Zeitschrift für deutsche Mundarten},
year = {1918},
volume = {13},
pages = {169--181},
}

@BOOK{thurmair2001,
author = {Thurmair, Maria},
title = {Vergleiche und {V}ergleichen: {E}ine {S}tudie zu {F}orm und {F}unktion der {V}ergleichsstrukturen im {D}eutschen},
publisher = {De Gruyter},
address = {Berlin},
year = {2001},
}

@PHDTHESIS{lechner1999diss,
author = {Lechner, Winfried},
title = {Comparatives and {DP}-structures},
school = {University of Massachusetts Amherst},
year = {1999},
}

@BOOK{lechner2004,
author = {Lechner, Winfried},
title = {Ellipsis in comparatives},
publisher = {De Gruyter},
year = {2004},
address = {Berlin},
 }

@INCOLLECTION{fanselow1990,
author = {Fanselow, Gisbert},
title = {On the nature of proper government and syntactic barriers},
booktitle = {Issues in {Germanic} syntax},
editor = {Abraham, Werner and Kosmeijer, Wim and Reuland, Erich},
publisher = {De Gruyter},
address = {Berlin},
year = {1990},
pages = {33--48},
}

@BOOK{fanselow1991,
author = {Fanselow, Gisbert},
title = {Minimale {S}yntax},
publisher = {Rijksuniversiteit Groningen},
address = {Groningen},
year = {1991},
}

@PHDTHESIS{jaeger2016habil,
type = {Habilitation},
author = {Jäger, Agnes},
title = {Vergleichskonstruktionen im {D}eutschen: {D}iachroner {W}andel und synchrone {V}ariation},
school = {Universität zu Köln},
year = {2016},
}

@BOOK{ekiss2002,
author = {\'E. Kiss, Katalin},
title = {The syntax of {H}ungarian},
publisher = {Cambridge University Press},
address = {Cambridge},
year = {2002},
}

@INCOLLECTION{ekiss2008,
author = {\'E. Kiss, Katalin},
title = {The structure of the {H}ungarian {VP} revisited},
booktitle = {Approaches to {H}ungarian 10},
editor = {Pi\~{n}\'on, Christopher and Szentgyörgyi, Szil\'ard},
publisher = {Akad\'emiai Kiad\'o},
address = {Budapest},
year = {2008},
pages = {31--58},
}

@ARTICLE{ekiss2008li,
author = {\'E. Kiss, Katalin},
title = {Free word order, (non-)configurationality and phases},
journal = {Linguistic Inquiry},
year = {2008},
volume = {39},
number = {3},
pages = {441--474},
}

@PHDTHESIS{szendroi2001diss,
author = {Szendr{\H o}i, Kriszta},
title = {Focus and the phonology--syntax interface},
school = {University College London},
year = {2001},
}

@INCOLLECTION{chomsky1977,
author = {Chomsky, Noam},
title = {On \emph{wh}-movement},
booktitle = {Formal syntax},
editor = {Culicover, Peter W. and Wasow, Thomas and Akmajian, Adrian},
publisher = {Academic Press},
address = {New York, NY},
year = {1977},
pages = {71--132},
}

@INCOLLECTION{law2000,
author = {Law, Paul},
title = {On relative clauses and the {DP}/{PP} adjunction asymmetry},
booktitle = {The syntax of relative clauses},
editor = {Alexiadou, Artemis and Law, Paul and Meinunger, Andr\'e and Wilder, Chris},
publisher = {John Benjamins},
address = {Amsterdam},
year = {2000},
pages = {161--199},
}

@BOOK{vangelderen2013,
author = {van Gelderen, Elly},
title = {Clause structure},
publisher = {Cambridge University Press},
address = {Cambridge},
year = {2013},
}

@INCOLLECTION{brandner2008,
author = {Brandner, Ellen},
title = {Patterns of doubling in {Alemannic}},
booktitle = {Microvariation in syntactic doubling},
editor = {Barbiers, Sjef and Koeneman, Olaf and Lekakou, Marika and van der Ham, Margreet},
publisher = {Brill},
address = {Leiden},
year = {2008},
pages = {353--379},
}

@ARTICLE{weise1917,
author = {Weise, Oskar},
title = {Die {R}elativpronomina in den deutschen {M}undarten},
journal = {Zeitschrift für deutsche Mundarten},
year = {1917},
volume = {12},
pages = {64--71},
}

@BOOK{vangelderen2004,
author = {van Gelderen, Elly},
title = {Grammaticalization as economy},
publisher = {John Benjamins},
address = {Amsterdam},
year = {2004},
doi = {10.1075/la.71},
}

@MISC{fleischer2016,
author = {Fleischer, Jürg},
title = {Relativsatz-{E}inleitung},
year = {2016},
note = {In \emph{Sy{HD}-atlas}. Available at http://www.syhd.info/apps/atlas/\#relativsatz-einleitung (last accessed: 14 July 2017)},
}

@BOOK{thrainsson2007,
author = {Thr\'ainsson, Höskuldur},
title = {The syntax of {I}celandic},
publisher = {Cambridge University Press},
address = {Cambridge},
year = {2007},
}

@ARTICLE{hohauszimmermann2021,
author = {Hohaus, Vera and Zimmermann, Malte},
title = {Comparisons of equality with {G}erman \emph{so}\ldots{}\emph{wie}, and the relationship between degrees and properties},
journal = {Journal of Semantics},
year = {2021},
volume = {38},
pages = {95--143},
}

@PHDTHESIS{ladusaw1979diss,
author = {Ladusaw, William},
title = {Negative polarity as inherent scope},
school = {University of Texas, Austin},
year = 1979,
}

@BOOK{schrodt2004,
author = {Schrodt, Richard},
title = {Althochdeutsche {G}rammatik {II}: {S}yntax},
publisher = {Niemeyer},
address = {Tübingen},
year = {2004},
}

@BOOK{paul1920band3,
author = {Paul, Hermann},
title = {Deutsche {G}rammatik, {B}and 3: {S}yntax},
publisher = {Niemeyer},
address = {Halle},
year = {1920},
}

@BOOK{paul2011,
author = {Paul, Hermann},
title = {Mittelhochdeutsche {G}rammatik},
publisher = {De Gruyter},
address = {Berlin},
year = {2011},
}

@INCOLLECTION{ferraresiweiss2011,
author = {Ferraresi, Gisella and Weiß, Helmut},
title = {Al die w\^ile und ich lebe -- \emph{und} nicht nur koordinierend},
booktitle = {Satzverknüpfungen: {Z}ur {I}nteraktion von {F}orm, {B}edeutung und {D}iskursfunktion},
editor = {Breindl, Eva and Ferraresi, Gisella and Volodina, Anna},
publisher = {De Gruyter},
address = {Berlin},
year = {2011},
pages = {79--106},
}

@BOOK{paul2007,
author = {Paul, Hermann},
title = {Mittelhochdeutsche {G}rammatik},
publisher = {Niemeyer},
address = {Tübingen},
year = {2007},
}

@BOOK{chomsky1965,
author = {Chomsky, Noam},
title = {Aspects of the theory of syntax},
publisher = {MIT Press},
address = {Cambridge, MA},
year = {1965},
}

@InCollection{chomsky1973,
  author    = {Chomsky, Noam},
  booktitle = {A festschrift for {M}orris {H}alle},
  publisher = {Holt, Rinehart \& Winston},
  title     = {Conditions on transformations},
  year      = {1973},
  address   = {New York},
  editor    = {Anderson, Stephen R. and Kiparsky, Paul},
  pages     = {232--286},
}

@ARTICLE{bresnan1971,
author = {Bresnan, Joan},
title = {Sentence stress and syntactic transformations},
journal = {Language},
year = {1971},
volume = {47},
pages = {257--281},
}

@BOOK{chomsky1972,
author = {Chomsky, Noam},
title = {Studies on semantics in generative grammar},
publisher = {Mouton},
address = {The Hague},
year = {1972},
}

@BOOK{jackendoff1972,
author = {Jackendoff, Ray S.},
title = {Semantic interpretation in generative grammar},
publisher = {MIT Press},
address = {Cambridge, MA},
year = {1972},
}

@INCOLLECTION{keyser1975,
author = {Keyser, Samuel Jay},
title = {A partial history of the relative clause in {E}nglish},
booktitle = {Papers in the history and structure of {E}nglish},
editor = {Grimshaw, Jane Barbara},
publisher = {University of Massachusetts},
address = {Amherst, MA},
year = {1975},
pages = {1--33},
}

@INCOLLECTION{pennerbader1995,
author = {Penner, Zvi and Bader, Thomas},
title = {The syntax of subordination},
booktitle = {Topics in {S}wiss {G}erman syntax},
editor = {Penner, Zvi},
publisher = {Peter Lang},
address = {Frankfurt},
year = {1995},
pages = {73--291},
}

@INCOLLECTION{schoenenberger2006,
author = {Schönenberger, Manuela},
title = {A glimpse of doubly-filled {COMP}s in {S}wiss {G}erman},
booktitle = {Organizing grammar: {S}tudies in honor of {H}enk van {R}iemsdijk},
editor = {Broekhuis, Hans and Corver, Norbert and Huybregts, Riny and Kleinhenz, Ursula and Koster, Jan},
publisher = {De Gruyter},
address = {Berlin},
year = {2006},
pages = {572--581},
}

@BOOK{schiepek1899,
author = {Schiepek, Josef},
title = {Der {S}atzbau der {E}gerländer {M}undart},
publisher = {Verlag des Vereines für Geschichte der Deutschen in Böhmen},
address = {Prague},
year = {1899},
}

@BOOK{steininger1994,
author = {Steininger, Reinhold},
title = {Beiträge zu einer {G}rammatik des {B}airischen},
publisher = {Steiner},
address = {Stuttgart},
year = {1994},
}

@PHDTHESIS{bresnan1972diss,
author = {Bresnan, Joan},
title = {Theory of complementation in {E}nglish syntax},
school = {MIT},
year = {1972},
}

@BOOK{noth1993,
author = {Noth, Harald},
title = {Alemannisches {D}ialekthandbuch vom {K}aiserstuhl und seiner {U}mgebung},
publisher = {Schillinger},
address = {Freiburg},
year = {1993},
}

@ARTICLE{bayerbadermeng2001,
author = {Bayer, Josef and Bader, Markus and Meng, Michael},
title = {Morphological underspecification meets oblique case: {S}yntactic and processing effects in {G}erman},
journal = {Lingua},
year = {2001},
volume = {111},
pages = {465--514},
}

@PHDTHESIS{koeneman2000diss,
author = {Koeneman, Olaf},
title = {The flexible nature of verb movement},
school = {Utrecht University},
year = {2000},
}

@INCOLLECTION{koeneman2002,
author = {Koeneman, Olaf},
title = {The distribution of declarative verb second in {G}ermanic},
booktitle = {Studies in comparative {G}ermanic syntax},
editor = {Zwart, Jan-Wouter and Abraham, Werner},
publisher = {John Benjamins},
address = {Amsterdam},
year = {2002},
pages = {175--201},
}

@ARTICLE{bury2002,
author = {Bury, Dirk},
title = {Particles, {V}2 and the ungrammaticality of verb-initial structures},
journal = {UCL Working Papers in Linguistics},
year = {2002},
volume = {12},
pages = {368--387},
}

@INCOLLECTION{brandner2004,
author = {Brandner, Ellen},
title = {Head-movement in minimalism and {V}2 as {FORCE}-marking},
booktitle = {The syntax and semantics of the left periphery},
editor = {Lohnstein, Horst and Trissler, Susanne},
publisher = {De Gruyter},
address = {Berlin},
year = {2004},
pages = {97--138},
}

@ARTICLE{bobaljikthrainsson1998,
author = {Bobaljik, Jonathan David and Thr\'ainsson, Höskuldur},
title = {Two heads aren't always better than one},
journal = {Syntax},
year = {1998},
volume = {1},
pages = {195--236},
}

@INCOLLECTION{ortmann1998,
author = {Ortmann, Albert},
title = {Consonant epenthesis: {I}ts distribution and phonological specification},
booktitle = {Phonology and morphology of the {G}ermanic languages},
editor = {Kehrein, Wolfgang and Wiese, Richard},
publisher = {Niemeyer},
address = {Tübingen},
year = {1998},
pages = {51--76},
}

@INCOLLECTION{cardinalettistarke1999,
author = {Cardinaletti, Anna and Starke, Michal},
title = {The typology of structural deficiency: {A} case study of the three classes of pronouns},
booktitle = {Clitics in the languages of {E}urope},
editor = {van Riemsdijk, Henk},
publisher = {De Gruyter},
address = {Berlin},
year = {1999},
pages = {145--233}
}

@ARTICLE{vangsnes2005,
author = {Vangsnes, {{\O}}ystein},
title = {Microparameters for {N}orwegian wh-grammars},
journal = {Linguistic Variation Yearbook},
year = {2005},
volume = {5},
pages = {187--226},
}

@ARTICLE{westergaardvangsnes2005,
author = {Westergaard, Marit and Vangsnes, {{\O}}ystein},
title = {Wh-questions, {V2}, and the left periphery of three {Norwegian} dialect types},
journal = {The Journal of Comparative Germanic Linguistics},
year = {2005},
volume = {8},
pages = {117--158},
}

@INCOLLECTION{cardinaletti1999,
author = {Cardinaletti, Anna},
title = {Pronouns in {G}ermanic and {R}omance languages: {A}n overview},
booktitle = {Clitics in the languages of {E}urope},
editor = {van Riemsdijk, Henk},
publisher = {De Gruyter},
address = {Berlin},
year = {1999},
pages = {33--82},
}

@BOOK{borer1984,
author = {Borer, Hagit},
title = {Parametric syntax},
publisher = {Foris},
address = {Dordrecht},
year = {1984},
}

@INCOLLECTION{weiss2013,
author = {Weiß, Helmut},
title = {Satztyp und {D}ialekt},
booktitle = {Satztypen des {Deutschen}},
editor = {Meibauer, Jörg and Steinbach, Markus and Altmann, Hans},
publisher = {De Gruyter},
address = {Berlin},
year = {2013},
pages = {764--785},
doi = {10.1515/9783110224832.764},
}

@INCOLLECTION{bayer2014,
author = {Bayer, Josef},
title = {Syntactic and phonological properties of wh-operators and wh-movement in {B}avarian},
editor = {Grewendorf, Günther and Weiß, Helmut},
booktitle = {Bavarian syntax},
address = {Amsterdam},
publisher = {John Benjamins},
year = {2014},
pages = {23--50},
}

@INCOLLECTION{bayer2015,
author = {Bayer, Josef},
title = {Doubly-filled comp, wh head-movement, and derivational economy},
booktitle = {Representing structure in phonology and syntax},
editor = {van Oostendorp, Marc and van Riemsdijk, Henk},
publisher = {De Gruyter},
address = {Berlin},
year = {2015},
pages = {7--40},
}

@BOOK{grewendorf2002,
author = {Grewendorf, Günther},
title = {Minimalistische {S}yntax},
publisher = {Francke Verlag},
address = {Tübingen},
year = {2002},
}

@INCOLLECTION{grewendorf2008,
author = {Grewendorf, Günther},
title = {The left clausal periphery: {C}litic left dislocation in {I}talian and left dislocation in {G}erman},
booktitle = {Dislocated elements in discourse: {Syntactic}, semantic, and pragmatic perspectives},
editor = {Shaer, Benjamin and Cook, Philippa and Frey, Werner and Maienborn, Claudia},
publisher = {Routledge},
address = {London},
year = {2008},
pages = {49--94},
}

@INCOLLECTION{bayer2006,
author = {Bayer, Josef},
title = {A note on targets of {A}$'$-movement in the left periphery of {German} sentences},
booktitle = {Form, structure, and grammar: {A} festschrift presented to {G}ünther {G}rewendorf on occasion of his 60th birthday},
editor = {Brandt, Patrick and Fuß, Eric},
publisher = {Akademie Verlag},
address = {Berlin},
year = {2006},
pages = {119--128},
}

@BOOK{vikner1995,
author = {Vikner, Sten},
title = {Verb movement and expletive subjects in the {G}ermanic languages},
publisher = {Oxford University Press},
address = {Oxford},
year = {1995},
}

@INCOLLECTION{viknerchristensennyvad2017,
author = {Vikner, Sten and Christensen, Ken Ramsh{\o}j and Nyvad, Anne Mette},
title = {V2 and c{P}/{CP}},
booktitle = {Order and structure in syntax {I}: {W}ord order and syntactic structure},
editor = {Bailey, Laura R. and Sheehan, Michelle},
publisher = {Language Science Press},
address = {Berlin},
year = {2017},
pages = {313--324},
doi = {10.5281/zenodo.1117724}
}

@INCOLLECTION{hoehle1986,
author = {Höhle, Tilman},
title = {Der {B}egriff ``{M}ittelfeld'': {A}nmerkungen über die {T}heorie der topologischen {F}elder},
booktitle = {Akten des {S}iebten {I}nternationalen {G}ermanistenkongresses 1985, {G}öttingen, {G}ermany},
editor = {Schöne, Albrecht},
publisher = {Niemeyer},
address = {Tübingen},
year = {1986},
pages = {329--340},
}

@BOOK{kathol2000,
author = {Kathol, Andreas},
title = {Linear syntax},
address = {Oxford},
publisher = {Oxford University Press},
year = {2000},
}

@INCOLLECTION{vancraenenbroeck2010,
author = {van Craenenbroeck, Jeroen},
title = {Complex wh-phrases don't move: {O}n the interaction between the split {CP}-hypothesis and the syntax of wh-movement},
booktitle = {The {C}omplementizer {P}hrase: {S}ubjects and operators},
editor = {Panagiotidis, E. Phoevos},
address = {Oxford},
publisher = {Oxford University Press},
year = {2010},
pages = {236--260},
}

@BOOK{koopman2000,
author = {Koopman, Hilda},
title = {The syntax of specifiers and heads},
publisher = {Routledge},
address = {London},
year = {2000},
}

@ARTICLE{krifka2008,
author = {Krifka, Manfred},
title = {Basic notions of information structure},
journal = {Acta Linguistica Hungarica},
year = {2008},
volume = {55},
number = {3--4},
pages = {243--276},
}

@BOOK{paul1880,
author = {Paul, Hermann},
title = {Prinzipien der {S}prachgeschichte},
address = {Halle},
publisher = {Niemeyer},
year = {1880},
}

@ARTICLE{bianchicruschina2016,
author = {Bianchi, Valentina and Cruschina, Silvio},
title = {The derivation and interpretation of polar questions with a fronted focus},
journal = {Lingua},
year = {2016},
volume = {170},
pages = {47--68},
}

@INCOLLECTION{zimmermann2013,
author = {Zimmermann, Malte},
title = {\emph{Ob}-{VL}-{I}nterrogativsatz},
booktitle = {Satztypen des {Deutschen}},
editor = {Meibauer, Jörg and Steinbach, Markus and Altmann, Hans},
publisher = {De Gruyter},
address = {Berlin},
year = {2013},
pages = {84--104},
}

@ARTICLE{larson1985nllt,
author = {Larson, Richard Kurth},
title = {On the syntax of disjunction scope},
journal = {Natural Language $\&$ Linguistic Theory},
year = {1985},
volume = {3},
number = {2},
pages = {217--264},
}

@INCOLLECTION{roothpartee1982,
author = {Rooth, Mats and Partee, Barbara},
title = {Conjunction, type ambiguity, and wide scope \emph{or}},
booktitle = {Proceedings of the {First} {West} {Coast} {Conference} on {Formal} {Linguistics}},
editor = {Flickinger, Daniel P. and Macken, Marlys and Wiegand, Nancy},
publisher = {Stanford Linguistics Association},
address = {Stanford},
year = {1982},
pages = {353--362},
}

@BOOK{loeschfahningwiegand1990,
author = {Läsch, Wolfgang and Fahning, Wolfgang and Wiegand, Susanne},
title = {Thüringisches {W}örterbuch 6: {T}--{Z}, {Q}uellen und {L}iteraturverzeichnis},
publisher = {Akademie Verlag},
address = {Berlin},
year = {1990},
}

@UNPUBLISHED{schallertdroegepheiff2018,
author = {Schallert, Oliver and Dröge, Alexander and Pheiff, Jeffrey},
title = {Doubly-filled {COMP}s in {D}utch and {G}erman: {A} bottom-up approach},
note = {Manuscript. Universität München / Universität Marburg},
url = {https://ling.auf.net/lingbuzz/003979},
year = {2018},
}

@InCollection{bhattpancheva2006,
  author    = {Bhatt, Rajesh and Pancheva, Roumyana},
  booktitle = {The {B}lackwell companion to syntax, {V}ol. {I}},
  publisher = {Blackwell},
  title     = {Conditionals},
  year      = {2006},
  address   = {Oxford},
  editor    = {Everaert, Martin and van Riemsdijk, Henk},
  pages     = {638--687},
}

@INCOLLECTION{danckaerthaegeman2012,
author = {Danckaert, Lieven and Haegeman, Liliane},
title = {Conditional clauses, {M}ain {C}lause {P}henomena and the syntax of polarity emphasis},
booktitle = {Comparative {Germanic} {Syntax}: {The} state of the art},
editor = {Ackema, Peter and Alcorn, Rhona and Heycock, Caroline and Jaspers, Dany and van Craenenbroeck, Jeroen and Vanden Wyngaerd, Guido},
publisher = {John Benjamins},
address = {Amsterdam},
year = {2012},
pages = {133--168},
}

@INCOLLECTION{arsenijevic2009,
author = {Arsenijevi\'c, Boban},
title = {Correlatives as types of conditional},
booktitle = {Correlatives cross-linguistically},
editor = {Lipt\'ak, Anik\'o},
publisher = {John Benjamins},
address = {Amsterdam},
year = {2009},
pages = {131--156},
}

@BOOK{walkden2014,
author = {Walkden, George},
title = {Syntactic reconstruction and {P}roto-{G}ermanic},
address = {Oxford},
publisher = {Oxford University Press},
year = {2014},
}

@ARTICLE{wallage2008,
author = {Wallage, Phillip},
title = {Jespersen's cycle in {M}iddle {E}nglish: {P}arametric variation and grammatical competition},
journal = {Lingua},
volume = {118},
year = {2008},
pages = {643--674},
}

@INCOLLECTION{vanderauwera2009,
author = {van der Auwera, Johan},
title = {The {J}espersen cycles},
booktitle = {Cyclical change},
editor = {Gelderen, Elly van},
publisher = {John Benjamins},
address = {Amsterdam},
year = {2009},
pages = {35--71},
}

@INCOLLECTION{hoeksema2009,
author = {Hoeksema, Jack},
title = {Jespersen recycled},
booktitle = {Cyclical change},
editor = {Gelderen, Elly van},
publisher = {John Benjamins},
address = {Amsterdam},
year = {2009},
pages = {15--34},
}

@ARTICLE{meinunger2011,
author = {Meinunger, Andr\'e},
title = {Der {W}ortartenstatus des {E}lements \emph{je} in der komparativen {K}orrelativkonstruktion},
journal = {Zeitschrift für Germanistische Linguistik},
year = {2011},
volume = {39},
number = {2},
pages = {217--238},
}

@MISC{gillmanndgfs,
author = {Gillmann, Melitta},
title = {\emph{Wiewohl daß der {Türck} in {Polen} eingefallen}: {The} loss of the {German} connector-\emph{dass}-construction},
howpublished = {Talk delivered at: 40th Annual Conference of the German Linguistics Society (DGfS 2017), AG: Lost in change: Causes and processes in the loss of grammatical constructions and categories, Stuttgart, Universität Stuttgart, 7--9 March 2018},
year = {2018},
}

@ARTICLE{zimmermann2011,
author = {Zimmermann, Malte},
title = {On the functional architecture of {DP} and the feature content of pro-nominal quantifiers in {Low} {German}},
journal = {The Journal of Comparative Germanic Linguistics},
year = {2011},
volume = {14},
pages = {203--240},
}

@INCOLLECTION{luehr1989,
author = {Lühr, Rosemarie},
title = {Zu {S}ystem und {G}enese der nebensatzeinleitenden {K}onjunktionen im heutigen {B}airischen},
booktitle = {Bayerisch-österreichische {D}ialektforschung: {W}ürzburger {A}rbeitstagung 1986},
editor = {Koller, Erwin and Wegstein, Werner and Wolf, Norbert Richard},
publisher = {Königshausen \& Neumann},
address = {Würzburg},
year = {1989},
pages = {264--282},
}

@INCOLLECTION{wallage2015,
author = {Wallage, Phillip},
title = {Identifying the role of pragmatic activation in changes to the expression of {E}nglish negation},
booktitle = {Negation and polarity: {E}xperimental perspectives},
editor = {Larrivée, Pierre and Lee,Chungmin},
publisher = {Springer},
address = {Heidelberg},
year = {2015},
pages = {199--227},
}

@ARTICLE{allen1980,
author = {Allen, Cynthia},
title = {\emph{Whether} in {O}ld {E}nglish},
journal = {Linguistic Inquiry},
year = {1980},
volume = {11},
number = {4},
pages = {789--793},
}

@BOOK{axel2007,
author = {Axel, Katrin},
title = {Studies on {O}ld {H}igh {G}erman syntax: {L}eft sentence periphery, verb placement and verb-second},
publisher = {John Benjamins},
address = {Amsterdam},
year = {2007},
indexauthor = {Axel-Tober, Katrin}
}

@INCOLLECTION{fischer1992,
author = {Fischer, Olga},
title = {Syntax},
booktitle = {The {C}ambridge history of the {E}nglish language, vol. {II}: 1066--1474},
editor = {Blake, Norman},
publisher = {Cambridge University Press},
address = {Cambridge},
year = {1992},
pages = {207--408},
}

@ARTICLE{hinterhoelzlpetrova2010,
author = {Hinterhölzl, Roland and Petrova, Svetlana},
title = {From {V}1 to {V}2 in {W}est {G}ermanic},
journal = {Lingua},
year = {2010},
volume = {120},
number = {2},
pages = {315--328},
}

@ARTICLE{conigliolinderuette2017,
author = {Coniglio, Marco and Linde, Sonja and Ruette, Tom},
title = {Relative clauses in {O}ld {H}igh {G}erman: {A} corpus-based statistical investigation of their syntactic and information-structural properties},
journal = {Journal of Germanic Linguistics},
year = {2017},
volume = {29},
number = {2},
pages = {101--146},
}

@INCOLLECTION{traugotttrousdale2010,
author = {Traugott, Elizabeth C. and Trousdale, Graeme},
title = {Gradience, gradualness and grammaticalization: {H}ow do they intersect?},
booktitle = {Gradience, gradualness and grammaticalization},
editor = {Traugott, Elizabeth C. and Trousdale, Graeme},
publisher = {John Benjamins},
address = {Amsterdam},
year = {2010},
pages = {19--44},
}

@INCOLLECTION{bacskaiatkari2019me,
author = {Bacskai-Atkari, Julia},
title = {Syntactic features and clause typing in {M}iddle {E}nglish polar questions: {A} case study on the {W}ycliffe {B}ible.},
edutor = {Stenroos, Merja and Mäkinen, Martti and Thengs, Kjetil Vikhamar and Traxel, Oliver Martin},
booktitle = {Current explorations in {M}iddle {E}nglish},
address = {Frankfurt am Main},
publisher = {Peter Lang},
year = {2019},
pages = {137--153},
}

@INCOLLECTION{hoekstra1993,
author = {Hoekstra, Eric},
title = {Dialectal variation inside {CP} as parametric variation},
booktitle = {Dialektsyntax},
editor = {Abraham, Werner and Bayer, Josef},
publisher = {Westdeutscher Verlag},
address = {Opladen},
year = {1993},
pages = {161--179},
}

@ARTICLE{barbiers2009,
author = {Barbiers, Sjef},
title = {Locus and limits of syntactic microvariation},
journal = {Lingua},
year = {2009},
volume = {119},
number = {11},
pages = {1607--1623},
}

@BOOK{boef2013,
author = {Boef, Eefje},
title = {Doubling in relative clauses: {A}spects of morphosyntactic microvariation in {D}utch},
publisher = {LOT},
address = {Utrecht},
year = {2013},
}

@BOOK{lenerz1984,
author = {Lenerz, Jürgen},
title = {Syntaktischer {W}andel und {G}rammatiktheorie: {E}ine {U}ntersuchung an {B}eispielen aus der {S}prachgeschichte des {D}eutschen},
publisher = {De Gruyter},
address = {Berlin},
year = {1984},
}

@ARTICLE{pittner1995,
author = {Pittner, Karin},
title = {The case of {G}erman relatives},
journal = {The Linguistic Review},
year = {1995},
volume = {12},
number = {3},
pages = {197--231},
}

@BOOK{mueller2011,
author = {Müller, Gereon},
title = {Constraints on displacement: {A} phase-based approach},
publisher = {John Benjamins},
address = {Amsterdam},
year = {2011},
}

@INCOLLECTION{chomsky2000,
author = {Chomsky, Noam},
title = {Minimalist inquiries},
booktitle = {Step by step: {Essays} on {Minimalism} in honor of {Howard} {Lasnik}},
editor = {Martin, Roger and Michaels, David and Uriagereka, Juan and Keyser, Samuel Jay},
publisher = {MIT Press},
address = {Cambridge, MA},
year = {2000},
pages = {89--155},
}

@BOOK{trutkowski2016,
author = {Trutkowski, Ewa},
title = {Topic drop and null subjects in {G}erman},
publisher = {De Gruyter},
address = {Berlin},
year = {2016},
}

@ARTICLE{green1976,
author = {Green, Georgia M.},
title = {Main clause phenomena in subordinate clauses},
journal = {Language},
year = {1976},
volume = {52},
pages = {382--397},
}

@INCOLLECTION{meklenborgsalvesenwalkden2017,
author = {Meklenborg Salvesen, Christine and Walkden, George},
title = {Diagnosing embedded {V2} in {Old} {English} and {Old} {French}},
booktitle = {Micro-change and macro-change in diachronic syntax},
editor = {Mathieu, Eric and Truswell, Rob},
publisher = {Oxford University Press},
address = {Oxford},
year = {2017},
pages = {168--181},
}

@ARTICLE{hooperthompson1973,
author = {Hooper, Joan and Thompson, Sandra},
title = {On the applicability of root transformations},
journal = {Linguistic Inquiry},
year = {1973},
volume = {4},
pages = {465--497},
}

@INCOLLECTION{heycock2006,
author = {Heycock, Caroline},
title = {Embedded root phenomena},
booktitle = {The {B}lackwell companion to syntax, vol. {I}},
editor = {Everaert, Martin and van Riemsdijk, Henk},
publisher = {Blackwell},
address = {Oxford},
year = {2006},
pages = {174--209},
}

@BOOK{weerman1989,
author = {Weerman, Fred},
title = {The {V}2 conspiracy: {A} synchronic and a diachronic analysis of verbal positions in {G}ermanic languages},
publisher = {Foris},
address = {Dordrecht},
year = {1989},
}

@ARTICLE{bacskaiatkari2020jcgl,
author = {Bacskai-Atkari, Julia},
title = {German {V}2 and {D}oubly {F}illed {COMP} in {W}est {G}ermanic},
journal = {The Journal of Comparative Germanic Linguistics},
year = {2020},
volume = {23},
number = {2},
pages = {125--160},
}

@ARTICLE{featherston2004,
author = {Featherston, Sam},
title = {Bridge verbs and {V}2 verbs -- the same thing in spades?},
journal = {Zeitschrift für Sprachwissenschaft},
year = {2004},
volume = {23},
number = {2},
pages = {181--209},
}

@INCOLLECTION{reis1997,
author = {Reis, Marga},
title = {Zum syntaktischen {S}tatus unselbständiger {V}erbzweit-{S}ätze},
booktitle = {Sprache im {F}okus},
editor = {Dürscheid, Christa and Ramers, Karl Heinz and Schwarz, Monika},
publisher = {Niemeyer},
address = {Tübingen},
year = {1997},
pages = {121--144},
}

@ARTICLE{salzmann2006,
author = {Salzmann, Martin},
title = {Resumptive pronouns and matching effects in {Zürich} {German} relative clauses as distributed deletion},
journal = {Leiden Papers in Linguistics},
year = {2006},
volume = {3},
number = {1},
pages = {17--50},
}

@INCOLLECTION{salzmann2009,
author = {Salzmann, Martin},
title = {Different notions of variation and their reflexes in {S}wiss {G}erman relativization},
booktitle = {Describing and modeling variation in grammar},
editor = {Dufter, Andreas and Fleischer, Jürg and Seiler, Guido},
publisher = {De Gruyter},
address = {Berlin},
year = {2009},
pages = {135--161},
doi = {10.1515/9783110216097.2.135},
}

@BOOK{ebertreichmannsolmswegera1993,
author = {Ebert, Robert P. and Reichmann, Oskar and Solms, Hans-Joachim and Wegera, Klaus-Peter},
title = {Frühneuhochdeutsche {G}rammatik},
publisher ={Niemeyer},
address = {Tübingen},
year = {1993},
}

@ARTICLE{fiorentino2007,
author = {Fiorentino, Giuliana},
title = {European relative clauses and the uniqueness of the relative pronoun type},
journal = {Italian Journal of Linguistics},
year = {2007},
volume = {19},
pages = {263--291},
}

@INCOLLECTION{bidesecognolapadovan2012,
author = {Bidese, Ermenegildo and Cognola, Federica and Padovan, Andrea},
title = {Zu einer neuen {V}erb-{Z}weit-{T}ypologie in den germanischen {S}prachen: {D}er {F}all des {Z}imbrischen und des {F}ersentalerischen},
booktitle = {In simplicitate complexitas: {F}estgabe für {B}arbara {S}tefan zum 70. {G}eburtstag},
editor = {Anreiter, Peter and Hajnal, Ivo and  Kienpointner, Manfred},
publisher = {Praesens-Verlag},
address = {Wien},
year = {2012},
pages = {69--86},
}

@INCOLLECTION{fleischer2008,
author = {Fleischer, Jürg},
title = {Die {S}yntax von {P}ronominaladverbien in der {S}prachgeschichte des {D}eutschen: {E}ine vorläufige {B}estandsaufnahme},
booktitle =  {Die {F}ormen der {W}iederaufnahme im älteren {D}eutsch: {A}kten zum {I}nternationalen {K}ongress an der {U}niversit\'e {P}aris {S}orbonne ({P}aris {IV}), 8. bis 10. {J}uni 2006},
editor = {Desportes, Yvon and Simmler, Franz and Wich-Reif, Claudia},
publisher = {Weidler},
address = {Berlin},
year = {2008},
pages = {199--235},
}

@BOOK{vanriemsdijk1978,
author = {van Riemsdijk, Henk},
title = {A case study in syntactic markedness: {T}he binding nature of prepositional phrases},
publisher = {The Peter de Ridder Press},
address = {Lisse},
year = {1978},
}

@BOOK{hoppertraugott1993,
author = {Hopper, Mike and Traugott, Elizabeth C.},
title = {Grammaticalization},
publisher = {Cambridge University Press},
address = {Cambridge},
year = {1993},
}

@BOOK{staedele1927,
author = {Staedele, Alfons},
title = {Syntax der {M}undart von {S}tahringen, {I}nauguraldissertation {F}reiburg i. {B}r.},
publisher = {Schauenburg},
address = {Lahr},
year = {1927},
}

@INCOLLECTION{fleischer2002,
author = {Fleischer, Jürg},
title = {Preposition stranding in {G}erman dialects},
booktitle = {Syntactic microvariation: {O}nline proceedings -- {W}orkshop on {S}yntactic {M}icrovariation. 30--31 {A}ugust 2000},
editor = {Barbiers, Sjef and Cornips, Leonie and Kleij, Susanne van der},
publisher = {Meertens Instituut},
address = {Amsterdam},
year = {2002},
pages = {116--151},
}

@PHDTHESIS{caponigro2003diss,
author = {Caponigro, Ivano},
title = {Free not to ask: {O}n the semantics of free relatives and wh-words cross-linguistically},
school = {University of California, Los Angeles},
year = {2003},
}

@ARTICLE{devries2006,
author = {Vries, Mark de},
title = {The syntax of appositive relativization: {O}n specifying coordination, false free relatives, and promotion},
journal = {Linguistic Inquiry},
year = {2006},
volume = {37},
number = {2},
pages = {229--270},
}

@BOOK{schlosser1998,
author = {Schlosser, Horst Dieter},
title = {Althochdeutsche {Literatur} mit altniederdeutschen {Textbeispielen}: {Auswahl} mit {\"{U}bertragungen} und {Kommentar}},
publisher = {Schmidt},
address = {Berlin},
year = {1998},
}

@INCOLLECTION{eroms2005,
author = {Eroms, Hans-Werner},
title = {Relativsatzmarkierungen im {B}airischen},
booktitle = {Bairische {D}ialektologie: {A}kten der {I}nternationalen {D}ialektologischen {K}onferenz 26--28 {F}ebruar 2002},
editor = {Krämer-Neubert, Sabine and Wolf, Richard},
publisher = {Winter},
address = {Heidelberg},
year = {2005},
pages = {75--88},
}

@ARTICLE{diessel2003,
author = {Diessel, Holger},
title = {The relationship between demonstratives and interrogatives},
journal = {Studies in Language},
year = {2003},
volume = {27},
pages = {635--655},
}

@BOOK{faarlund2004,
author = {Faarlund, Jan Terje},
title = {The syntax of {O}ld {N}orse},
publisher = {Oxford University Press},
address = {Oxford},
year = {2004},
}

@INCOLLECTION{luehr1998,
author = {Lühr, Rosemarie},
title = {Verallgemeinernde {R}elativsätze im {A}lthochdeutschen},
booktitle = {Deutsche {G}rammatik -- {T}hema in {V}ariationen. {F}estschrift für {H}ans-{W}erner {E}roms zum 60. {G}eburtstag},
editor = {Donhauser, Karin and Eichinger, Ludwig},
publisher = {Winter},
address = {Heidelberg},
year = {1998},
pages = {263--281},
}

@INCOLLECTION{haspelmathbuchholz1998,
author = {Haspelmath, Martin and Buchholz, Oda},
title = {Equative and similative constructions in the languages of {E}urope},
booktitle = {Adverbial constructions in the languages of {E}urope},
editor = {van der Auwera, Johan and \'O Baoill, D\'onall},
publisher = {De Gruyter},
address = {Berlin},
year = {1998},
pages = {277--334},
}

@BOOK{robertsroussou2003,
author = {Roberts, Ian and Roussou, Anna},
title = {Syntactic change: {A} minimalist approach to grammaticalization},
publisher = {Cambridge University Press},
address = {Cambridge},
year = {2003},
}

@INCOLLECTION{comrie2002,
author = {Comrie, Bernard},
title = {Rethinking relative clause types},
booktitle = {Mediterranean languages},
editor = {Ramat, Paolo and Stolz, Thomas},
publisher = {Universitätsverlag Brockmeyer},
address = {Bochum},
year = {2002},
pages = {87--98},
}

@ARTICLE{boskovic2002,
author = {Bo\v{s}kovi\'c, \v{Z}eljko},
title = {On multiple \emph{wh}-fronting},
journal = {Linguistic Inquiry},
year = {2002},
volume = {33},
number = {3},
pages = {351--383},
}

@BOOK{salzmann2017,
author = {Salzmann, Martin},
title = {Reconstruction and resumption in indirect {A}'-dependencies: {O}n the syntax of prolepsis and relativization in ({S}wiss) {G}erman and beyond},
publisher = {De Gruyter},
address = {Berlin},
year = {2017},
}

@BOOK{romaine1982,
author = {Romaine, Suzanne},
title = {Socio-historical linguistics},
publisher = {Cambridge University Press},
address = {Cambridge},
year = {1982},
doi = {10.1017/CBO9780511720130},
}

@ARTICLE{montgomerybailey1991,
author = {Montgomery, Michael and Bailey, Guy},
title = {\emph{In which}: {A} new form in written {E}nglish},
journal = {American Speech},
year = {1991},
volume = {66},
pages = {147--163},
doi = {10.2307/455883},
}

@ARTICLE{tagliamontesmithlawrence2005,
author = {Tagliamonte, Sali and Smith, Jennifer and Lawrence, Helen},
title = {No taming the vernacular! {I}nsights from the relatives in northern {B}ritain},
journal = {Language Variation and Change},
year = {2005},
volume = {17},
pages = {75--112},
doi = {10.1017/S0954394505050040},
}

@INCOLLECTION{miller1993,
author = {Miller, Jim},
title = {The grammar of {S}cottish {E}nglish},
booktitle = {Real {E}nglish},
editor = {Milroy, James and Milroy, Lesley},
publisher = {Longman},
address = {London},
year = {1993},
pages = {99--138},
}

@INCOLLECTION{bacskaiatkari2020lmec,
author = {Bacskai-Atkari, Julia},
title = {Changes affecting relative clauses in {L}ate {M}odern {E}nglish},
booktitle = {Late {M}odern {E}nglish: {N}ovel encounters},
editor = {Kytö, Merja and Smitterberg, Erik},
publisher = {John Benjamins},
address = {Amsterdam},
year = {2020},
pages = {91--115},
}

@BOOK{vangelderen2014,
author = {van Gelderen, Elly},
title = {A history of the {E}nglish language},
publisher = {John Benjamins},
address = {Amsterdam},
year = {2014},
}

@ARTICLE{keenancomrie1977,
author = {Keenan, Edward L. and Comrie, Bernard},
title = {Noun phrase accessibility and universal grammar},
journal = {Linguistic Inquiry},
year = {1977},
volume = {8},
number = {1},
pages = {63--99},
}

@BOOK{mosse1991,
author = {Moss\'e, Fernand},
title = {A handbook of {M}iddle {E}nglish},
publisher = {The John Hopkins University Press},
address = {Baltimore \& London},
year = {1991},
}

@INCOLLECTION{nevalainenraumolinbrunberg2002,
author = {Nevalainen, Terttu and Raumolin-Brunberg, Helena},
title = {The rise of the relative \emph{who} in {E}arly {M}odern {E}nglish},
booktitle = {Relativisation on the {N}orth {S}ea {L}ittoral},
editor = {Poussa, Patricia},
publisher = {Lincom Europa},
address = {Munich},
year = {2002},
pages = {109--121},
}

@ARTICLE{bacskaiatkari2020nordlyd,
author = {Bacskai-Atkari, Julia},
title = {English relative clauses in a cross-{G}ermanic perspective},
journal = {Nordlyd},
year = {2020},
volume = {44},
pages = {93--115},
}

@INCOLLECTION{fleischer2004wien,
author = {Fleischer, Jürg},
title = {Zur {T}ypologie der {R}elativsätze in den {D}ialekten des {D}eutschen},
booktitle = {Morphologie und {S}yntax deutscher {D}ialekte und historische {D}ialektologie des {D}eutschen},
editor = {Patocka, Franz and Wiesinger, Peter},
publisher = {Edition Praesens},
address = {Vienna},
year = {2004},
pages = {60--83},
}

@INCOLLECTION{groosvanriemsdijk1981,
author = {Groos, Anneke and van Riemsdijk, Henk},
title = {Matching effects in free relatives: {A} parameter of core grammar},
booktitle = {Theory of markedness in generative grammar: {P}roceedings of the 4th {GLOW} {C}onference},
editor = {Belletti, Adriana and Brandi, Luciana and Rizzi, Luigi},
publisher = {Scuola Normale Superiore},
address = {Pisa},
year = {1981},
pages = {171--216},
}

@INCOLLECTION{romaine1984,
author = {Romaine, Suzanne},
title = {Towards a typology of relative-clause formation strategies in {G}ermanic},
editor = {Fisiak, Jacek},
booktitle = {Historical syntax},
address = {Berlin},
publisher = {Mouton},
year = {1984},
pages = {437--470},
}

@ARTICLE{hawkins1999,
author = {Hawkins, John},
title = {Processing complexity and filler-gap dependencies across grammars},
journal = {Language},
year = {1999},
volume = {75},
pages = {244--285},
}

@INCOLLECTION{fleischer2004,
author = {Fleischer, Jürg},
title = {A typology of relative clauses in {G}erman dialects},
booktitle = {{D}ialectology meets typology: {D}ialect grammar from a cross-linguistic perspective},
editor = {Kortmann, Bernd},
publisher = {De Gruyter},
address = {Berlin},
year = {2004},
pages = {211--243},
doi = {10.1515/9783110197327.211},
}

@BOOK{lees1960,
author = {Lees, Robert B.},
title = {The grammar of {E}nglish nominalizations},
publisher = {Mouton},
address = {The Hague},
year = {1960},
}

@ARTICLE{lees1961as,
author = {Lees, Robert B.},
title = {The constituent structure of {N}oun {P}hrases},
journal = {American Speech},
year = {1961},
volume = {36},
pages = {159--168},
doi = {10.2307/453514},
}

@PHDTHESIS{sauerland1998diss,
author = {Sauerland, Uli},
title = {The meaning of chains},
school = {MIT},
year = {1998},
}

@INCOLLECTION{sauerland2003,
author = {Sauerland, Uli},
title = {Unpronounced heads in relative clauses},
booktitle = {The interfaces: {D}eriving and interpreting omitted structures},
editor = {Schwabe, Kerstin and Winkler, Susanne},
publisher = {John Benjamins},
address = {Amsterdam},
year = {2003},
pages = {205--226},
}

@MISC{bhatt2005lot,
author = {Bhatt, Rajesh},
title = {Three theories of relative clauses},
howpublished = {Talk delivered at: LOT Summer School on ``The Syntax and Semantics of Nominal Modification''},
year = {2005},
}

@INCOLLECTION{vanriemsdijk2006,
author = {van Riemsdijk, Henk},
title = {Free relatives},
booktitle = {The {Blackwell} companion to syntax {Vol.} {II}},
editor = {Everaert, Martin and van Riemsdijk, Henk},
publisher = {Blackwell},
address = {Oxford},
year = {2006},
pages = {338--382},
}

@INCOLLECTION{zwart2000,
author = {Zwart, Jan-Wouter},
title = {A head raising analysis of relative clauses in {D}utch},
booktitle = {The syntax of relative clauses},
editor = {Alexiadou, Artemis},
publisher = {John Benjamins},
address = {Amsterdam},
year = {2000},
pages = {349--385},
}

@BOOK{vanacker1948,
author = {Vanacker, Valeer Frits},
title = {Syntaxis van het {A}alsters dialect},
publisher = {Michiels},
address = {Tongeren},
year = {1948},
}

@INCOLLECTION{grewendorfpoletto2015,
author = {Grewendorf, Günther and Poletto, Cecilia},
title = {Relative clauses in {C}imbrian},
booktitle = {Structures, strategies and beyond: {S}tudies in honour of {A}driana {B}elletti},
editor = {Di Domenico, Elisa and Hamann, Cornelia and Matteini, Simona},
publisher = {John Benjamins},
address = {Amsterdam},
year = {2015},
pages = {393--416},
}

@ARTICLE{kjellmer2008,
author = {Kjellmer, Göran},
title = {\emph{Alls}, a relative pronoun?},
journal = {Nordic Journal of English Studies},
year = {2008},
volume = {7},
number = {2},
pages = {69--74},
}

@BOOK{kortmann1997,
author = {Kortmann, Bernd},
title = {Adverbial Subordination: {A} typology and history of adverbial subordinators based on {E}uropean languages},
publisher = {De Gruyter},
address = {Berlin},
year = {1997},
}

@INCOLLECTION{lopezcousomendeznaya2014,
author = {L\'opez-Couso, Mar\'ia Jos\'e and  M\'endez-Naya, Bel\'en},
title = {On comparative complementizers in {E}nglish: {E}vidence from historical corpora},
booktitle = {Creation and use of historical {E}nglish corpora in {S}pain},
editor = {Méndez-Naya Vazques, Nila},
publisher = {Cambridge Scholars Publishing},
address = {Newcastle upon Tyne},
year = {2014},
pages = {311--333},
}

@INCOLLECTION{bacskaiatkari2019fanselow,
author = {Bacskai-Atkari, Julia},
title = {Towards a {F}anselownian analysis of degree expressions},
booktitle = {Of trees and birds: {A} {F}estschrift for {G}isbert {F}anselow},
editor = {Brown, Jessica M. M.  and Schmidt, Andreas and Wierzba, Marta},
publisher = {Universitätsverlag Potsdam},
address = {Potsdam},
year = {2019},
pages = {95--106},
}

@ARTICLE{merchant2009,
author = {Merchant, Jason},
title = {Phrasal and clausal comparatives in {G}reek and the abstractness of syntax},
journal = {Journal of Greek Linguistics},
year = {2009},
volume = {9},
pages = {134--164},
doi = {10.1163/156658409X12500896406005},
}

@ARTICLE{bhatttakahashi2011,
author = {Bhatt, Rajesh and Takahashi, Shoichi},
title = {Reduced and unreduced phrasal comparatives},
journal = {Natural Language $\&$ Linguistic Theory},
year = {2011},
volume = {29},
number = {3},
pages = {581--620},
doi = {10.1007/s11049-011-9137-1},
}

@ARTICLE{bacskaiatkari2014alh,
author = {Bacskai-Atkari, Julia},
title = {Structural case and ambiguity in reduced comparative subclauses in {E}nglish and {G}erman},
journal = {Acta Linguistica Hungarica},
year = {2014},
volume = {61},
number = {4},
pages = {363--378},
doi = {10.1556/ALing.61.2014.4.1},
}

@BOOK{hahnemann1999,
author = {Hahnemann, Suzan},
title = {Vergleiche im {Vergleich}: {Zur} {Syntax} und {Semantik} ausgewählter {Vergleichsstrukturen} mit ``als'' und ``wie'' im {Deutschen}},
publisher = {Niemeyer},
address = {Tübingen},
year = {1999},
}

@PHDTHESIS{zeilfelder2001habil,
type = {Habilitation},
author = {Zeilfelder, Susanne},
title = {Steigern und {V}ergleichen der indogermanischen {C}omparation},
school = {Universität Jena},
year = {2001},
}

@BOOK{kennedy1999,
author = {Kennedy, Christopher},
title = {Projecting the adjective: {T}he syntax and semantics of gradability and comparison},
publisher = {Garland},
address = {New York, NY},
year = {1999},
}

@ARTICLE{vonstechow1984,
author = {von Stechow, Arnim},
title = {Comparing semantic theories of comparison},
journal = {Journal of Semantics},
year = {1984},
volume = {3},
pages = {1--77},
}

@UNPUBLISHED{heim1985,
author = {Heim, Irene},
title = {Notes on comparatives and related matters},
year = {1985},
note = {Manuscript. University of Texas, Austin.},
url ={http://semanticsarchive.net/Archive/zc0ZjY0M/Comparatives\%2085.pdf},
}

@INCOLLECTION{heim2000,
author = {Heim, Irene},
title = {Degree operators and scope},
booktitle = {{SALT X}},
editor = {Jackson, Brendan and Matthews, Tanya},
publisher = {Cornell University},
address = {Ithaca, NY},
year = {2000},
pages = {214--239},
}

@INCOLLECTION{beck2011,
author = {Beck, Sigrid},
title = {Comparison constructions},
booktitle = {Semantics: {A}n international handbook of natural language meaning 2},
editor = {von Heusinger, Klaus and Maienborn, Claudia and Portner, Paul},
publisher = {De Gruyter},
address = {Berlin},
year = {2011},
pages = {1341--1389},
}

@INCOLLECTION{dryer2013,
author = {Dryer, Matthew S.},
title = {Negative morphemes},
booktitle = {The world atlas of language structures online},
editor = {Dryer, Matthew S. and Haspelmath, Martin},
publisher = {Max Planck Institute for Evolutionary Anthropology},
address = {Leipzig},
year = {2013},
note = {Available at http://wals.info/chapter/112 (last accessed: 14 May 2015)},
}

@BOOK{merkle1975,
author = {Merkle, Ludwig},
title = {Bairische {G}rammatik},
publisher = {Heimeran},
address = {München},
year = {1975},
}

@BOOK{lindowmoehnniebaumstellmachertaubkenwirrer1998,
author = {Lindow, Wolfgang and Möhn, Dieter and Niebaum, Hermann and Stellmacher, Dieter and Taubken, Hans and Wirrer, Jan},
title = {Niederdeutsche {G}rammatik},
publisher = {Schuster},
address = {Leer},
year = {1998},
}

@ARTICLE{rutten2012,
author = {Rutten, Gijsbert},
title = {From adverb to conjunction and back: {T}he (de)grammaticalisation of {D}utch \emph{dan}},
journal = {Diachronica},
year = {2012},
volume = {29},
number = {3},
pages = {301--325},
}

@ARTICLE{postma2006,
author = {Postma, Gertjan},
title = {Van ``groter dan'' naar ``groter als'': {S}trukturele oonderzaken voor het verval van het comparatieve voegwoord ``dan''},
journal = {Nederlandse Taalkunde},
year = {2006},
volume = {11},
number = {1},
pages = {2--22},
}

@INCOLLECTION{hubersdehoop2013,
author = {Hubers, Ferdy and de Hoop, Helen},
title = {The effect of prescriptivism on comparative markers in spoken {D}utch},
booktitle = {Linguistics in the {N}etherlands 2013},
editor = {Aalberse, Suzanne and Auer, Anita},
publisher = {John Benjamins},
address = {Amsterdam},
year = {2013},
pages = {89--101},
}

@BOOK{vanderhorst2008deel1,
author = {van der Horst, Joop M.},
title = {Geschiedenis van de {N}ederlandse syntaxis 1},
publisher = {Leuven University Press},
address = {Leuven},
year = {2008},
}

@PHDTHESIS{friedli2012diss,
author = {Friedli, Matthias},
title = {Der {K}omparativanschluss im {S}chweizerdeutschen: {A}realität, {V}ariation und {W}andel},
school = {Universität Zürich},
year = {2012},
}

@INCOLLECTION{fuss2014,
author = {Fuß, Eric},
title = {Complementizer agreement (in {B}avarian): {F}eature inheritance or feature insertion?},
booktitle = {Bavarian syntax},
editor = {Grewendorf, Günther and Weiß, Helmut},
publisher = {John Benjamins},
address = {Amsterdam},
year = {2014},
pages = {51--82},
}

@ARTICLE{feldmann1901,
author = {Feldmann, Wilhelm},
title = {Das vergleichende \emph{als} in der deutschen {S}chriftsprache},
journal = {Zeitschrift des Allgemeinen Deutschen Sprachvereins},
volume = {16},
year = {1901},
pages = {38--41},
}

@INCOLLECTION{fuss2004,
author = {Fuß, Eric},
title = {Diachronic clues to pro-drop and complementizer agreement in {B}avarian},
booktitle = {Diachronic clues to synchronic grammar},
editor = {Fuß, Eric and Trips, Carola},
publisher = {John Benjamins},
address = {Amsterdam},
year = {2004},
pages = {59--100},
doi = {10.1075/la.72.04fus},
}

@ARTICLE{kennedy2002,
author = {Kennedy, Christopher},
title = {Comparative {D}eletion and optimality in syntax},
journal = {Natural Language $\&$ Linguistic Theory},
year = {2002},
volume = {20},
number = {3},
pages = {553--621},
doi = {10.1023/A:1015889823361},
}

@ARTICLE{dueckert1961,
author = {Dückert, Joachim},
title = {Das geschichtliche {V}erhältnis des vergleichenden \emph{als} und \emph{wie}},
journal = {Beiträge zur Geschichte der deutschen Sprache und Literatur},
year = {1961},
volume = {83},
pages = {205--230},
}

@ARTICLE{espinal2000,
author = {Espinal, M. Teresa},
title = {Expletive negation, negative concord and feature checking},
journal = {Catalan Working Papers in Linguistics},
year = {2000},
volume = {8},
pages = {47--69},
}

@ARTICLE{abels2005,
author = {Abels, Klaus},
title = {``{E}xpletive negation'' in {R}ussian: {A} conspiracy theory},
journal = {Journal of Slavic Linguistics},
year = {2005},
volume = {13},
number = {1},
pages = {5--74},
}

@BOOK{stolz2013,
author = {Stolz, Thomas},
title = {Competing comparative constructions in {E}urope},
publisher = {De Gruyter},
address = {Berlin},
year = {2013},
}

@BOOK{ziemer1884,
author = {Ziemer, Hermann},
title = {Vergleichende {S}yntax der indogermanischen {C}omparation insbesondere der {C}omparationscasus der indogermanischen {S}prachen und sein {E}rsatz},
publisher = {Dümmler},
address = {Berlin},
year = {1884},
}

@INCOLLECTION{izvorski1995,
author = {Izvorski, Roumyana},
title = {A {DP}-shell for comparatives},
booktitle = {{ConSOLE} {III} proceedings},
editor = {Bisetti, Antonietta and Brug\`{e}, Laura and Costa, Jo\~{a}o and Goedemans, Rob and Munaro, Nicola and Vijver, Ruben van der},
publisher = {Holland Academic Graphics},
address = {The Hague},
year = {1995},
pages = {99--121},
}

@ARTICLE{gracaninyuksek2013,
author = {Gra\v{c}anin-Yuksek, Martina},
title = {The syntax of relative clauses in {C}roatian},
journal = {The Linguistic Review},
year = {2013},
volume = {30},
number = {1},
pages = {25--49},
doi = {10.1515/tlr-2013-0002},
}

@INCOLLECTION{bacskaiatkari2015fdsl,
author = {Bacskai-Atkari, Julia},
title = {Information structure and clausal comparatives in {C}zech and {P}olish},
booktitle = {Slavic grammar from a formal perspective: {T}he 10th anniversary {FDSL} conference, {L}eipzig 2013},
editor = {Zybatov, Gerhild and Biskup, Petr and Guhl, Marcel and Hurtig, Claudia and Mueller-Reichau, Olav and Yastrebova, Maria},
publisher = {Peter Lang},
address = {Frankfurt am Main},
year = {2015},
pages = {27--42},
}

@ARTICLE{pfeffer1985,
author = {Pfeffer, J. Alan},
title = {Comparative subordinating conjunctions in {M}odern {A}merican {E}nglish},
journal = {IRAL: International Review of Applied Linguistics in Language Teaching},
year = {1985},
volume = {23},
number = {4},
pages = {323--330},
}

@BOOK{rudolph1996,
author = {Rudolph, Elisabeth},
title = {Contrast: {A}dversative and concessive relations and their expressions in {E}nglish, {G}erman, {S}panish, {P}ortuguese on sentence and text level},
address = {Berlin},
publisher = {De Gruyter},
year = {1996},
}

@BOOK{quirk1954,
author = {Quirk, Randolph},
title = {The concessive relation in {O}ld {E}nglish poetry},
address = {New Haven, CT},
publisher = {Yale University Press},
year = {1954},
}

@INCOLLECTION{koenig1985,
author = {König, Ekkehard},
title = {Where do concessives come from? {O}n the development of concessive connectives},
booktitle = {Historical semantics -- {Historical} word-formation},
editor = {Fisiak, Jacek},
address = {Berlin},
publisher = {De Gruyter},
year = {1985},
pages = {263--282},
}

@BOOK{jensen1990,
author = {Jensen, Frede},
title = {Old {F}rench and comparative {G}allo-{R}omance syntax},
address = {Berlin},
publisher = {De Gruyter},
year = {1990},
}

@ARTICLE{ferrell1968,
author = {Ferrell, James},
title = {On some conditional clause indicators in {S}lavic and {G}ermanic languages},
journal = {WORD},
year = {1968},
volume = {24},
number = {1--3},
pages = {99--111},
}

@ARTICLE{panizzachierchiaclifton2009,
author = {Panizza, Daniele and Chierchia, Gennaro and Clifton, Charles},
title = {On the role of entailment patterns and scalar implicatures in the processing of numerals},
journal = {Journal of Memory and Language},
year = {2009},
volume = {61},
number = {4},
pages = {481--572},
}

@BOOK{steitz1981,
author = {Steitz, Lothar},
title = {Grammatik der {S}aarbrücker {M}undart},
address = {Saarbrücken},
publisher = {Saarbrücker {D}ruckerei und {V}erlag},
year = {1981},
}

@INCOLLECTION{chen2000,
author = {Chen, Guohua},
title = {The grammaticalization of concessive markers in {E}arly {M}odern {E}nglish},
booktitle = {Pathways of change: {G}rammaticalization in {E}nglish},
editor = {Fischer, Olga and Rosenbach, Anette and Stein, Dieter},
address = {Amsterdam},
publisher = {John Benjamins},
year = {2000},
pages = {85--110},
}

@INCOLLECTION{bacskaiatkari2018lb,
author = {Bacskai-Atkari, Julia},
title = {Clause typing in main clauses and {V}1 conditionals in {G}ermanic},
booktitle = {Non-canonical verb positioning in main clauses},
editor = {Antomo, Mailin and Müller, Sonja},
publisher = {Helmut Buske Verlag},
address = {Hamburg},
year = {2018},
pages = {179--200},
}

@INCOLLECTION{bacskaiatkari2018jb,
author = {Bacskai-Atkari, Julia},
title = {Complementizers and negative polarity in {G}erman hypothetical comparatives},
booktitle = {The grammatical realization of polarity: {T}heoretical and experimental approaches},
editor = {Dimroth, Christine and Sudhoff, Stefan},
publisher = {John Benjamins},
address = {Amsterdam},
year = {2018},
pages = {89--108},
}

@ARTICLE{grewendorf1980,
author = {Grewendorf, Günther},
title = {Funktionale {S}atzperspektive und deutsche {W}ortstellung},
journal = {Linguistische Berichte},
year = {1980},
volume = {66},
pages = {28--40},
}

@INCOLLECTION{toman1999,
author = {Toman, Jind\v{r}ich},
title = {On clitic displacement},
booktitle = {Topics in south {S}lavic syntax and semantics},
editor = {Dimitrova-Vulchanova, Mila and Hellan, Lars},
publisher = {John Benjamins},
address = {Amsterdam},
year = {1999},
pages = {205--228},
}

@ARTICLE{lenertova2004,
author = {Lenertov\'a, Denisa},
title = {Czech pronominal clitics},
journal = {Journal of Slavic Linguistics},
year = {2004},
volume = {12},
pages = {139--176},
}

@BOOK{meyer2004,
author = {Meyer, Roland},
title = {Syntax der {E}rgänzungsfrage: {E}mpirische {U}ntersuchungen am {R}ussischen, {P}olnischen und {T}schechischen},
publisher = {Sagner},
address = {Munich},
year = {2004},
}

@PHDTHESIS{wierzba2017diss,
author = {Wierzba, Marta},
title = {Revisiting prosodic reconstruction: {A}n interface-based approach to partial focus and topic fronting in {G}erman},
school = {University of Potsdam},
year = {2017},
}

@INCOLLECTIOn{hoehle1982,
author = {Höhle, Tilman},
title = {Explikation für `normale {B}etonung' und `normale {W}orstellung'},
booktitle = {Satzglieder im {D}eutschen: {V}orschläge zur syntaktischen, semantischen und pragmatischen {F}undierung},
editor = {Abraham, Werner},
publisher = {Narr},
address = {Tübingen},
year = {1982},
pages = {75--152}
}

@ARTICLE{krifka1998,
author = {Krifka, Manfred},
title = {Scope inversion under the rise-fall pattern in {G}erman},
journal = {Linguistic Inquiry},
year = {1998},
volume = {29},
number = {1},
pages = {75--112},
}

@INCOLLECTION{ferydrenhaus2008,
author = {F\'ery, Caroline and Drenhaus, Heiner},
title = {Single prosodic phrase sentences},
booktitle = {Interdisciplinary {S}tudies in {I}nformation {S}tructure, vol. 10: {W}orking papers of the {SFB} 632},
editor = {Ishihara, Shinichiro and Petrova, Svetlana and Schwarz, Anne},
publisher = {Universitätsverlag Potsdam},
address = {Potsdam},
year = {2008},
pages = {1--44},
}

@BOOK{buering1997,
author = {Büring, Daniel},
title = {The meaning of topic and focus: {T}he 59th {S}treet bridge accent},
address = {London},
publisher = {Routledge},
year = {1997},
}

@ARTICLE{jacobs1997,
author = {Jacobs, Joachim},
title = {I-{T}opikalisierung},
journal ={Linguistische Berichte},
year = {1997},
volume = {168},
pages = {91--133},
}

@MASTERSTHESIS{wierzba2011,
type = {B{A} thesis},
author = {Wierzba, Marta},
title = {Teile kontrastiver {T}opiks im deutschen {V}orfeld},
school = {Universität Potsdam},
year = {2011},
}

@ARTICLE{liptakzimmermann2007,
author = {Lipt\'ak, Anik\'o and Zimmermann, Malte},
title = {Indirect scope marking again: {A} case for generalized question formation},
journal = {Natural Language $\&$ Linguistic Theory},
year = {2007},
volume = {25},
number = {1},
pages = {103--155},
}

@INCOLLECTION{vancraenenbroeckliptak2008,
author = {van Craenenbroeck, Jeroen and Lipt\'ak, Anik\'o},
title = {On the interaction between verb movement and ellipsis: {N}ew evidence from {H}ungarian},
booktitle = {Proceedings of the 26th {W}est {C}oast {C}onference on {F}ormal {L}inguistics},
editor = {Chang, Charles B. and Haynie, Hannah J.},
publisher = {Cascadilla Proceedings Project},
address = {Somerville, MA},
year = {2008},
pages = {138--146},
}

@INCOLLECTION{bacskaiatkari2018kenesei,
author = {Bacskai-Atkari, Julia},
title = {Marking finiteness and low peripheries},
editor = {Bartos, Huba and den Dikken, Marcel and B\'anréti, Zolt\'an and V\'aradi, Tam\'as}, 
booktitle = {Boundaries crossed, at the interfaces of morphosyntax, phonology, pragmatics and semantics},
address = {Dordrecht},
publisher = {Springer},
year = {2018},
pages = {183--198},
}

@INCOLLECTION{kenesei1994,
author = {Kenesei, Istv\'an},
title = {Subordinate clauses},
booktitle = {The syntactic structure of {H}ungarian},
editor = {Kiefer, Ferenc and \'E. Kiss, Katalin},
publisher = {Academic Press},
address = {San Diego},
year = {1994},
pages = {275--354},
}

@ARTICLE{baker1985,
author = {Baker, Mark},
title = {Mirror theory and morphosyntactic explanation},
journal = {Linguistic Inquiry},
year = {1985},
volume = {16},
number = {3},
pages = {373--415},
}

@BOOK{baker1988,
author = {Baker, Mark},
title = {Incorporation: {A} theory of grammatical function changing},
publisher = {University of Chicago Press},
address = {Chicago, IL},
year = {1988},
}

@INCOLLECTION{brody1995,
author = {Brody, Michael},
title = {Focus and checking theory},
booktitle = {Approaches to {H}ungarian 5},
editor = {Kenesei, Istv\'an},
publisher = {JATE},
address = {Szeged},
year = {1995},
pages = {29--44},
}

@InCollection{vicente2018,
  author    = {Vicente, Luis},
  booktitle = {The {O}xford handbook of ellipsis},
  publisher = {Oxford University Press},
  title     = {Sluicing and its subtypes},
  year      = {2018},
  address   = {Oxford},
  editor    = {van Craenenbroeck, Jeroen and Temmerman, Tanja},
  pages     = {479--503},
}

@ARTICLE{kennedymerchant2000,
author = {Kennedy, Christopher and Merchant, Jason},
title = {Attributive {C}omparative {D}eletion},
journal = {Natural Language $\&$ Linguistic Theory},
year = {2000},
volume = {18},
number = {1},
pages = {89--146},
doi = {10.1023/A:1006362716348},
}

@MISC{barroselliottthoms2014,
author = {Barros, Matthew and Elliott, Patrick D. and Thoms, Gary},
title = {There is no island repair},
howpublished = {Manuscript. Rutgers University, University College London, and University of Edinburgh},
year = {2014},
}

@MISC{lrex,
title = {{L-Rex Linguistic rating experiments [software], version 0.8}},
author = {Starschenko, Alexej and Wierzba, Marta},
year = {2021},
note = {{GNU General Public License v3.0}},
url = {https://github.com/2e2a/l-rex/}
} 

@ARTICLE{salzmannschaden2019,
author = {Salzmann, Martin and Schaden, Gerhard},
title = {The syntax and semantics of past participle agreement in {A}lemannic},
journal = {Glossa: a journal of general linguistics},
year = {2019},
volume = {4},
number = {1},
pages = {1--46},
}

@PHDTHESIS{hiraiwa2005diss,
author = {Hiraiwa, Ken},
title = {Dimensions of symmetry in syntax: {A}greement and clausal architecture},
school = {MIT},
year = {2005},
}

@INCOLLECTION{pancheva2006,
author = {Pancheva, Roumyana},
title = {Phrasal and clausal comparatives in {Slavic}},
booktitle = {Proceedings of {FASL} 14},
editor = {Lavine, James and Franks, Steven and Tasseva-Kurktchieva, Mila and Filip, Hana},
address = {Ann Arbor, MI},
publisher = {Michigan Slavic Publications},
year = {2006},
pages = {134--165},
} 

@ARTICLE{schuetze2001,
author = {Schütze, Carson T.},
title = {On the nature of default case},
journal = {Syntax},
year = {2001},
volume = {4},
number = {3},
pages = {205--238},
doi = {10.1111/1467-9612.00044},
}

@INCOLLECTION{hankamer1973,
author = {Hankamer, Jorge},
title = {Why there are two \emph{than}'s in {E}nglish},
booktitle = {Papers from the 9th {R}egional {M}eeting of the {C}hicago {L}inguistic {S}ociety},
publisher = {Chicago Linguistic Society},
year = {1973},
editor = {Corum, Claudia and Smith-Stark, Thomas Cedric and Weiser, Ann},
pages = {179--191},
address = {Chicago, IL},
}

@INCOLLECTION{lernerpinkal1995,
author = {Lerner, Jan and Pinkal, Manfred},
title = {Comparative {E}llipsis and variable binding},
booktitle = {Proceedings from the {C}onference on {S}emantics and {L}inguistic {T}heory ({SALT}), {U}niversity of {T}exas, {A}ustin},
editor = {Simons, Mandy and Galloway, Teresa},
publisher = {Cornell University, Department of Linguistics},
address = {Ithaca},
year = {1995},
pages = {222--236},
}

@INCOLLECTION{bacskaiatkari2017icgl,
author = {Bacskai-Atkari, Julia},
title = {Ambiguity and the internal structure of comparative complements in {G}reek},
booktitle = {Proceedings of the {ICGL}12, vol. 1},
editor = {Georgakopoulos, Thanasis and Pavlidou, Theodossia-Soula and Pechlivanos, Miltos and Alexiadou, Artemis and Androutsopoulos, Jannis and Kalokairinos, Alexis and Skopeteas, Stavros and Stathi, Katerina},
address = {Berlin},
publisher = {Edition Romiosini/CeMoG},
year = {2017},
pages = {231--242},
}

@INCOLLECTION{svenonius2004,
author = {Svenonius, Peter},
title = {On the edge},
booktitle = {Peripheries: {S}yntactic edges and their effects},
editor = {Adger, David and de Cat, C\'ecile and Tsoulas, George},
publisher = {Kluwer},
address = {Dordrecht},
year = {2004},
pages = {259--287},
}

@INCOLLECTION{hallemarantz1993,
author = {Halle, Morris and Marantz, Alec},
title = {Distributed morphology},
booktitle = {The view from {B}uilding 20: {E}ssays in linguistics in honor of {S}ylvain {B}romberger},
editor = {Hale, Ken and Keyser, Samuel Jay},
publisher = {MIT Press},
address = {Cambridge, MA},
year = {1993},
pages = {111--176},
}

@INCOLLECTION{embicknoyer2007,
author = {Embick, David and Noyer, Rolf},
title = {Distributed {M}orphology and the syntax/ morphology interface},
editor = {Ramchand, Gillian and Reiss, Charles},
booktitle = {The {O}xford handbook of linguistic interfaces},
address = {Oxford},
publisher = {Oxford University Press},
year = {2007},
pages = {289--324},
}

@BOOK{hroarsdottir2000,
author = {Hr\'oarsd\'ottir, Thorbjörg},
title = {Word order change in {I}celandic: {F}rom {OV} to {VO}},
publisher = {John Benjamins},
address = {Amsterdam},
year = {2000},
doi = {10.1075/la.35},
}

@ARTICLE{abels2012,
author = {Abels, Klaus},
title = {The {I}talian left periphery: {A} view from locality},
journal = {Linguistic Inquiry},
volume = {43},
number = {2},
year = {2012},
pages = {229--254},
}


@ARTICLE{neelemanvandekoot2008,
author = {Neeleman, Ad and van de Koot, Hans},
title = {Dutch scrambling and the nature of discourse templates},
journal = {The Journal of Comparative Germanic Linguistics},
year = {2008},
volume = {11},
number = {2},
pages = {137--189},
}

@INCOLLECTION{ernst2014,
author = {Ernst, Thomas},
title = {The syntax of adverbs},
booktitle = {The {R}outledge handbook of syntax},
editor = {Carnie, Andrew and Sato, Yosuke and Siddiqi, Daniel},
publisher = {Routledge},
address = {London},
year = {2014},
pages = {108--130},
}

@BOOK{alexiadou1997,
author = {Alexiadou, Artemis},
title = {Adverb placement},
address = {Amsterdam},
publisher = {John Benjamins},
year = {1997},
}

@INCOLLECTION{laenzlinger2004,
author = {Laenzlinger, Christopher},
title = {A feature-based theory of adverb syntax},
booktitle = {Adverbials: {T}he interplay between meaning, context, and syntactic structure},
editor = {Austin, Jennifer R. and Engelberg, Stefan and Rauh, Gisa},
address = {Amsterdam},
publisher = {John Benjamins},
year = {2004},
pages = {205--252}
}

@BOOK{haumann2007,
author = {Haumann, Dagmar},
title = {Adverb licensing and clause structure in {E}nglish},
address = {Amsterdam},
publisher = {John Benjamins},
year = {2007},
}

@BOOK{ernst1984,
author = {Ernst, Thomas},
title = {Towards an integrated theory of adverb position in {E}nglish},
address = {Bloomington, IN},
publisher = {IULC},
year = {1984},
}

@BOOK{ernst2002,
author = {Ernst, Thomas},
title = {The syntax of adjuncts},
address = {Cambridge},
publisher = {Cambridge University Press},
year = {2002},
}

@UNPUBLISHED{haider1998,
author = {Haider, Hubert},
title = {Adverbials at the syntax-semantics interface},
address = {Salzburg},
year = {1998},
note = {Manuscript. University of Salzburg},
}

@ARTICLE{haider2000,
author = {Haider, Hubert},
title = {Adverb placement -- convergence of structure and licensing},
journal = {Theoretical Linguistics},
volume = {26},
year = {2000},
pages = {95--134},
}

@ARTICLE{haider2004,
author = {Haider, Hubert},
title = {Pre- and postverbal adverbials in {OV} and {VO}},
journal = {Lingua},
volume = {114},
year = {2004},
pages = {779--807},
}

@INCOLLECTION{fanselowcavar2001,
author = {Fanselow, Gisbert and \'Cavar, Damir},
title = {Remarks on the economy of pronunciation},
editor = {Müller, Gereon and Sternefeld, Wolfgang},
booktitle = {Competition in syntax},
address = {Berlin},
publisher = {De Gruyter},
year = {2001},
pages = {107--150},
}

@INCOLLECTION{mueller2000,
author = {Müller, Gereon},
title = {Shape conservation and remnant movement},
editor = {Hirotani, Masako and Coetzee, Andries and Hall, Nancy and Kim, Ji-yung},
booktitle ={Proceedings of {NELS} 30},
publisher = {GLSA},
address = {Amherst, MA},
year = {2000},
pages = {525--539},
}

@INCOLLECTION{mueller2002,
author = {Müller, Gereon},
title = {Shape conservation and remnant movement},
editor = {Alexiadou, Artemis and Anagnostopoulou, Elena and Barbiers, Sjef and Gärtner, Hans-Martin},
booktitle ={Dimensions of movement},
publisher = {John Benjamins},
address = {Amsterdam},
year = {2002},
pages = {209--241},
}

@INCOLLECTION{georgi2013,
author = {Georgi, Doreen},
title = {Opaque interaction of {I}nternal {M}erge and {A}gree},
editor = {Heck, Fabian and Assmann, Anke},
booktitle = {Rule interaction in grammar},
address = {Leipzig},
publisher = {University of Leipzig},
year = {2013},
pages = {413--461},
}

@INCOLLECTION{fanselow2017,
author = {Fanselow, Gisbert},
title = {Partial \emph{{W}h}-movement},
booktitle = {The {W}iley {B}lackwell companion to syntax},
editor = {Everaert, Martin and van Riemsdijk, Henk},
publisher = {Blackwell},
address = {Oxford},
year = {2017},
pages = {437--492},
}

@MISC{weiss2016,
author = {Weiß, Helmut},
title = {W-{E}xtraktion},
year = {2016},
note = {In \emph{Sy{HD}-atlas}},
url = {http://www.syhd.info/apps/atlas/\#w-extraktion},
}

@MISC{weiss2016doubly,
author = {Weiß, Helmut},
title = {Doubly-filled {COMP}},
year = {2016},
note = {In \emph{Sy{HD}-atlas}},
url = {http://www.syhd.info/apps/atlas/\#doubly-filled-comp},
}

@ARTICLE{fanselowweskott2010,
author = {Fanselow, Gisbert and Weskott, Thomas},
title = {A short note on long movement in {G}erman},
journal = {Linguistische Berichte},
volume = {222},
year = {2010},
pages = {129--140},
}

@INCOLLECTION{brandnerbucheliberger2018,
author = {Brandner, Ellen and Bucheli Berger, Claudia},
title = {Über lange {W}-{E}xtraktion im {A}lemannischen},
booktitle = {Syntax aus {S}aarbrücker {S}icht 2: {B}eiträge der {S}a{RD}i{S}-{T}agung zur {D}ialektsyntax},
editor = {Speyer, Augustin and Rauth, Philipp},
publisher = {Steiner},
address = {Stuttgart},
year = {2018},
pages = {31--67},
}

@ARTICLE{gaertner2001,
author = {Gärtner, Hans-Martin},
title = {Are there {V}2 relative clauses in {G}erman?},
journal = {The Journal of Comparative Germanic Linguistics},
volume = {3},
number = {2},
year = {2001},
pages = {97--141},
}

@ARTICLE{frey2010,
author = {Frey, Werner},
title = {\={A}-movement and conventional implicatures: {A}bout the grammatical encoding of emphasis in {G}erman},
journal = {Lingua},
volume = {120},
year = {2010},
pages = {1416--1435},
}

@ARTICLE{fery2013nllt,
author = {F\'ery, Caroline},
title = {Focus as prosodic alignment},
journal = {Natural Language and Linguistic Theory},
volume = {31},
number = {3},
year = {2013},
pages = {683--734},
}

@ARTICLE{speyer2009,
author = {Speyer, Augustin},
title = {Das {V}orfeldranking und das {V}orfeld-\emph{es}},
journal = {Linguistische Berichte},
volume = {219},
year = {2009},
pages = {323--353},
}

@INCOLLECTION{pesetsky1998,
author = {Pesetsky, David},
title = {Some optimality principles of sentence pronunciation},
booktitle = {Is the best good enough?},
editor = {Barbosa, Pilar and Fox, Daniel and Hagstrom, Paul and McGinnis, Martha and Pesetsky, David},
publisher = {MIT Press and MITWPL},
address = {Cambridge, MA},
year = {1998},
pages = {337--383},
}

@INCOLLECTION{artstein2002,
author = {Artstein, Ron},
title = {A focus semantics for echo questions},
booktitle = {Workshop on {I}nformation {S}tructure in {C}ontext},
editor = {Bende-Farkas, \'Agnes and Riester, Arndt},
publisher = {IMS, University of Stuttgart},
address = {Stuttgart},
year = {2002},
pages = {98--107},
}

@BOOK{chomsky1981,
author = {Chomsky, Noam},
title = {Lectures on {G}overnment and {B}inding},
address = {Dordrecht},
publisher = {Foris},
year = {1981},
}

@BOOK{lass1994,
author = {Lass, Roger},
title = {Old {E}nglish: {A} historical linguistic companion},
publisher = {Cambridge University Press},
address = {Cambridge},
year = {1994},
}

@INCOLLECTION{koenig2015,
author = {König, Ekkehard},
title = {Manner deixis as source of grammatical markers in {I}ndo-{E}uropean languages},
booktitle = {Perspectives on historical syntax},
editor = {Viti, Carlotta},
publisher = {John Benjamins},
address = {Amsterdam},
year = {2015},
pages = {33--60},
}

@INCOLLECTION{bacskaiatkari2022jb,
author = {Bacskai-Atkari, Julia},
title = {Discourse-driven asymmetries between embedded interrogatives and relative clauses in {W}est {G}ermanic},
editor = {Catasso, Nicholas and Coniglio, Marco and De Bastiani, Chiara},
booktitle = {Language change at the interfaces: {I}ntrasentential and intersentential phenomena},
address = {Amsterdam},
publisher = {John Benjamins},
year = {2022},
pages = {189--214},
}

@BOOK{halliday1967,
author = {Halliday, Michael A. K.},
title = {Intonation and grammar in {B}ritish {E}nglish},
address = {The Hague},
publisher = {Mouton},
year = {1967},
}

@INCOLLECTION{buering2013,
author = {Büring, Daniel},
title = {Syntax, information structure, and prosody},
editor = {den Dikken, Marcel},
booktitle = {The {C}ambridge handbook of generative syntax},
address = {Cambridge},
publisher = {Cambridge University Press},
year = {2013},
pages = {860--896},
}

@INCOLLECTION{vonstechow1981,
author = {von Stechow, Arnim},
title = {Topic, focus and local relevance},
editor = {Klein, Wolfgang and Levelt, Willem},
booktitle = {Crossing the boundaries in linguistics},
address = {Dordrecht},
publisher = {Springer},
year = {1981},
pages = {95--130},
}

@PHDTHESIS{rooth1985diss,
author = {Rooth, Mats},
title = {Association with focus},
school = {University of Massachusetts Amherst},
year = {1985},
}

@BOOK{selkirk1984,
author = {Selkirk, Elisabeth O.},
title = {Phonology and syntax: {T}he relation between sound and structure},
publisher = {MIT Press},
address = {Cambridge, MA},
year = {1984},
}

@BOOK{schuetze2016,
author = {Schütze, Carson T.},
title = {The empirical base of linguistics: {G}rammaticality judgments and linguistic methodology},
address = {Berlin},
publisher = {Language Science Press},
year = {2016},
doi = {10.17169/langsci.b89.100}
}

@ARTICLE{haegeman2007,
author = {Haegeman, Liliane},
title = {Operator movement and topicalisation in adverbial clauses},
journal = {Folia Linguistica},
volume = {41},
number = {3--4},
year = {2007},
pages = {279--325},
}

@BOOK{haegeman2012,
author = {Haegeman, Liliane},
title = {The cartography of syntactic structures, vol. 6, {Adverbial} clauses, {Main} {Clause} {Phenomena}, and the composition of the left periphery},
publisher = {Oxford University Press},
address = {Oxford},
year = {2012},
}

@ARTICLE{haegeman2013,
author = {Haegeman, Liliane},
title = {The syntax of registers: {D}iary subject omission and the privilege of the root},
journal = {Lingua},
volume = {130},
year = {2013},
pages = {88--110},
}

@ARTICLE{haegeman2014,
author = {Haegeman, Liliane},
title = {West {F}lemish verb-based discourse markers and the articulation of the {S}peech {A}ct layer},
journal = {Studia Linguistica},
volume = {68},
number = {1},
year = {2014},
pages = {116--139},
}

@INCOLLECTION{haegeman2017,
author = {Haegeman, Liliane},
title = {Unspeakable sentences: {S}ubject omission in written registers: a cartographic analysis},
booktitle = {Register variation and syntactic theory},
editor = {Massam, Diane and Stowell, Tim},
publisher = {John Benjamins},
address = {Amsterdam},
year = {2017},
pages = {229--250},
}

@BOOK{price1990,
author = {Price, Susan},
title = {Comparative constructions in {S}panish and {F}rench syntax},
publisher = {Routledge},
address = {London},
year = {1990},
}

@BOOK{grimaldi2009,
author = {Grimaldi, Lucia},
title = {Italienische {V}ergleichskonstruktionen},
address = {Tübingen},
publisher = {Niemeyer},
year = {2009},
}

@INCOLLECTION{belletti1991,
author = {Belletti, Adriana},
title = {Le frasi comparative},
booktitle = {Grande grammatica italiana di consultazione, Vol. 2},
editor = {Renzi, Lorenzo and Salvi, Giampaolo and Cardinaletti, Anna},
publisher = {Il Mulino},
address = {Bologna},
year = {1991},
pages = {832--853},
}

@BOOK{donati2000,
author = {Donati, Caterina},
title = {La sintassi della comparazione},
address = {Padova},
publisher = {Unipress},
year = {2000},
}

@BOOK{serianni1988,
author = {Serianni, Luca},
title = {Grammatica italiana: {I}taliano comune e lingua letteraria},
address = {Torino},
publisher = {UTET},
year = {1988},
}

@BOOK{schwarze1995,
author = {Schwarze, Christoph},
title = {Grammatik der italienischen {Sprache}},
address = {Tübingen},
publisher = {Niemeyer},
year = {1995},
}

@INCOLLECTION{wandruszka1991,
author = {Wandruszka, Ulrich},
title = {Frasi subordinate al congiuntivo},
booktitle = {Grande grammatica italiana di consultazione, Vol. 2},
editor = {Renzi, Lorenzo and Salvi, Giampaolo and Cardinaletti, Anna},
publisher = {Il Mulino},
address = {Bologna},
year = {1991},
pages = {415--481},
}

@INCOLLECTION{cardinaletti2004,
author = {Cardinaletti, Anna},
title = {Toward a cartography of subject positions},
booktitle = {The cartography of syntactic structures, vol. 2, {The} structure of {CP} and {IP}},
editor = {Rizzi, Luigi},
publisher = {Oxford University Press},
address = {Oxford},
year = {2004},
pages = {115--165},
}

@ARTICLE{cinquerizzi2008,
author = {Cinque, Guglielmo and Rizzi, Luigi},
title = {The cartography of syntactic structures},
journal = {Studies in Linguistics},
volume = {2},
year = {2008},
pages = {42--58},
}

@INCOLLECTION{boccicruschinarizzi2021,
author = {Bocci, Giuliano and Cruschina, Silvio and Rizzi, Luigi},
title = {On some special properties of \emph{why} in syntax and prosody},
booktitle = {Why is `why' unique?},
editor = {Soare, Gabriela},
address = {Berlin},
publisher = {De Gruyter},
year = {2021},
pages = {293--316},
}

@ARTICLE{bianchiboccicruschina2017,
author = {Bianchi, Valentina and Bocci, Giuliano and Cruschina, Silvio},
title = {Two types of subject inversion in {Italian} \emph{wh}-questions},
journal = {Revue roumaine de linguistique},
volume = {62},
number = {3},
year = {2017},
pages = {233--252},
}

@ARTICLE{bianchiboccicruschina2018,
author = {Bianchi, Valentina and Bocci, Giuliano and Cruschina, Silvio},
title = {The syntactic and prosodic effects of long-distance \emph{wh}-movement in {I}talian},
journal = {Italian Journal of Linguistics},
volume = {30},
number = {2},
year = {2018},
pages = {59--78},
}

@BOOK{bocci2013,
author = {Bocci, Giuliano},
title = {The syntax--prosody interface: {A} cartographic perspective with evidence from {Italian}},
address = {Amsterdam},
publisher = {John Benjamins},
year = {2013},
}

@INCOLLECTION{boccicruschina2018,
author = {Bocci, Giuliano and Cruschina, Silvio},
title = {Postverbal subjects and nuclear pitch accent in {I}talian \emph{wh}-questions},
editor = {Petrosino, Roberto and Cerrone, Pietro and van der Hulst, Harry},
booktitle = {From sounds to structures: {B}eyond the veil of {M}aya},
address = {Berlin},
publisher = {De Gruyter},
year = {2018},
pages = {467--494},
}

@ARTICLE{boccibianchicruschina2021,
author = {Bocci, Giuliano and Bianchi, Valentina and Cruschina, Silvio},
title = {Focus in \emph{wh}-questions: {E}vidence from {I}talian},
journal = {Natural Language \& Linguistic Theory},
volume = {39},
number = {2},
year = {2021},
pages = {405--455},
}

@INCOLLECTION{cinquerizzi2009,
author = {Cinque, Guglielmo and Rizzi, Luigi},
title = {The cartography of syntactic structures},
editor = {Heine, Bernd and Narrog, Heiko},
booktitle = {The {Oxford} handbook of linguistic analysis},
address = {Oxford},
publisher = {Oxford University Press},
year = {2010},
pages = {51--66},
}

@ARTICLE{polettozanuttini2013,
author = {Poletto, Cecilia and Zanuttini, Raffaella},
title = {Emphasis as reduplication: {E}vidence from \emph{s\`i che}/\emph{no che} sentences},
journal = {Lingua},
volume = {128},
year = {2013},
pages = {124--141},
}

@INCOLLECTION{rizzibocci2017,
author = {Rizzi, Luigi and Bocci, Giuliano},
title = {The left periphery of the clause: {P}rimarily illustrated for {I}talian},
editor = {Everaert, Martin and van Riemsdijk, Henk},
booktitle = {The {W}iley {B}lackwell companion to syntax},
address = {Oxford},
publisher = {Blackwell},
year = {2017},
pages = {2171--2200},
}

@INCOLLECTION{benincapoletto2004,
author = {Beninc\`{a}, Paola and Poletto, Cecilia},
title = {Topic, focus, and {V}2: {D}efining the {CP} sublayers},
booktitle = {The cartography of syntactic structures, vol. 3, {Structures} and beyond},
editor = {Belletti, Adriana},
publisher = {Oxford University Press},
address = {Oxford},
year = {2004},
pages = {52--75},
}

@INCOLLECTION{polettopollock2004,
author = {Poletto, Cecilia and Pollock, Jean-Yves},
title = {On the left periphery of some {Romance} wh-questions},
booktitle = {The cartography of syntactic structures, vol. 2, {The} structure of {CP} and {IP}},
editor = {Belletti, Adriana},
publisher = {Oxford University Press},
address = {Oxford},
year = {2004},
pages = {251--296},
}

@BOOK{frascarelli2000,
author = {Frascarelli, Mara},
title = {The syntax-phonology interface in focus and topic constructions in {I}talian},
address = {Dordrecht},
publisher = {Kluwer},
year = {2000},
}

@INCOLLECTION{frascarellihinterhoelzl2007,
author = {Frascarelli, Mara and Hinterhölzl, Roland},
title = {Types of topics in {G}erman and {I}talian},
editor = {Winkler, Susanne and Schwabe, Kerstin},
booktitle = {On information structure, meaning and form},
publisher = {John Benjamins},
address = {Amsterdam},
year = {2007},
pages = {87--116},
}

@INCOLLECTION{frascarelli2008,
author = {Frascarelli, Mara},
title = {The fine structure of the topic field},
editor = {De Cat, C\'ecile and Demuth, Katherine},
booktitle = {The {Bantu}-{Romance} connection: {A} comparative investigation of verbal agreement, {DPs}, and information structure},
publisher = {John Benjamins},
address = {Amsterdam},
year = {2008},
pages = {261--292},
}

@INCOLLECTION{hinterhoelzlpetrova2010focus,
author = {Hinterhölzl, Roland and Petrova, Svetlana},
title = {Evidence for two types of focus positions in {OHG}},
editor = {Ferraresi, Gisella and Lühr, Rosemarie},
booktitle = {Diachronic studies on information structure: {L}anguage acquisition and change},
address = {Berlin},
publisher = {De Gruyter},
year = {2010},
pages = {189--215},
}

@ARTICLE{bonan2021,
author = {Bonan, Caterina},
title = {The periphery of v{P} in the theory of wh-in situ},
journal = {Glossa: a journal of general linguistics},
volume = {6},
number = {1},
year = {2021},
pages = {1--43},
}

@INCOLLECTION{cognolawalkden2021,
author = {Cognola, Federica and Walkden, George},
title = {\emph{Pro}-drop in interrogatives across older {G}ermanic and {R}omance languages},
editor = {Wolfe, Sam and Meklenborg, Christine},
booktitle = {Continuity and variation in {G}ermanic and {R}omance},
address = {Oxford},
publisher = {Oxford University Press},
year = {2021},
pages = {97--136},
}

@ARTICLE{cognolawalkden2019,
author = {Cognola, Federica and Walkden, George},
title = {\emph{Pro}-drop in interrogatives and declaratives: {A} parallel study of {O}ld {H}igh {G}erman and {O}ld {I}talian},
journal = {Linguistik Online},
volume = {100},
number = {7},
year = {2019},
pages = {95--140},
}

@INCOLLECTION{hinterhoelzl2006,
author = {Hinterhölzl, Roland},
title = {The {P}hase {C}ondition and cyclic spell-out: {E}vidence from {VP}-topicalization},
booktitle = {Phases of interpretation},
editor = {Frascarelli, Mara},
publisher = {De Gruyter},
address = {Berlin},
year = {2006},
pages = {237--259},
}

@INCOLLECTION{hinterhoelzl2018,
author = {Hinterhölzl, Roland},
title = {Implications of displaced affixes for the analysis of non-finite morphology and the headedness of the {VP} in {German}},
booktitle = {Syntax aus {Saarbrücker} {Sicht} 2: {Beiträge} der {SaRDiS}-{Tagung} zur {Dialektsyntax}},
editor = {Speyer, Augustin and Rauth, Philipp},
publisher = {Steiner},
address = {Stuttgart},
year = {2018},
pages = {69--89},
}

@ARTICLE{struikvankemenade2022,
author = {Struik, Tara and van Kemenade, Ans},
title = {Information structure and {OV} word order in {O}ld and {M}iddle {E}nglish: {A} phase-based approach},
journal = {The Journal of Comparative Germanic Linguistics},
year = {2022},
volume = {25},
pages = {79--114},
}

@ARTICLE{struikvankemenade2020,
author = {Struik, Tara and Ans van Kemenade},
title = {On the givenness of {OV} word order: {A} (re)examination of {OV}/{VO} variation in {O}ld {E}nglish},
journal = {English Language and Linguistics},
volume = {24},
number = {1},
year = {2020},
pages = {1--22},
}

@ARTICLE{biberauerroberts2005,
author = {Biberauer, Theresa and Roberts, Ian},
title = {Changing {EPP}-parameters in the history of {E}nglish: {A}ccounting for variation and change},
journal = {English Language and Linguistics},
volume = {9},
number = {1},
year = {2005},
pages = {5--46},
}

@INCOLLECTION{hinterhoelzl2004,
author = {Hinterhölzl, Roland},
title = {Language change versus grammar change: {W}hat diachronic data reveal about the distinction between core grammar and periphery},
editor = {Fuß, Eric and Trips, Carola},
booktitle = {Diachronic clues to synchronic grammar},
publisher = {John Benjamins},
address = {Amsterdam},
year = {2004},
pages = {131--160},
}

@INCOLLECTION{hinterhoelzl2009,
author = {Hinterhölzl, Roland},
title = {The role of information structure in word order variation and word order change},
editor = {Hinterhölzl, Roland and Petrova, Svetlana},
booktitle = {Information structure and language change: {N}ew approaches to word order variation in {G}ermanic},
publisher = {De Gruyter},
address = {Berlin},
year = {2009},
pages = {45--66},
}

@INCOLLECTION{hinterhoelzl2010,
author = {Hinterhölzl, Roland},
title = {Information structure and unmarked word order in ({O}lder) {G}ermanic},
editor = {Zimmermann, Malte and F\'ery, Caroline},
booktitle = {Information structure: {T}heoretical, typological, and experimental perspectives},
publisher = {Oxford University Press},
address = {Oxford},
year = {2010},
pages = {282--303},
}

@ARTICLE{roberts1997,
author = {Roberts, Ian},
title = {Restructuring, head movement, and locality},
journal = {Linguistic Inquiry},
year = {1997},
volume = {28},
number = {3},
pages = {423--460},
}

@INCOLLECTION{hinterhoelzl2015,
author = {Hinterhölzl, Roland},
title = {An interface account of word-order variation in {O}ld {H}igh {G}erman},
booktitle = {Syntax over time: {L}exical, morphological, and information-structural interactions},
editor = {Biberauer, Theresa and Walkden, George},
publisher = {Oxford University Press},
address = {Oxford},
year = {2015},
pages = {299--317},
}


@ARTICLE{paoli2009,
author = {Paoli, Sandra},
title = {Contrastiveness and new information: {A} new view on focus},
journal = {Rivista di Grammatica Generativa},
volume = {34},
year = {2009},
pages = {137--161},
}

@ARTICLE{paoli2007,
author = {Paoli, Sandra},
title = {The fine structure of the left-periphery: {COMP}s and subjects. {E}vidence from {R}omance},
journal = {Lingua},
volume = {117},
year = {2007},
pages = {1057--1079},
}

@PHDTHESIS{paoli2003diss,
author = {Paoli, Sandra},
title = {C{OMP} and the left-periphery: {C}omparative evidence from {R}omance},
school = {University of Manchester},
year = {2003},
}

@BOOK{sameklodovici2015,
author = {Samek-Lodovici, Vieri},
title = {The interaction of focus, givenness, and prosody},
publisher = {Oxford University Press},
address = {Oxford},
year = {2015},
}

@INCOLLECTION{beninca2001,
author = {Beninc\`a, Paola},
title = {The position of topic and focus in the left periphery},
booktitle = {Current studies in {I}talian syntax: {E}ssays offered to {L}orenzo {R}enzi},
editor = {Cinque, Guglielmo and Salvi, Giampaolo},
publisher = {Elsevier},
address = {Amsterdam},
year = {2001},
pages = {39--64},
}

@ARTICLE{schallertbidese2021,
author = {Schallert, Oliver and Bidese, Ermenegildo},
title = {Doubly-filled {COMP}s in {A}lpine varieties: {A} contrastive study on embedded questions in {G}ermanic and {R}omance},
journal = {STUF -- Sprachtypologie und Universalienforschung},
year = {2021},
volume = {74},
number = {1},
pages = {121--161},
}

@INCOLLECTION{polettovanelli1997,
author = {Poletto, Cecilia and Vanelli, Laura},
title =  {Gli introduttori delle frasi interrogative nei dialetti settentrionali},
editor = {Beninc\`a, Paola and Poletto, Cecilia},
booktitle = {Strutture interrogative dell'{I}talia settentrionali},
address = {Padova},
publisher = {Centro di Studio per la Dialettologia Italiana},
year = {1997},
pages = {105--118},
}

@BOOK{poletto2000, 
author = {Poletto, Cecilia},
title = {The higher functional field: {E}vidence from {N}orthern {I}talian dialects},
address = {Oxford},
publisher = {Oxford University Press},
year = {2000},
}

@ARTICLE{villagarcia2019,
author = {Villa-Garc\'ia, Julio},
title = {Recomplementation in {E}nglish and {S}panish: {D}elineating the {C}P space},
journal = {Glossa: a journal of general linguistics},
volume = {4},
number = {1},
year = {2019},
pages = {1--44},
}

@ARTICLE{bruce1984,
author = {Bruce, Frederick Fyvie},
title = {John {W}ycliffe and the {E}nglish {B}ible},
journal = {Churchman},
year = {1984},
volume = {98},
number = {5},
pages = {297--306},
}


@BOOK{lightfoot1999,
author = {Lightfoot, David},
title = {The development of language: {A}cquisition, change and evolution},
address = {Oxford},
publisher = {Blackwell},
year = {1999},
}

@BOOK{lightfoot2006,
author = {Lightfoot, David},
title = {How new languages emerge},
address = {Cambridge},
publisher = {Cambridge University Press},
year = {2006},
}

@INCOLLECTION{krochtaylor1997,
author = {Kroch, Anthony and Taylor, Ann},
title = {Verb movement in {O}ld and {M}iddle {E}nglish: {D}ialect variation and language contact},
editor = {Kemenade, Ans van and Vincent, Nigel},
booktitle = {Parameters of morphosyntactic change},
address = {Cambridge},
publisher = {Cambridge University Press},
year = {1997},
pages = {297--325},
}

@ARTICLE{westergaard2007,
author = {Westergaard, Marit},
title = {English as a mixed {V}2 grammar: {S}ynchronic word order inconsistences from the perspective of first language acquisition},
journal = {Poznan Studies in Contemporary Linguistics},
year = {2007},
volume = {43},
pages = {107--131},
}

@ARTICLE{westergaard2008,
author = {Westergaard, Marit},
title = {Acquisition and change: {O}n the robustness of the triggering experience for word order cues},
journal = {Lingua},
year = {2008},
volume = {118},
pages = {1841--1863},
}

@BOOK{westergaard2009,
author = {Westergaard, Marit},
title = {The acquisition of word order: {M}icro-cues, information structure and economy},
publisher = {John Benjamins},
address = {Amsterdam},
year = {2009},
}

@ARTICLE{lahne2009,
author = {Lahne, Antje},
title = {A multiple specifier approach to left peripheral architecture},
journal = {Linguistic Analysis},
year = {2009},
volume = {35},
pages = {73--108},
}

@INCOLLECTION{newmeyer2003,
author = {Newmeyer, Fritz},
title = {On split-{CP}s, uninterpretable features, and the `perfectness' of language},
booktitle = {Proceedings of the {Dislocated} {Elements} {Workshop}},
editor = {Shaer, Benjamin and Frey, Werner and Maienborn, Claudia},
publisher = {ZAS},
address = {Berlin},
year = {2003},
pages = {399--421},
}


@ARTICLE{coniglio2019,
author = {Coniglio, Marco},
title = {Relative clause marking in historical {G}erman},
journal = {Linguistische Berichte},
year = {2019},
volume = {258},
pages = {139--177},
}

@ARTICLE{gaertner1998,
author = {Gärtner, Hans-Martin},
title = {Does {G}erman have {V}2 relative clauses?},
journal = {Sprache \& Pragmatik},
volume = {48},
year = {1998},
pages = {1--40},
}

@INCOLLECTION{endrissgaertner2005,
author = {Endriss, Cornelia and Gärtner, Hans-Martin},
title = {Relativische {Verb}-zweit-{S}ätze und {D}efinitheit},
booktitle = {Deutsche {S}yntax: {E}mpirie und {T}heorie},
editor = {d'Avis, Franz Josef},
publisher = {Acta Universitatis Gothoburgensis},
address = {Göteborg},
year = {2005},
pages = {195--220},
}

@ARTICLE{ebertendrissgaertner2007,
author = {Ebert, Christian and Endriss, Cornelia and Gärtner, Hans-Martin},
title = {An information structural account of {G}erman integrated verb second clauses},
journal = {Research on Language and Computation},
year = {2007},
volume = {5},
number = {4},
year = {2007},
pages = {415--434},
}

@BOOK{fleischmann1973,
author = {Fleischmann, Klaus},
title = {Verbstellung und {R}elieftheorie: {E}in {V}ersuch zur {G}eschichte des deutschen {N}ebensatzes},
address = {München},
publisher = {Wilhelm Fink},
year = {1973},
}

@INCOLLECTION{axel2009,
author = {Axel, Katrin},
title = {Die {Entstehung} des \emph{dass}-{Satzes}: {Ein} neues {Szenario}},
editor = {Ehrich, Veronika and Fortmann, Christian and Reich, Ingo and Reis, Margo},
booktitle = {Koordination und {S}ubordination im {D}eutschen},
address = {Hamburg},
publisher = {Buske},
year = {2009},
pages = {21--41},
indexauthor = {Axel-Tober, Katrin}
}

@BOOK{axeltober2012,
author = {Axel-Tober, Katrin},
title = {({N}icht-)kanonische {N}ebensätze im {D}eutschen: {S}ynchrone und diachrone {A}spekte},
address = {Berlin},
publisher = {De Gruyter},
year = {2012},
}

@ARTICLE{fussgrewendorf2014,
author = {Fuß, Eric and Grewendorf, Günther},
title = {Freie {R}elativsätze mit \emph{d}-{P}ronomen},
journal = {Zeitschrift für Sprachwissenschaft},
year = {2014},
volume = {33},
number = {2},
pages = {165--214},
}

@ARTICLE{bruening2010,
author = {Bruening, Benjamin},
title = {Language-particular syntactic rules and constraints: {English} locative inversion and \emph{do}-support},
journal = {Language},
volume = {86},
number = {3},
year = {2010},
pages = {43--84},
}

@UNPUBLISHED{baltin2007,
author = {Baltin, Mark},
title = {Deletion versus pro-forms: {A} false dichotomy?},
address = {New York, NY},
year = {2007},
note = {Manuscript. New York University},
}

@INCOLLECTION{roberts1996,
author = {Robert, Craige},
title = {Information structure in discourse: {Towards} an integrated formal theory of pragmatics},
editor = {Yoon, Jae Hak and Kathol, Andreas},
booktitle = {{OSU} {Working} {Papers} in {Linguistics} 49: {Papers} in semantics},
publisher = {The Ohio State University},
address = {Columbus, OH},
year = {1996},
pages = {91--136},
}

@ARTICLE{buering2003,
author = {Büring, Daniel},
title = {On {D-trees}, beans, and {B-accents}},
journal = {Linguistics and Philosophy},
year = {2003},
volume = {26},
pages = {511--545},
}

@INCOLLECTION{bacskaiatkari2022oup,
author = {Bacskai-Atkari, Julia},
title = {Information structure, functional left peripheries, and the history of a {Hungarian} interrogative marker},
editor = {Egedi, Barbara and Heged{\H u}s, Veronika},
booktitle = {Functional heads across time: {Syntactic} reanalysis and change},
address = {Oxford},
publisher = {Oxford University Press},
year = {2022},
pages = {111--135},
}

@BOOK{radford2019,
author = {Radford, Andrew},
title = {Relative clauses: {Structure} and variation in {Everyday} {English}},
address = {Cambridge},
publisher = {Cambridge University Press},
year = {2019},
}

@INCOLLECTION{taraldsen1986,
author = {Taraldsen, Knut Tarald},
title = {On {Verb} {Second} and the functional content of syntactic categories},
booktitle = {Verb {Second} phenomena in {Germanic} languages},
editor = {Haider, Hubert and Prinzhorn, Martin},
address = {Berlin},
publisher = {De Gruyter},
year = {1986},
pages = {7--26},
}

@BOOK{roedder1936,
author = {Roedder, Edwin},
title = {Volkssprache und {Wortschatz} des {Badischen} {Frankenlandes}: {Dargestellt} auf {Grund} der {Mundart} von {Oberschefflenz}},
address = {New York},
publisher = {Modern Language Association of America},
year = {1936},
}

@ARTICLE{gutzmann2011,
author = {Gutzmann, Daniel},
title = {Ob einer wohl recht hat? {Zwei} {Satzmodustheorien} für das {Deutsche} im {Vergleich}},
journal = {Deutsche Sprache},
year = {2011},
volume = {39},
number = {2},
pages = {65--84},
}

@ARTICLE{ballareinglese2022,
author = {Ballar\`e, Silvia and Inglese, Guglielmo},
title = {The development of locative relative markers: {F}rom typology to sociolinguistics (and back)},
journal = {Studies in Language},
year = {2022},
volume = {46},
number = {1},
pages = {220--257},
}

@BOOK{kayne2005,
author = {Kayne, Richard},
title = {Movement and silence},
publisher = {Oxford University Press},
address = {Oxford},
year = {2005},
}

@BOOK{landau2010,
author = {Landau, Idan},
title = {The locative syntax of experiencers},
address = {Cambridge, MA},
publisher = {MIT Press},
year = {2010},
}

@INCOLLECTION{brody2013,
author = {Brody, Michael},
title = {Silent people: {The} pseudo-impersonal},
booktitle = {Approaches to {Hungarian} 13: {Papers} from the 2011 {Lund} conference},
editor = {Platzack, Christer and Moln\'ar, Val\'eria},
publisher = {John Benjamins},
address = {Amsterdam},
year = {2013},
pages = {33--43},
} 

@MISC{sluckinkastner2022,
author = {Sluckin, Benjamin L. and Kastner, Itamar},
title = {`{Everywhere} here can say this': {The} {English} locative impersonal},
howpublished = {Manuscript},
url = {http://ling.auf.net/lingbuzz/006708},
year = {2022},
}

@INCOLLECTION{meklenborgsalvesen2020,
author = {Meklenborg Salvesen, Christine},
title = {Resumptive particles and {Verb} {Second}},
editor = {Woods, Rebecca and Wolfe, Sam},
booktitle = {Rethinking {Verb} {Second}},
address = {Oxford},
publisher = {Oxford University Press},
year = {2020},
pages = {90--125},
}

@INCOLLECTION{comriekuteva2013,
author = {Comrie, Bernard and Kuteva, Tania},
title = {Relativization strategies},
booktitle = {The world atlas of language structures online},
editor = {Dryer, Matthew S. and Haspelmath, Martin},
publisher = {Max Planck Institute for Evolutionary Anthropology},
address = {Leipzig},
year = {2013},
note = {Available at http://wals.info/chapter/s8 (last accessed: 15 August 2018)},
}

@INCOLLECTION{comriekuteva2013subject,
author = {Comrie, Bernard and Kuteva, Tania},
title = {Relativization on subjects},
booktitle = {The world atlas of language structures online},
editor = {Dryer, Matthew S. and Haspelmath, Martin},
publisher = {Max Planck Institute for Evolutionary Anthropology},
address = {Leipzig},
year = {2013},
note = {Available at https://wals.info/chapter/122 (last accessed: 12 February 2023)},
}

@INCOLLECTION{comriekuteva2013oblique,
author = {Comrie, Bernard and Kuteva, Tania},
title = {Relativization on obliques},
booktitle = {The world atlas of language structures online},
editor = {Dryer, Matthew S. and Haspelmath, Martin},
publisher = {Max Planck Institute for Evolutionary Anthropology},
address = {Leipzig},
year = {2013},
note = {Available at https://wals.info/chapter/123 (last accessed: 12 February 2023)},
}

@INCOLLECTION{haspelmath2001,
author = {Haspelmath, Martin},
title = {The {European} linguistic area: {Standard} {Average} {European}},
editor = {Haspelmath, Martin and König, Ekkehard and Oesterreicher, Wulf and Raible, Wolfgang},
booktitle = {Language typology and language universals, vol. 2},
address = {Berlin},
publisher = {De Gruyter},
year = {2001},
pages = {1492--1510},
}

@INCOLLECTION{anderwald2008,
author = {Anderwald, Lieselotte},
title = {The varieties of {E}nglish spoken in the {S}outheast of {E}ngland: {M}orphology and syntax},
editor = {Kortmann, Bernd and Upton, Clive},
booktitle = {Varieties of {E}nglish 1: {T}he {B}ritish {I}sles},
address = {Berlin},
publisher = {De Gruyter},
year = {2008},
pages = {440--462},
}

@INCOLLECTION{wagner2008,
author = {Wagner, Susanne},
title = {English dialects in the {Southwest}: {M}orphology and syntax},
editor = {Kortmann, Bernd and Upton, Clive},
booktitle = {Varieties of {E}nglish 1: {T}he {B}ritish {I}sles},
address = {Berlin},
publisher = {De Gruyter},
year = {2008},
pages = {417--439},
}

@ARTICLE{pankau2018,
author = {Pankau, Andreas},
title = {The {Matching} {Analysis} of relative clauses: {An} argument from antipronominal contexts},
journal = {The Journal of Comparative Germanic Linguistics},
year = {2018},
volume = {21},
number = {2},
pages = {189--245},
}

@BOOK{lightfoot1979,
author = {Lightfoot, David},
title = {Principles of diachronic syntax},
publisher = {Routledge},
address = {London},
year = {1979},
}

@INCOLLECTION{fanselow2016,
author = {Fanselow, Gisbert},
title = {Syntactic and prosodic reflexes of information structure in {Germanic}},
booktitle = {The {Oxford} handbook of information structure},
editor = {F\'ery, Caroline and Ishihara, Shinichiro},
address = {Oxford},
publisher = {Oxford University Press},
year = {2016},
pages = {621--641},
}

@ARTICLE{wierzbafanselow2020,
author = {Wierzba, Marta and Fanselow, Gisbert},
title = {Factors influencing the acceptability of object fronting in {German}},
journal = {The Journal of Comparative Germanic Linguistics},
year = {2020},
volume = {23},
number = {1},
pages = {77--124},
}

@ARTICLE{kannonomura2012,
author = {Kanno, Satoru and Nomura, Tadao},
title = {Syntactic finiteness of subjunctive clauses},
journal = {Studies in English Linguistics and Literature},
volume = {22},
number = {4},
year = {2012},
pages = {67--91},
}

@INCOLLECTION{rizzi1996,
author = {Rizzi, Luigi},
title = {Residual verb second and the wh-criterion},
booktitle = {Parameters and functional heads: {Essays} in comparative syntax},
editor = {Belletti, Adriana and Rizzi, Luigi},
publisher = {Oxford University Press},
address = {Oxford},
year = {1996},
pages = {62--90},
}

@BOOK{roberts2010,
author = {Roberts, Ian},
title = {Agreement and head movement: {Clitics}, incorporation, and defective goals},
address = {Cambridge, MA},
publisher = {MIT Press},
year = {2010},
}

@INCOLLECTION{sailor2020,
author = {Sailor, Craig},
title = {Rethinking `residual' verb second},
editor = {Woods, Rebecca and Wolfe, Sam},
booktitle = {Rethinking {Verb} {Second}},
address = {Oxford},
publisher = {Oxford University Press},
year = {2020},
pages = {126--149},
}

@ARTICLE{dekany2018,
author = {D\'ek\'any, \'Eva},
title = {Approaches to head movement: {A} critical assessment},
journal = {Glossa: a journal of general linguistics},
year = {2018},
volume = {3},
number = {1},
pages = {65},
}

@ARTICLE{truckenbrodt2006,
author = {Truckenbrodt, Hubert},
title = {On the semantic motivation of syntactic verb movement to {C} in {German}},
journal = {Theoretical Linguistics},
volume = {32},
number = {3},
year = {2006},
pages = {257--306},
}

@InCollection{cowper2016,
  author    = {Cowper, Elizabeth},
  booktitle = {Finiteness matters: {On} finiteness related phenomena in natural languages},
  publisher = {John Benjamins},
  title     = {Finiteness and pseudofiniteness},
  year      = {2016},
  address   = {Amsterdam},
  editor    = {Eide, Kristin Melum},
  pages     = {47--‑77},
}

@ARTICLE{chomsky2013,
author = {Chomsky, Noam},
title = {Problems of projection},
journal = {Lingua},
year = {2013},
volume = {130},
pages = {33--49},
}

@INCOLLECTION{bacskaiatkaritoappearfdsl,
author = {Bacskai-Atkari, Julia},
title = {Relative clauses in {South} {Slavic} and the predictability of morphosyntactic features},
editor = {Biskup, Petr and Börner, Marcel and Mueller-Reichau, Olav and Shcherbina, Iuliia},
booktitle = {Advances in formal {Slavic} linguistics 2021},
address = {Berlin},
publisher = {Language Science Press},
pubstate = {to appear},
}

@BOOK{brugman1911,
author = {Brugmann, Karl},
title = {Grundriss der vergleichenden {Grammatik} der indogermanischen {Sprachen}. {Band} II, Teil 2},
address = {Strassburg},
publisher = {Trübner},
year = {1911},
}

@BOOK{paul1920band4,
author = {Paul, Hermann},
title = {Deutsche {Grammatik}, {Band} 4: {Syntax} (zweite {Hälfte})},
publisher = {Niemeyer},
address = {Halle},
year = {1920},
}

@ARTICLE{gonda1954,
author = {Gonda, Jan},
title = {Notes on the {Indo-European} \emph{kui}- and \emph{kuo}-pronouns},
journal = {Lingua},
volume = {4},
year = {1954},
pages = {241--285},
}

@INCOLLECTION{polettosanfelici2019,
author = {Poletto, Cecilia and Sanfelici, Emanuela},
title = {Embedded interrogatives as free relatives},
booktitle = {Mapping linguistic data: {Essays} in honour of {Liliane} {Haegeman}},
editor = {Bagriacik, Metin and Breitbarth, Anne and De Clercq, Karen},
year = {2019},
address = {Ghent},
publisher = {Universiteit Ghent},
pages = {214--225},
}

@INCOLLECTION{gisbornetruswell2017,
author = {Gisborne, Nikolas and Truswell, Robert},
title = {Where do relative specifiers come from?},
booktitle = {Micro-change and macro-change in diachronic syntax},
editor = {Mathieu, Eric and Truswell, Robert},
address = {Oxford},
publisher = {Oxford University Press},
year = {2017},
pages = {25--42},
}

@INCOLLECTION{watanabe2009,
author = {Watanabe, Akira},
title = {A parametric shift in the {D}-system in {E}arly {M}iddle {E}nglish: {R}elativization, articles, adjectival inflection, and indeterminates},
booktitle = {Historical syntax and linguistic theory},
editor = {Crisma, Paola and Longobardi, Giuseppe},
publisher = {Oxford University Press},
address = {Oxford},
year = {2009},
pages = {358--374},
doi = {10.1093/acprof:oso/9780199560547.003.0021},
}

@ARTICLE{hundt2001,
author = {Hundt, Marianne},
title = {Grammatical variation in national varieties of {English}: {The} corpus-based approach},
journal = {Revue belge de philologie et d'histoire},
volume = {79},
number = {3},
year = {2001},
pages = {737--756},
}

@BOOK{burchfield1996,
author = {Burchfield, Robert W.},
title = {The new {Fowler's} modern {English} usage},
address = {Oxford},
publisher = {Clarendon},
year = {1996},
}

@BOOK{fowlergowers1965,
author = {Fowler, Henry Watson and Gowers, Ernest},
title = {A dictionary of modern {English} usage},
address = {Oxford},
publisher = {Clarendon},
year = {1965},
}

@INCOLLECTION{willislucasbreitbarth2013,
author = {Willis, David and Lucas, Christopher and Breitbarth, Anne},
title = {Comparing diachronies of negation},
editor = {Willis, David and Lucas, Christopher and Breitbarth, Anne},
booktitle = {The development of negation in the languages of {Europe}, {Vol.} 1: {Case} studies},
address = {Oxford},
publisher = {Oxford University Press},
year = {2013},
pages = {1--50},
}

@INCOLLECTION{chatzopoulou2015,
author = {Chatzopoulou, Katerina},
title = {The {Greek} {Jespersen's} cycle: {Renewal}, stability and structural microelevation},
editor = {Gianollo, Chiara and Jäger, Agnes and Penka, Doris},
booktitle = {Language change at the syntax-semantics interface},
address = {Berlin},
publisher = {De Gruyter},
year = {2015},
pages = {323--354},
}

@ARTICLE{vangelderen2008,
author = {van Gelderen, Elly},
title = {Where did {Late} {Merge} go? {Grammaticalization} as feature economy},
journal = {Studia Linguistica},
volume = {62},
year = {2008},
pages = {287--300},
}

@BOOK{vangelderen2011,
author = {van Gelderen, Elly},
title = {The linguistic cycle: {Language} change and the language faculty},
address = {Oxford},
publisher = {Oxford University Press},
year = {2011},
}

@BOOK{miyagawa2017,
author = {Miyagawa, Shigeru},
title = {Agreement beyond phi},
address = {Cambridge, MA},
publisher = {MIT Press},
year = {2017},
}

@ARTICLE{biberauervankemenade2011,
author = {Biberauer, Theresa and van Kemenade, Ans},
title = {Subject positions and information-structural diversification in the history of {English}},
journal = {Catalan Journal of Linguistics},
volume = {10},
year = {2011},
pages = {17--69},
}

@INCOLLECTION{emonds2004,
author = {Emonds, Joseph},
title = {Unspecified categories as the key to root constructions},
booktitle = {Peripheries: {Syntactic} edges and their effects},
editor = {Adger, David and De Cat, C\'ecile and Tsoulas, George},
address = {Dordrecht},
publisher = {Kluwer},
year = {2004},
pages = {75--120},
}

@BOOK{emonds2007,
author = {Emonds, Joseph},
title = {Discovering syntax: {Clause} structures of {English}, {German} and {Romance}},
address = {Berlin},
publisher = {De Gruyter},
year = {2007},
}

@INCOLLECTION{emonds2012,
author = {Emonds, Joseph},
title = {Augmented structure preservation and the {Tensed} {S} {Constraint}},
booktitle = {Main {Clause} {Phenomena}: {New} horizons},
editor = {Aelbrecht, Lobke and Haegeman, Liliane and Nye, Rachel},
publisher = {John Benjamins},
address = {Amsterdam},
year = {2012},
pages = {21--46},
}

@ARTICLE{bowers1993,
author= {Bowers, John},
title = {The syntax of predication},
journal = {Linguistic Inquiry},
year = {1993},
volume = {24},
number = {4},
pages = {591--656},
}

@BOOK{bowers2010,
author = {Bowers, John},
title = {Arguments as relations},
address = {Cambridge, MA},
publisher = {MIT Press},
year = {2010},
}

@INCOLLECTION{bacskaiatkari2021oup,
author = {Bacskai-Atkari, Julia},
title = {Degree semantics, polarity, and the grammaticalisation of comparative operators into complementisers},
editor = {J\'onsson, J\'ohannes G\'isli and Eyth\'orsson, Th\'orhallur},
booktitle = {Syntactic features and the limits of syntactic change},
address = {Oxford},
publisher = {Oxford University Press},
year = {2021},
pages = {15--39},
}

@INCOLLECTION{bacskaiatkari2018sardis,
author = {Bacskai-Atkari, Julia},
title = {Deutsche {D}ialekte und ein anti-kartografischer {A}nsatz zur {CP}-{D}omäne},
booktitle = {Syntax aus {S}aarbrücker {S}icht 2: {B}eiträge der {S}a{RD}i{S}-{T}agung zur {D}ialektsyntax},
editor = {Speyer, Augustin and Rauth, Philipp},
publisher = {Steiner},
address = {Stuttgart},
year = {2018},
pages = {9--29},
}

@ARTICLE{hardtromero2004,
author = {Hardt, Daniel and Romero, Maribel},
title = {Ellipsis and the structure of discourse},
journal = {Journal of Semantics},
volume = {21},
number = {4},
year = {2004},
pages = {375--414},
}

@BOOK{birnbaum1979,
author = {Birnbaum, Solomon A.},
title = {Yiddish: {A} survey and a grammar},
address = {Manchester},
publisher = {Manchester University Press},
year = {1979},
}

@Comment{jabref-meta: databaseType:bibtex;}
