@incollection{chapters/Bobaljik,author={Jonathan David Bobaljik},title={On a \protect \unhbox \voidb@x \bgroup \def \par },booktitle={Change your booktitle in localmetadata.tex},editor={Change editor in localmetadata.tex},publisher={Language Science Press},Address={Berlin},year=2016,pages={1--7},options={skipbib=true}}
