%% This BibTeX bibliography file was created using BibDesk.
%% http://bibdesk.sourceforge.net/


%% Created for Jonathan David Bobaljik at 2016-06-25 15:56:28 -0400 


%% Saved with string encoding Unicode (UTF-8) 


@comment{$ biblatex control file $}
@comment{$ biblatex version 2.2 $}



@incollection{andrews82,
	Address = {Cambridge, Mass},
	Author = {Avery Andrews},
	Booktitle = {The Mental Representation of Grammatical Relations},
	Date-Added = {2016-06-25 19:09:00 +0000},
	Date-Modified = {2016-06-25 19:55:09 +0000},
	Editor = {Joan Bresnan},
	Keywords = {holmfest},
	Pages = {424-503},
	Publisher = {MIT Press},
	Title = {The representation of case in {M}odern {I}celandic},
	Year = {1982}}

@book{baker15,
	Address = {Cambridge},
	Author = {Mark Baker},
	Date-Added = {2016-06-25 16:23:30 +0000},
	Date-Modified = {2016-06-25 16:23:30 +0000},
	Keywords = {holmfest},
	Publisher = {Cambridge University Press},
	Title = {Case: Its principles and parameters},
	Year = {2015}}

@article{boskovic02,
	Author = {{\v{Z}eljko} Bo\v{s}kovi\'c},
	Date-Added = {2016-06-25 16:23:30 +0000},
	Date-Modified = {2016-06-25 19:55:28 +0000},
	Journal = {Syntax},
	Keywords = {holmfest},
	Pages = {167-218},
	Title = {A-Movement and the {EPP}},
	Volume = {5},
	Year = {2002}}

@article{boehorn05,
	Author = {Cedric Boeckx and Norbert Hornstein},
	Date-Added = {2016-06-25 16:23:30 +0000},
	Date-Modified = {2016-06-25 19:55:35 +0000},
	Journal = {Linguistic Inquiry},
	Keywords = {holmfest},
	Pages = {437-441},
	Title = {A gap in the {ECM} paradigm},
	Volume = {36},
	Year = {2005}}

@article{carter76,
	Author = {Richard Carter},
	Date-Added = {2016-06-25 16:23:30 +0000},
	Date-Modified = {2016-06-25 16:23:30 +0000},
	Journal = {Semantikos},
	Keywords = {holmfest},
	Pages = {27-66},
	Title = {Some constraints on possible words},
	Volume = {1},
	Year = {1976}}

@article{chomsky80,
	Author = {Noam Chomsky},
	Date-Added = {2016-06-25 16:23:30 +0000},
	Date-Modified = {2016-06-25 16:23:30 +0000},
	Journal = {Linguistic Inquiry},
	Keywords = {holmfest},
	Pages = {1-46},
	Title = {On Binding},
	Volume = {11},
	Year = {1980}}

@article{falk90,
	Annote = {JDB1099},
	Author = {Cecilia Falk},
	Date-Added = {2016-06-25 16:23:30 +0000},
	Date-Modified = {2016-06-25 16:23:30 +0000},
	Journal = {Working Papers in Scandinavian Syntax},
	Keywords = {holmfest},
	Pages = {53-100},
	Title = {On Double Object Constructions},
	Volume = {46},
	Year = {1990}}

@article{holmberg02,
	Author = {Anders Holmberg},
	Date-Added = {2016-06-25 16:23:30 +0000},
	Date-Modified = {2016-06-25 19:55:44 +0000},
	Journal = {Journal of Comparative Germanic Linguistics},
	Keywords = {holmfest},
	Pages = {85-128},
	Title = {Expletives and Agreement in {S}candinavian Passives},
	Volume = {4},
	Year = {2002}}

@book{holmplat95,
	Address = {Oxford},
	Author = {Anders Holmberg and Christer Platzack},
	Booktitle = {The Role of Inflection in the Syntax of the Scandinavian Languages},
	Date-Added = {2016-06-25 16:23:30 +0000},
	Date-Modified = {2016-06-25 19:56:03 +0000},
	Keywords = {holmfest},
	Publisher = {Oxford University Press},
	Title = {The Role of Inflection in the Syntax of the {S}candinavian Languages},
	Year = {1995}}

@incollection{holmberg94,
	Address = {Washington},
	Author = {Anders Holmberg},
	Booktitle = {Paths Toward Universal Grammar: Studies in Honor of Richard S. Kayne},
	Date-Added = {2016-06-25 16:23:30 +0000},
	Date-Modified = {2016-06-25 19:56:09 +0000},
	Editor = {Guglielmo Cinque and Jan Koster and Jean-Yves Pollock and Luigi Rizzi and Raffaella Zanuttini},
	Keywords = {holmfest},
	Pages = {217-336},
	Publisher = {Georgetown University Press},
	Title = {The Pros and Cons of Agreement in {S}candinavian Impersonals},
	Year = {1994}}

@incollection{marantz91,
	Author = {Alec Marantz},
	Booktitle = {Proceedings of ESCOL 91},
	Date-Added = {2016-06-25 16:23:30 +0000},
	Date-Modified = {2016-06-25 17:57:40 +0000},
	Editor = {German Westphal and Benjamin Ao and Hee-Rahk Chae},
	Keywords = {holmfest},
	Pages = {234-253},
	Publisher = {Cornell Linguistics Club},
	Title = {Case and Licensing},
	Year = {1991}}

@book{pesetsky95,
	Address = {Cambridge},
	Author = {David Pesetsky},
	Booktitle = {Zero Syntax: Experiencers and Cascades},
	Date-Added = {2016-06-25 16:23:30 +0000},
	Date-Modified = {2016-06-25 16:23:30 +0000},
	Keywords = {ucm twice holmfest},
	Publisher = {MIT Press},
	Title = {Zero Syntax: Experiencers and Cascades},
	Year = {1995}}

@incollection{svenonius06,
	Address = {Amsterdam},
	Author = {Peter Svenonius},
	Booktitle = {Passives and Impersonals in European Languages},
	Date-Added = {2016-06-25 16:23:30 +0000},
	Date-Modified = {2016-06-25 19:56:18 +0000},
	Editor = {Satu Manninen and Diane Nelson and Katrin Hiietam and Elsi Kaiser and Virve Vihman},
	Keywords = {holmfest},
	Publisher = {John Benjamins},
	Title = {Case Alternations and the {I}celandic Passive and Middle},
	Year = {2006}}

@article{zmt85,
	Annote = {JDB1099},
	Author = {Annie Zaenen and Joan Maling and H\"oskuldur Thr\'ainsson},
	Date-Added = {2016-06-25 16:23:30 +0000},
	Date-Modified = {2016-06-25 19:56:25 +0000},
	Journal = {Natural Language and Linguistic Theory},
	Keywords = {holmfest},
	Pages = {441-483},
	Title = {Case and grammatical functions: The {I}celandic passive},
	Volume = {3},
	Year = {1985}}

@control{biblatex-control,
	Options = {2.2:0:0:1:0:0:1:1:0:0:1:0:2:1:3:1:79:+}}
