@book{langsci-current-book, editor = {Hossep Dolatian}, title = {{Adjarian's {\itshape Armenian dialectology} (1911)}}, subtitle = {{Translation and commentary}},year = {2024}, series = {Languages of the Caucasus}, number = {4}, location = {Berlin}, publisher = {Language Science Press}, options = {dataonly=true} } 
