@article{AbelsMuriungi2008,
  title = {The Focus Marker in {{Kîîtharaka}}: {{Syntax}} and Semantics},
  shorttitle = {The Focus Marker in {{Kîîtharaka}}},
  author = {Abels, Klaus and Muriungi, Peter},
  date = {2008-05-01},
  journaltitle = {Lingua},
  shortjournal = {Lingua},
  volume = {118},
  number = {5},
  pages = {687--731},
  doi = {10.1016/j.lingua.2007.09.003},
  abstract = {This paper investigates a morpheme central to the clausal syntax of Kîîtharaka (SVO, Bantu, E54, Kenyan). The first sections of the paper offer a careful description of three functions of this morpheme, which marks information structure and cyclic movement. We show that the syntactic and semantic properties of the three functions fall into a neat hierarchy. Rather than treating the different uses of the morpheme as distinct, accidentally homophonous items, we suggest an account that needs to postulate only one morpheme, allowing it to realize different amounts of features in its different uses. Building on ongoing work in morphological theory by Starke (class lectures) and Caha (2007), we make the crucial assumption that the features in the lexical entry of a morpheme are hierarchically structured.}
}

@unpublished{vanLeynseele1977,
	author = {van Leynseele, Hélène},
	publisher = {Rijksuniv. te Leiden},
	title = {Essai d'analyse Historique Des Voyelles et Consonnes Du {Tunen} ({{{Bantu} A}}.44)},
	year = {1977},
    type = {ms.}
}

@misc{Yoneda2009,
	author = {Yoneda, N.},
	title = {The {{{CJ}}}/{{{DJ}}} Verb Forms and Focus in {{Matengo}}},
    note ={Handout of talk at Bantu 3 conference},
	address = {Tervuren},
	year = {2009}
}

@unpublished{Taylor1999,
	author = {Taylor, Carrie},
	pagetotal = {12},
	title = {Pronouns in {{Nomaande}}. {{Yaoundé}}: {{SIL}} {{Cameroon}}.},
	date = {1999-09}
}

@unpublished{Schmidt2020,
	author = {Schmidt, Andreas},
	title = {{South} {{Sámi}} in the Typology of {{{SA}ux{OV}}} Languages},
	year = {2020}
}

@unpublished{Morimoto2014,
	author = {Morimoto, Yukiko},
	title = {Focus marking in {{{Kikuyu}}} ({{E51}})},
	venue = {Berlin},
	year = {2014}
}

@incollection{Morimoto1999,
    address = {Stanford},
	author = {Morimoto, Yukiko},
	title = {An Optimality Account of Argument Reversal},
    editor = {Butt, Miriam and King, Tracy H.},
    booktitle = {Proceedings of {LFG}99},
    publisher = {CSLI},
    year = {1999}
}

@unpublished{Kröger2005,
	author = {Kröger, Oliver},
	publisher = {SIL Nampula},
	title = {Report on a Survey of Coastal {{Makua}} Dialects},
	year = {2005}
}

@unpublished{KongneWelaze2010,
	author = {Kongne Welaze, Jacquis},
	title = {Morphologie Verbale Du {{{Tunen}}}. {Université de Yaoundé I. (DEA)}.},
	year = {2010}
}

@unpublished{GüldemannEtAl2014,
	author = {Güldemann, Tom and Fiedler, Ines and Morimoto, Yukiko},
	publisher = {Humboldt University},
	title = {The Verb in the Preverbal Domain across {{{Bantu}}}: {{I}}nfinitive “Fronting” and Predicate-Centered Focus. {P}aper presented at the {I}nternational {W}orkshop “{B}antu{S}yn{P}hon{IS} {P}reverbal {D}omains”, {ZAS} {B}erlin and {H}umboldt {U}niversity of {B}erlin, 14–15 {N}ovember 2014.},
	year = {2014}
}

@unpublished{Güldemann2009,
	author = {Güldemann, Tom},
	title = {Predicate-Centered Focus Types: {{A}} Sample-Based Typological Study in {{{African}}} Languages. {A}pplication for project {B}7 in the {C}ollaborative {R}esearch {C}enter ({S}onderforschungsbereich/{SFB} 632)
“{I}nformation {S}tructure”. {P}otsdam {U}niversity, {H}umboldt {U}niversity of {B}erlin, {F}ree {U}niversity of {B}erlin.}, 
	year = {2009}
}

@unpublished{Gordon2005,
	author = {Gordon, Raymond G. Jr.},
	title = {{Ethnologue}: {{Languages}} of the World},
	edition = {15},
	url = {https://www.ethnologue.com},
	year = {2005}
}

@unpublished{GenslerGüldemann2003,
	author = {Gensler, Orin D. and Güldemann, Tom},
	title = {S-{{Aux-O-V-Other}} in {{{Africa}}}: {{Typological}} and Areal Perspective},
	note = {Handout presented at a workshop on distributed predicative syntax ({SPOVX}), 4th {World Congress of African Linguistics} (WOCAL), {Rutgers University}},
	year = {2003}
}

@unpublished{Fuchs2017,
	author = {Fuchs, Zuzanna},
	title = {Movement vs. {{B}}ase-Generation in {{{Georgian}}} Split {{{DP}s}}},
	year = {2017}
}

@unpublished{FanselowFéry2006,
	author = {Fanselow, Gisbert and Féry, Caroline},
	title = {Discontinuous Noun Phrases},
	year = {2006}
}

@unpublished{BuellMuriungi2008,
	author = {Buell, Leston C. and Muriungi, Peter},
	title = {Locative and locative inversion in {Tharaka}},
	type = {Ms.},
	year = {2008}
}

@thesis{Şener2010,
	address = {Storrs},
	author = {Şener, Sekan},
	institution = {University of Connecticut},
	title = {Non-Peripheral Matters in {{{Turkish}}} Syntax},
	type = {phdthesis},
	year = {2010}
}

@thesis{vanderWal2009,
	author = {van der Wal, Jenneke},
	institution = {Leiden University},
	title = {Word Order and Information Structure in {Makhuwa-Enahara}},
	type = {phdthesis},
	date = {2009-06-16}
}

@thesis{Zerbian2006,
	address = {Berlin},
	author = {Zerbian, Sabine},
	institution = {Humboldt University},
	title = {Expression of Information Structure in the {{{Bantu}}} Language {{{Northern} {Sotho}}}},
	type = {phdthesis},
	year = {2006}
}

@thesis{Watters1979a,
	address = {Los Angeles},
	author = {Watters, John R.},
	title = {Focus in {{{Aghem}}}: {{A}} Study of Its Formal Correlates and Typology},
	type = {phdthesis},
	year = {1979}
}

@thesis{Wasike2007,
	author = {Wasike, Aggrey},
	institution = {Cornell University, Ithaca},
	title = {The Left Periphery, {Wh}-in-Situ and {{A-bar}} Movement in {{{Lubukusu}}} and Other {{{Bantu}}} Languages},
	type = {phdthesis},
	year = {2007}
}

@thesis{Turamyomwe2011,
	author = {Turamyomwe, Justus},
	institution = {{Norwegian University of Science and Technology}},
	title = {Tense and Aspect in {{Runyankore-Rukiga}}: {Linguistic} Resources and Analysis},
	type = {MPhil Dissertation},
	year = {2011}
}

@thesis{Struik2022,
	author = {Struik, Tara},
	institution = {Radboud Universiteit Nijmegen},
	title = {Information {{Structure Triggers}} for {{Word Order Variation}} and {{Change}}: {{T}}he {{{OV}}}/{{{VO}}} Alternation in the {{{West}-{Germanic} Languages}}},
	type = {phdthesis},
	year = {2022}
}

@thesis{Sande2017,
	author = {Sande, Hannah L},
	institution = {University of California Berkeley},
	title = {Distributing {{Morphologically Conditioned Phonology}}: {{Three Case Studies}} from {{{Guébie}}}},
	type = {phdthesis},
	year = {2017}
}

@thesis{Sabimana1986,
	address = {Bloomington},
	author = {Sabimana, Firmard},
	institution = {Indiana University},
	title = {The {{relational structure}} of the {{Kirundi verb}}},
    type = {phdthesis},
	year = {1986}
}

@thesis{Ross1967,
	author = {Ross, John R},
	institution = {MIT},
	title = {Constraints on Variables in Syntax},
	type = {phdthesis},
	year = {1967}
}

@thesis{Rooth1985,
	address = {Amherst, MA},
	author = {Rooth, Mats Edward},
	institution = {University of Massachussetts},
	title = {Association with focus},
	type = {phdthesis},
	year = {1985}
}

@thesis{Poeta2016,
	author = {Poeta, Teresa},
	institution = {SOAS University of London},
	title = {Reference to Objects in {{{Makhuwa}}} and {{{Swahili}}} Discourse},
	type = {phdthesis},
    location = {London},
	year = {2016}
}

@thesis{Ott2011,
	author = {Ott, Dennis C.},
	institution = {Harvard University},
	title = {Local {{Instability}}},
	type = {phdthesis},
	year = {2011}
}

@thesis{Nshemezimana2016,
	address = {Ghent},
	author = {Nshemezimana, Ernest},
	institution = {Ghent University},
	langid = {french},
	shorttitle = {Morphosyntaxe et structure informationnelle en kirundi},
	title = {Morphosyntaxe et structure informationnelle en kirundi: {{F}}ocus et stratégies de focalisation},
	type = {phdthesis},
	year = {2016}
}

@thesis{Nhantumbo2019,
	address = {Maputo},
	author = {Nhantumbo, Nelsa},
	institution = {Universidade Eduardo Mondlane},
	langid = {portuguese},
	title = {A morfologia e fonologia do verbo em Copi},
    type = {phdthesis},
	year = {2019}
}

@mastersthesis{Nhantumbo2014,
	address = {Maputo},
	author = {Nhantumbo, Nelsa},
	institution = {Universidade Eduardo Mondlane},
	langid = {portuguese},
	title = {A morfofonologia das marcas do Presente e Futuro em Copi},
	year = {2014}
}

@thesis{Muriungi2008,
	address = {Tromsø},
	author = {Muriungi, Peter},
	institution = {University of Tromsø},
	title = {Phrasal Movement inside {{{Bantu}}} Verbs: {{Deriving}} Affix Scope and Order in {{Kîîtharaka}}},
	type = {phdthesis},
	year = {2008}
}

@phdthesis{Morimoto2000,
	address = {Stanford},
	author = {Morimoto, Yukiko},
	school = {Stanford University},
    location = {Stanford},
	title = {Discourse configurationality in {Bantu} morphosyntax},
	year = {2000}
}

@thesis{Mbongue2005,
	author = {Mbongue, Joseph},
	institution = {University Halle-Wittenburg},
	title = {Macro-{{Approach}} of the {{{Tunen} Bible Translation}}: {{An Application}} of the {{{Key} Biblical Technical Termini}}},
	type = {phdthesis},
	year = {2005}
}

@thesis{LiFut,
	author = {Li, Zhen},
	year = {2024},
	title = {Word Order, Agreement and Information Structure in {{{Teke-Kukuya}}}},
	type = {phdthesis},
    school = {Leiden University},
    publisher = {Amsterdam: LOT}
        
}

@mastersthesis{Kujath2022,
	author = {Kujath, Elizabeth},
	institution = {Leiden University},
	title = {Copular Constructions in {{{Makhuwa}-Enahara}}},
	year = {2022}
}

@thesis{Koopman1984,
	author = {Koopman, Hilde J},
	institution = {Tilburg University},
	title = {The Syntax of Verbs: {{From}} Verb Movement {Rules} in the {{{Kru}}} Languages to {{Universal Grammar}}},
	type = {phdthesis},
	year = {1984}
}

@thesis{Keupdjio2020,
	author = {Keupdjio, Hermann Sidoine},
	institution = {University of British Colombia},
	title = {The Syntax of {{A}}'-Dependencies in {{Bamileke Medumba}}},
	type = {phdthesis},
	year = {2020}
}

@thesis{KerrFut,
	author = {Kerr, Elisabeth J.},
	institution = {Leiden University},
	title = {{Tunen} Syntax and Information Structure},
	type = {phdthesis},
	year = {2024},
    publisher = {Amsterdam: LOT}
}

@misc{KerrDatabase,
    author = {Kerr, Elisabeth J.},
    title = {Item ``{R}ecordings and database on {T}unen syntax and information structure'' in collection ``{Bantu Syntax and Information Structure (BaSIS)}". {The Language Archive}.},
    url = {https://hdl.handle.net/1839/8f0f1a65-9a90-42e3-ae39-7bed93009b5a},
    year = {2024}
}

@misc{Maho2009,
	author = {Maho, Jouni Filip},
	title = {{{{NUGL}}} Online: {{The}} Online Version of the New Updated {{Guthrie}} List, a Referential Classification of the {{{Bantu} Languages}}},
	url = {http://goto.glocalnet.net/mahopapers/nuglonline.pdf},
	year = {2009}
}

@thesis{Katupha1991,
	author = {Katupha, José M. M.},
	institution = {SOAS University of London},
	title = {The Grammar of {{Emakhuwa}} Verbal Extensions},
	type = {phdthesis},
	year = {1991}
}

@thesis{Katupha1983,
	author = {Katupha, José M. M.},
	institution = {SOAS University of London},
	title = {A Preliminary Description of Sentence Structure in the {E}-{{Sáaka}} Dialect of e-{{Mákhuwa}}},
	type = {MA dissertation},
	year = {1983}
}

@mastersthesis{Kanampiu2017,
	address = {Chuka},
	author = {Kanampiu, Patrick N.},
	institution = {Chuka University},
	title = {The Syntax of the Determiner Phrase in {{Kîîtharaka}}, a {{{Bantu}}} Language Spoken in {{{Kenya}}}},
	year = {2017}
}

@thesis{Johnson2012,
	author = {Johnson, Madeleine},
	institution = {Universitaet Hamburg},
	title = {Ethnobotanik Der {{Region {NDIKI}}} ({{Kamerun}}): {{Die Pflanze}} Im Alltäglichen {{Leben}} Der {{Banen}} Der {{Region {NDIKI}}}; {{Der}} Soziokulturelle {{{Wert}}}},
	type = {phdthesis},
	year = {2012}
}

@thesis{Horn1972,
	author = {Horn, Laurence R.},
	institution = {University of California, Los Angeles},
	title = {On the semantic properties of logical operators in {{English}}},
	year = {1972},
    type = {phdthesis}
}

@thesis{Higgins1973,
	address = {Cambridge MA},
	author = {Higgins, Francis Roger},
	eprint = {LrsBCgAAQBAJ},
	institution = {MIT},
	title = {The Pseudo-Cleft Construction in {{{English}}}},
	type = {phdthesis},
	year = {1973}
}

@thesis{Henderson2006,
	author = {Henderson, Brent},
	institution = {University of Illinois, Urbana-Champaign},
	title = {The {{syntax}} and {{typology}} of {{{Bantu} relative clauses}}},
	type = {phdthesis},
	year = {2006}
}

@thesis{Gunnink2018,
	author = {Gunnink, Hilde},
	institution = {Ghent University},
	shorttitle = {A Grammar of {{Fwe}}},
	title = {A Grammar of {{{Fwe}}}: {{A}} {{{Bantu}}} Language of {{{Zambia}}} and {{{Namibia}}}},
	type = {phdthesis},
	year = {2018}
}

@thesis{Doetjes1997,
	author = {Doetjes, Jenny},
	doi = {https://hdl.handle.net/1887/19731},
	institution = {Leiden University},
	title = {Quantifiers and {{Selection}}. {{On}} the Distribution of Quantified Expressions in {{{French}}}, {{{Dutch}}} and {{{English}}}},
	type = {phdthesis},
	year = {1997}
}

@thesis{Bukuru2003,
	address = {Dar-es-salaam},
	author = {Bukuru, Denis},
	institution = {University of Dar-es-salaam},
	title = {Phrase Structure and Fonctional Categories in {Kirundi} Sentence},
	type = {phdthesis},
	year = {2003}
}

@thesis{Buell2005,
	address = {Los Angeles},
	author = {Buell, Leston C.},
	institution = {University of California, Los Angeles},
	title = {Issues in {{{Zulu}}} Morphosyntax},
	type = {phdthesis},
	year = {2005}
}

@thesis{Boyd2015,
	author = {Boyd, Virginia Lee},
	institution = {Leiden University},
	title = {The Phonological Systems of the {{Mbam}} Languages of {{{Cameroon}}} with a Focus on Vowels and Vowel Harmony},
	type = {phdthesis},
	year = {2015}
}

@thesis{Bergvall1987,
	address = {Cambridge MA},
	author = {Bergvall, Victoria Lee},
	institution = {Harvard University},
	title = {Focus in {{{Kikuyu}}} and {Universal Grammar}},
	type = {phdthesis},
	year = {1987}
}

@thesis{Becker2018,
	author = {Becker, Laura},
	institution = {Universität Leipzig},
	title = {Articles in the World’s Languages},
	type = {phdthesis},
	year = {2018}
}

@thesis{Bailey1976,
	address = {Johannesburg},
	author = {Bailey, Richard A.},
	institution = {University of Witwatersrand},
	title = {Copi Phonology and Morphotonology},
	type = {B.A. Honours Dissertation},
	year = {1976}
}

@thesis{Asiimwe2014,
	author = {Asiimwe, Allen},
	institution = {Stellenbosch University},
	title = {Definiteness and Specificity in {{Runyankore-Rukiga}}},
	type = {phdthesis},
	year = {2014}
}

@thesis{Ameka1991,
	author = {Ameka, Felix Kofi},
	institution = {Australian National University},
	title = {{Ewe}: {Its} Grammatical Constructions and Illocutionary Devices},
	type = {phdthesis},
    location = {Canberra},
	year = {1991}
}

@thesis{Abney1987,
	author = {Abney, Steven P},
	institution = {Massachusetts Institute of Technology},
	title = {The {{{English}}} Noun Phrase in Its Sentential Aspect},
	type = {phdthesis},
	year = {1987}
}

@software{Moroz2017,
	author = {Moroz, G.},
	title = {Lingtypology: {{{E}}}asy Mapping for Linguistic Typology},
	url = {https://cran.r-project.org/web/packages/lingtypology/index.html},
	year = {2017}
}

@report{Sasse1996,
	address = {Cologne},
	author = {Sasse, Hans-Jürgen},
	institution = {Institut für Sprachwissenschaft der Universität zu Köln},
	number = {27},
	title = {Theticity},
	type = {Working paper},
	year = {1996}
}

@phdthesis{waMberia1993,
	author = {wa Mberia, Kithaka},
	institution = {University of Nairobi},
	title = {Segmental morphophonology of {Kitharaka} with special reference to the noun},
	year = {1993}
}

@phdthesis{Guérois2015,
	author = {Guérois, Rozenn},
	institution = {University of Lyon},
    location = {Lyon},
	title = {A grammar of {Cuwabo ({Mozambique}, P34)}},
	year = {2015}
}

@online{PronounsNomaandeCameroonFut,
	title = {Pronouns in {{Nomaande}} | {{{Cameroon}}}},
	url = {https://www.silcam.org/resources/archives/47937},
	urldate = {2024-05-07},
}

@misc{vanderWalJerro2022,
    title = {Predicate doubling in {Bantu}: {Relational} alternatives and contrastive topics},
    author = {Jerro, Kyle and van der Wal, Jenneke},
    pubstate = {inpreparation}
}

@misc{vanderWal2021a,
	author = {van der Wal, Jenneke },
	title = {The {{{BaSIS}}} Basics of Information Structure},
	url = {https://bantusyntaxinformationstructure.files.wordpress.com/2021/08/the-basis-basics-of-information-structure-complete-6.pdf)},
	year = {2021}
}

@misc{vanderWal2019,
	author = {van der Wal, Jenneke },
	title = {The {{{BaSIS}}} Basics of Information Structure},
	year = {2019}
}

@misc{U.B.O.S.2016,
	address = {Kampala},
	author = {{Uganda Bureau of Statistics}},
	title = {The National Population and Housing Census 2014: Main Report},
	url = {http://www.ubos.org/onlinefiles/uploads/ubos/NPHC/2014%20National%20Census%20Main%20Report.pdf},
	year = {2016}
}

@misc{Statistics2019,
	author = {Statistics, Kenya Bureau},
	title = {{Kenya} Population and Housing Census},
	volume = {III},
	year = {2019}
}

@misc{SatreEtAl2008,
        address = {Yaoundé: Association Camerounaise pour la Traduction de la Bible et l’Alphabétisation (CABTAL)},
	publisher = {Association Camerounaise pour la Traduction de la Bible et l’Alphabétisation (CABTAL)},
	author = {Satre, Scott Alan and Kongne Welaze, Jacquis and Batouan, Joseph-Alain B. and Bete, Samuel and Sebineni, A. Flore},
	title = {Précis d’orthographe Pour {La} {La}ngue {{{Tunen}}}},
	year = {2008}
}

@misc{Morimoto2016,
	author = {Morimoto, Yukiko},
	title = {Verb doubling vs. {{T}}he conjoint/disjoint alternation},
	note = {Talk presented at Bantu 6, University of Helsinki, 20--22 June 2016},
	year = {2016}
}

@misc{KanampiuvanderWalFut,
	author = {Kanampiu, Patrick N. and van der Wal, Jenneke},
	pubstate = {inpreparation},
	title = {Kîîtharaka preverbal focus revisited}
}

@misc{JerrovanderWalFut,
	author = {Jerro, Kyle and van der Wal, Jenneke },
	pubstate = {inpreparation},
	title = {A Contrastive Topic Analysis of {{{Bantu}}} Predicate Doubling}
}

@misc{INE2017,
	author = {{Instituto Nacional Estatistica}},
	langid = {portuguese},
	shortauthor = {INE},
	title = {Censo 2017: {{I}}V Recenseamento Geral da População e Habitação. {{I}}ndicadores Sócio-demográficos Moçambique},
	year = {2017}
}

@misc{INE2010,
	author = {{Instituto Nacional Estatística}},
	langid = {portuguese},
	shortauthor = {INE},
	title = {Censo 2010},
	year = {2010}
}

@misc{Floor1998,
	author = {Floor, Sebastian},
	organization = {SIL Nampula},
	title = {Confirmative demonstratives},
	type = {Ms.},
	year = {1998}
}

@misc{BastinEtAl2002,
	url = {https://www.africamuseum.be/de/research/discover/human_sciences/culture_society/blr},
	author = {Bastin, Yvonne and André Coupez and Evariste Mumba and Thilo C. Schadeberg},
	title = {{Bantu} Lexical Reconstructions 3/{{Reconstructions}} Lexicales Bantoues 3},
	year = {2002}
}

@misc{vanderWalJerro2022a,
	author = {van der Wal, Jenneke and Jerro, Kyle},
	booktitle = {{Presented at {{{Bantu}}} 9 conference}},
	publisher = {{Malawi University of Science and Technology}},
	title = {Contrastive Topic and Predicate Doubling in {{{Bantu}}}},
	year = {2022}
}

@inproceedings{Zentz2016,
	address = {Washington, DC},
	author = {Zentz, Jason},
	booktitle = {90th {{Annual Meeting}} of the {{Linguistic Society}} of {{{America}}} ({{{LSA}}} 90},
	title = {The Biclausal Status of {{{Shona}}} Clefts},
	url = {https://jasonzentz.files.wordpress.com/2016/01/zentz2016-lsa90handout.pdf},
	year = {2016}
}

@misc{Zeller2008,
	address = {Leiden},
	author = {Zeller, Jochen},
	note = {Paper presented at the conference {{Movement}} and Word Order in {{{Bantu}}}},
	title = {On Agreement, Focus and Subject Positions in {{{Bantu}}}},
	year = {2008}
}

@incollection{Stucky1979,
	author = {Stucky, Susan},
	editor = {Christine Chiarello and others},
	booktitle = {Proceedings of the Fifth Annual Meeting of the {{{Berkeley} Linguistics Society}}},
	pages = {362--372},
	title = {Focus of Contrast Aspects in {{Makua}}: {{S}}yntactic and Semantic Evidence},
	location = {Berkeley, CA},
	publisher = {Berkeley Linguistics Society},
	year = {1979}
}

@inproceedings{SikukuDiercks2021,
	address = {Berlin},
	author = {Sikuku, Justine and Diercks, Michael},
	booktitle = {{Celebrating 50 {Years} of {{{ACAL}}}: {{Selected}} Papers from the 50th {{Annual Conference}} on {{{African} Linguistics}}}},
	doi = {10.5281/zenodo.5578822},
	editor = {Akinlabi, Akinbiyi and Bickmore, Lee and Cahill, Michael C. and Diercks, Michael and Downing, Laura J. and Essegbey, James and Franich, Katie and McPherson, Laura and Rose, Sharon},
	pages = {305--330},
	publisher = {Language Science Press},
	shorttitle = {Object Marking in {{Lubukusu}}},
	title = {Object Marking in {{{Lubukusu}}}: {{Information}} Structure in the Verb Phrase},
	year = {2021}
}

@inproceedings{SandeEtAl2019,
	author = {Sande, Hannah and Baier, Nico and Jenks, Peter},
	booktitle = {{Theory and Description in {{{{African}} Linguistics}}: {{Selected}} Papers from the 47th {{Annual Conference}} on {{{{African}} Linguistics}}}},
	editor = {Emily Clem, Peter Jenks and Sande, Hannah},
	pages = {667--701},
	publisher = {Language Science Press},
	location = {Berlin},
	title = {The Syntactic Diversity of {{{SA}ux{OV}}} in {{{West} {Africa}}}},
	year = {2019},
	doi = {10.5281/zenodo.3367194}
}

@inproceedings{SabelZeller2006,
	address = {Somerville, CA},
	author = {Sabel, Joachim and Zeller, Jochen},
	booktitle = {Selected Proceedings of the 35th {{Annual Conference}} of {{{{African}} Linguistics}}},
	editor = {Mugane, John. and Hutchison, John P. and Worman, Dee A.},
	pages = {271--283},
	publisher = {Cascadilla Proceedings Press},
	title = {{Wh}‐question Formation in {{{Nguni}}}},
	year = {2006}
}

@misc{Paulian2001,
	address = {Lyon},
	author = {Paulian, Christiane},
	note = {Presentation at Journée Sur Les Langues Bantu},
	title = {Coordination et Subordination},
	year = {2001}
}

@inproceedings{MchomboEtAl2005,
	author = {Mchombo, Sam A. and Morimoto, Yukiko and Féry, Caroline},
	booktitle = {{Proceedings of the {{{LFG}05}} Conference}},
	editor = {Butt, Miriam and Holloway, King Tracy},
	publisher = {Bergen: CSLI Publications},
	title = {Partitioning Discourse Information: {{A}} Case of {{Chicheŵa}} Split Constituents},
	year = {2005}
}

@inproceedings{Marten2000,
	author = {Marten, Lutz},
	booktitle = {Afrikanistische {{Arbeitspapiere}}: {{{Swahili} Forum {VII}}}},
	pages = {75--96},
	title = {Agreement with Conjoined Noun Phrases in {{{Swahili}}}},
	volume = {64},
	year = {2000}
}

@inproceedings{Lochbihler2009,
	author = {Lochbihler, Bethany},
	booktitle = {{2009 {{{CLA} Conference Proceedings}}}},
	title = {Discontinuous {{{DP}}} Constructions},
	year = {2009}
}

@inproceedings{Harford1991,
	address = {Berkeley CA},
	author = {Harford, Carolyn},
	booktitle = {Proceedings of the Seventeenth Annual Meeting of the {{{Berkeley} Linguistics Society}}: {{Special}} Session on {{{African}}} Language Structures},
	editor = {Hubbard, Kathleen},
	pages = {98--105},
	publisher = {Berkeley Linguistics Society},
	title = {Object Asymmetries in {{Kitharaka}}},
	year = {1991}
}

@misc{HamlaouiMakasso2013,
	address = {Paris},
	author = {Hamlaoui, Fatima and Makasso, Emmanuel-Moselly},
	note = {Presented at the 5th International Conference on {Bantu} Languages, {Paris}, 12–15 {June} 2013},
	title = {Bàsàa Object Left Dislocation, Topicalization and the Syntax-Phonology Mapping of Intonation Phrases},
	year = {2013}
}

@unpublished{GüldemannEtAl2010,
	author = {Güldemann, Tom and Fiedler, Ines and Morimoto, Yukiko and Prokhorov, Kirill},
	title = {Preposed Verb Doubling and Predicate-Centered Focus. International {{Conference}} of the {{{SFB}}}, 08--10 {J}uly 2010},
	year = {2010}
}

@conference{Creissels2018a,
	address = {Tallinn},
	author = {Creissels, Denis},
	eventtitle = {51st {{Annual Meeting}} of the {{Societas Linguistica Europaea}}},
	title = {The Noncausal-Causal Alternation in the Languages of {{Subsaharan {Africa}}}: {{A}} Preliminary Survey of Noncausal-Causal Pairs Involving Inanimate Undergoers},
	year = {2018}
}

@inproceedings{CobbinahLüpke2009,
	address = {Cologne},
	author = {Cobbinah, Alexander and Lüpke, Friederike},
	booktitle = {Proceedings of the 6th {{World Congress}} of {{{African} Linguistics}}},
	editor = {Brenzinger, Mathias and Fehn, Anna-Maria},
	pages = {153--165},
	publisher = {Köppe},
	title = {{No} Cut to Fit: Zero Coded Passives in {{{African}}} Languages},
	year = {2009}
}

@inproceedings{Buell2009,
	address = {Somerville, MA},
	author = {Buell, Leston C.},
	editor = {Masangu Matondo and Fiona McLaughlin and Eric Potsdam},
	booktitle = {Selected Proceedings of the 38th {Annual Conference} on {African} {Linguistics}},
	pages = {166--172},
	publisher = {Cascadilla Proceedings Project},
	title = {Evaluating the Immediate Postverbal Position as a Focus Position in {Zulu}},
	year = {2009}
}

@article{Bancel1991,
	author = {Bancel, Pierre},
	journal = {Proceedings of the Annual Meeting of the Berkeley Linguistics Society},
	pages = {3--14},
	title = {The three-way vowel harmony in {{{Nen}}}},
	volume = {17},
	number = {2},
	doi = {10.3765/bls.v17i2.1659},
	year = {1991}
}

@incollection{vonHeusingerKlein2013,
	address = {Dordrecht},
	author = {von Heusinger, Klaus and Klein, Udo},
	booktitle = {Different Kinds of Specificity across Languages},
	editor = {Cornelia Ebert and Stefan Hinterwimmer},
	pages = {155--176},
	publisher = {Springer},
	title = {The Distribution of Two Indefinite Articles: {{The}} Case of {{Uzbek}}},
	year = {2013}
}

@incollection{vonHeusinger2019,
	address = {Oxford},
	author = {von Heusinger, Klaus},
	booktitle = {The {{Oxford}} Handbook of {{Reference}}},
	editor = {Gundel, Jeanette and Abbott, Barbara and Gundel, Jeanette and Abbott, Barbara},
	pages = {146--167},
	publisher = {Oxford University Press},
	title = {Indefiniteness and {{Specificity}}},
	year = {2019}
}

@incollection{vanderWalSimango2022,
	address = {Maputo},
	author = {van der Wal, Jenneke and Simango, Aurélio},
	booktitle = {Pesquisa e Ensino Em Línguas Moçambicanas. {{Um}} Tributo a {{Bento Sitoe}}},
	editor = {Chambal Nhampoca, Ezra and Cao Ponso, Letícia},
	pages = {229--247},
	publisher = {Gala-Gala Edições},
	sortname = {van der Wal, Jenneke and Simango, Aurelio},
	title = {Subject Inversion in {{{Changana}}}},
	date = {2022-12-31}
}

@incollection{vanderWalNamyalo2016,
	address = {Berlin},
	author = {van der Wal, Jenneke and Namyalo, Saudah},
	booktitle = {Diversity in {{{African}}} Languages},
	editor = {Payne, Doris L. and Pacchiarotti, Sara and Bosire, Mokaya},
	pages = {355--377},
	publisher = {Language Science Press},
	title = {The Interaction of Two Focus Marking Strategies in {{{Luganda}}}},
	year = {2016}
}

@incollection{vanderWalFut,
	address = {Oxford},
	author = {van der Wal, Jenneke},
	booktitle = {The {Oxford} Guide to the {Bantu} Languages},
	editor = {Marten, Lutz and Kula, Nancy and Hurst, Ellen and Zeller, Jochen},
	publisher = {Oxford University Press},
	title = {The Conjoint/Disjoint Alternation},
	year = {2025}
}

@incollection{vanderWal2017,
	address = {Berlin},
	author = {van der Wal, Jenneke },
	booktitle = {The Conjoint/Disjoint Alternation in {{{Bantu}}}},
	editor = {van der Wal, Jenneke and Hyman, Larry M.},
	pages = {14--60},
	publisher = {Mouton de Gruyter},
	title = {What Is the Conjoint/Disjoint Alternation? {{Parameters}} of Crosslinguistic Variation},
	year = {2017}
}

@incollection{vanderWal2015,
	address = {Oxford},
	author = {van der Wal, Jenneke },
	booktitle = {{Oxford} Handbook {Topics} in Linguistics},
	doi = {10.1093/oxfordhb/9780199935345.013.50},
	publisher = {Oxford University Press},
	title = {{Bantu} syntax},
	date = {2015-09-10}
}

@incollection{vanderWal2014,
	address = {Amsterdam},
	author = {van der Wal, Jenneke },
	booktitle = {Information Structure and Reference Tracking in Complex Sentences},
	editor = {van Gijn, Rik and Hammond, Jeremy and Matić, Dejan and van Putten, Saskia and Galucio, Ana Vilacy},
	pages = {45--70},
	publisher = {John Benjamins},
	title = {Subordinate Clauses and Exclusive Focus in {{{Makhuwa}}}},
	year = {2014}
}

@incollection{vanderWal2008,
	address = {Amsterdam},
	author = {van der Wal, Jenneke },
	booktitle = {The {Bantu}-{Romance} Connection: {{A}} Comparative Investigation of Verbal Agreement, {{{DP}s}} and Information Structure},
	editor = {Cat, Cecile and Demuth, Katherine},
	pages = {323--350},
	publisher = {John Benjamins},
	title = {Agreement in Thetic Sentences in {{{Bantu}}} and {{{Romance}}}},
	year = {2008}
}

@incollection{Zimmermann2016,
	address = {Oxford},
	author = {Zimmermann, Malte},
	booktitle = {The {{{Oxford}}} Handbook of Information Structure},
	editor = {Féry, Caroline and Ishihara, Shinichiro},
	pages = {314--335},
	publisher = {Oxford University Press},
	title = {Predicate Focus},
	year = {2016}
}

@incollection{ZellerEtAl2017,
	address = {Berlin},
	author = {Zeller, Jochen and Zerbian, Sabine and Cook, Toni},
	booktitle = {The conjoint/disjoint alternation in {Bantu}},
	editor = {van der Wal, Jenneke and Hyman, Larry M.},
	pages = {295--328},
	publisher = {De Gruyter Mouton},
	title = {Prosodic evidence for syntactic phrasing in {Zulu}},
	year = {2017}
}

@article{Zeller2013,
	author = {Zeller, Jochen},
        journal = {Linguistics},
        volume = {51},
        number = {6},
	pages = {1107--1146},
	title = {Locative inversion in {Bantu} and predication},
	year = {2013}
}

@incollection{Wurmbrand2006,
	address = {Oxford},
	author = {Wurmbrand, Susi},
	booktitle = {The {{{Blackwell} Companion}} to {{Syntax}}},
	doi = {10.1002/9780470996591},
	editor = {Everaert, Martin and van Riemsdijk, Henk},
	pages = {229--343},
	publisher = {Blackwell},
	title = {Verb Clusters, Verb Raising, and Restructuring},
	volume = {5},
	year = {2006}
}

@incollection{Watters1979,
	address = {Los Angeles},
	author = {Watters, John R.},
	booktitle = {{Aghem} Grammatical Structure},
	editor = {{Hyman, Larry}},
	pages = {137--197},
	publisher = {University of Southern California},
	title = {Focus in {{{Aghem}}}},
	year = {1979}
}

@incollection{Vermeulen2012,
	address = {Berlin},
	author = {Vermeulen, Reiko},
	booktitle = {The Syntax of Topic, Focus, and Contrast},
	doi = {10.1515/9781614511458.77},
	editor = {Neeleman, Ad and Vermeulen, Reiko},
	pages = {77--118},
	publisher = {De Gruyter Mouton},
	title = {Word Order Variation and Information Structure in {{{Japanese}}} and {{{Korean}}}},
	date = {2012-12-06}
}

@incollection{VandeVelde2019,
	address = {London},
	author = {Van de Velde, Mark},
	booktitle = {The {Bantu} Languages},
	edition = 2,
	editor = {Van de Velde, Mark and Bostoen, Koen and Nurse, Derek and Philippson, Gérard},
	pages = {237--269},
	publisher = {{Taylor and Francis}},
	title = {Nominal Morphology and Syntax},
	year = {2019}
}

@incollection{VandeVelde2013,
	address = {Amsterdam},
	author = {Van de Velde, Mark},
	booktitle = {The Genitive},
	editor = {Carlier, Anne and Verstraete, Jean-Christophe},
	pages = {217--252},
	publisher = {John Benjamins},
	title = {The {{{Bantu}}} Connective Construction},
	year = {2013}
}

@incollection{Traugott1985,
	address = {Amsterdam},
	author = {Traugott, Elizabeth C.},
	booktitle = {Iconicity in Syntax: {{Proceedings}} of a Symposium on Iconicity in Syntax, {{{Stanford}}}, {{June}} 24–26, 1983},
	editor = {Haiman, John},
	pages = {289--308},
	publisher = {John Benjamins},
	title = {Conditional Markers},
	year = {1985}
}

@incollection{Sheehan2013,
	address = {Oxford},
	author = {Sheehan, Michelle},
	booktitle = {Theoretical Approaches to Disharmonic Word Orders},
	editor = {Biberauer, Theresa and Sheehan, Michelle},
	pages = {407--44},
	publisher = {Oxford University Press},
	title = {Explaining the {{Final-over-Final Constraint}}: {{F}}ormal and Functional Approaches},
	year = {2013}
}

@incollection{Selkirk1995,
	address = {Amherst, Massachusetts},
	author = {Selkirk, Elizabeth},
	booktitle = {Papers in {{Optimality Theory}}},
	editor = {Beckman, J. and Dickey, L. Walsh and Urbanczyk, S.},
	pages = {439--469},
	publisher = {GLSA},
	title = {The {{prosodic structure}} of {{function words}}},
	year = {1995}
}

@incollection{Schwarz2007,
	address = {Berlin},
	author = {Schwarz, Florian},
	booktitle = {Focus Strategies in {{{African}}} Languages: {{The}} Interaction of Focus and Grammar in {{{Niger}-{Congo}}} and {{{Afro-Asiatic}}}},
	editor = {Aboh, Enoch O. and Hartmann, Katharina and Zimmermann, Malte},
	pages = {139--160},
	publisher = {Mouton de Gruyter},
	title = {Ex-Situ Focus in {{{Kikuyu}}}},
	year = {2007}
}

@incollection{Schadeberg2003,
	address = {London},
	author = {Schadeberg, Thilo C.},
	booktitle = {The {Bantu} Languages},
	edition = 1,
	editor = {Nurse, Derek and Philippson, Gérard},
	pages = {71--89},
	publisher = {Routledge},
	title = {Derivation},
	year = {2003}
}

@incollection{Sasse2006,
	address = {Berlin},
	author = {Sasse, Hans-Jürgen},
	booktitle = {Pragmatic Organization of Discourse in the Languages of {{{Europe}}}},
	editor = {Bernini, Giuliano and Schwarz, Marcia L.},
	pages = {255--308},
	publisher = {Mouton de Gruyter},
	sortname = {Sasse, Hans-Jurgen},
	title = {Theticity},
	year = {2006}
}

@incollection{Rizzi1986,
	address = {Dordrecht},
	author = {Rizzi, Luigi},
	booktitle = {Studies in {{{Romance}}} Linguistics},
	editor = {Jaeggli, O. and Silva-Corvalan, C.},
	pages = {391--420},
	publisher = {Foris},
	title = {On the Status of Subject Clitics in {{{Romance}}}},
	year = {1986}
}

@incollection{PaulWhitman2017,
	address = {Hoboken},
	author = {Paul, Waltraud and Whitman, John},
	booktitle = {The {{Wiley {Blackwell} Companion}} to {{Syntax}}},
	doi = {10.1002/9781118358733.wbsyncom065},
	edition = 2,
	editor = {Everaert, Martin and van Riemsdijk, Henk},
	pages = {1--31},
	publisher = {John Wiley \& Sons, Inc},
	title = {Topic Prominence},
	year = {2017}
}

@incollection{NshemezimanaBostoen2017,
	address = {Berlin},
	author = {Nshemezimana, Ernest and Bostoen, Koen},
	booktitle = {The {{conjoint}}/{{disjoint alternation}} in {{{Bantu}}}},
	editor = {van der Wal, Jenneke and Hyman, Larry M.},
	number = {301},
	pages = {390--425},
	publisher = {De Gruyter Mouton},
	title = {The conjoint/disjoint alternation in {{Kirundi}} ({{{JD}62}}): {{A}} Case for Its Abolition},
	year = {2017}
}

@incollection{Nhantumbo2009,
	address = {Maputo},
	author = {Nhantumbo, Nelsa},
	booktitle = {Lexicografia e Descrição das Línguas {Bantu}. {{C}}olecção: “{As} Nossas Línguas” I},
	editor = {Ngunga, Armindo},
	langid = {portuguese},
	publisher = {Centro de Estudos Africanos. Universidade Eduardo Mondlane},
	title = {A morfofonologia da marca do passado na língua Copi},
	year = {2009}
}

@incollection{Ngonyani2000,
	address = {Trenton, NJ},
	author = {Ngonyani, Deo},
	booktitle = {Advances in {{{African} Linguistics}}},
	editor = {Carstens, Vicki and Parkinson, F},
	pages = {61--76},
	publisher = {Africa World Press},
	title = {The Structure of {{{Kinande}}} Applicatives},
	year = {2000}
}

@incollection{NgobokaZeller2017,
	address = {Berlin},
	author = {Ngoboka, Jean Paul and Zeller, Jochen},
	booktitle = {The {{conjoint}}/{{disjoint alternation}} in {{{Bantu}}}},
	doi = {10.1515/9783110490831-013},
	editor = {van der Wal, Jenneke and Hyman, Larry M.},
	pages = {350--389},
	publisher = {Mouton de Gruyter},
	title = {The conjoint/disjoint alternation in {{{Kinyarwanda}}}},
    series = {Trends in {L}inguistics {S}eries 301},
	year = {2017}
}

@incollection{NeelemanVandeKoot2016,
	address = {Oxford},
	author = {Neeleman, Ad and Van de Koot, Hans},
	booktitle = {The {{Oxford}} Handbook of Information Structure},
	editor = {Féry, Caroline and Ishihara, Shinichiro},
	pages = {383--401},
	publisher = {Oxford University Press},
	title = {Word Order and Information Structure},
	year = {2016}
}

@book{NeelemanEtAl2009,
	address = {Berlin},
	author = {Neeleman, Ad and Titov, Elena and Koot, Hans and Vermeulen, Reiko},
	doi = {10.1515/9783110217124.15},
	pages = {15--52},
	publisher = {De Gruyter Mouton},
	title = {A Syntactic Typology of Topic, Focus and Contrast},
	date = {2009-12-15}
}

@incollection{Mous2003,
	address = {London},
	author = {Mous, Maarten},
	booktitle = {The {Bantu} Languages},
	editor = {Nurse, Derek and Philippson, Gérard},
	pages = {283--306},
	publisher = {Routledge},
	title = {{Nen} ({{A44}})},
	year = {2003}
}

@incollection{Mous1997,
	address = {The Hague},
	author = {Mous, Maarten},
	booktitle = {Object Positions in {{{Benue-}{Kwa}}}},
	editor = {Rose-Marie, Déchaine and Manfredi, Vincent},
	pages = {123--137},
	publisher = {Holland Academic Graphics},
	title = {The Position of the Object in {{{Tunen}}}},
	year = {1997}
}

@incollection{Mous1986,
	address = {Berlin},
	author = {Mous, Maarten},
	booktitle = {The Phonological Representation of Suprasegmentals: {{Studies}} on {{{African}}} Languages Offered to {{{John} M}}. {{{Stewart}}} on His 60th Birthday},
	editor = {Bogers, Koen and van der Hulst, Harry and Mous, Marten},
	pages = {281--295},
	publisher = {Walter de Gruyter GmbH \& Co KG},
	title = {Vowel Harmony in {{{Tunen}}}},
	year = {1986}
}

@incollection{Morimoto2017,
	address = {Berlin},
	author = {Morimoto, Yukiko},
	booktitle = {The Conjoint/Disjoint Alternation in {{{Bantu}}}},
	editor = {van der Wal, Jenneke and Hyman, Larry M.},
	pages = {147--174},
	publisher = {De Gruyter Mouton},
	title = {The {{{Kikuyu}}} Focus Marker Nĩ: {{F}}ormal and Functional Similarities to the Conjoint/Disjoint Alternation},
	year = {2017}
}

@incollection{Molnár2002,
	address = {Leiden},
	author = {Molnár, Valéria},
	booktitle = {Information Structure in a Cross-Linguistic Perspective},
	doi = {10.1163/9789004334250_010},
	editor = {Hasselgård, Hilde and Johansson, Stig and Behrens, Bergljot and Fabricius-Hansen, Cathrine},
	pages = {147--161},
	publisher = {Brill},
	sortname = {Molnar, Valeria},
	title = {Contrast – from a Contrastive Perspective},
	date = {2002-01-01}
}

@incollection{Mikkelsen2011,
	address = {Berlin},
	author = {Mikkelsen, Line},
	booktitle = {Semantics},
	editor = {von Heusinger, Klaus and Maienborn, Claudia and Portner, Paul},
	pages = {1805--1829},
	publisher = {de Gruyter},
	series = {Handbooks of Linguistics and Communication Science ({HSK 33.2})},
	title = {Copular Clauses},
	year = {2011}
}

@incollection{Marten2020,
	address = {Oxford},
	author = {Marten, Lutz},
	booktitle = {The {{Oxford}} Handbook of {{African}} Languages},
	editor = {Vossen, Rainer and Dimmendaal, Gerrit J.},
	pages = {205--219},
	publisher = {Oxford University Press},
	title = {{Bantu} and {{Bantoid}}},
	year = {2020}
}

@incollection{MalchukovEtAl2010,
	address = {Berlin/New York},
	author = {Malchukov, Andrej and Haspelmath, Martin and Comrie, Bernard},
	booktitle = {Studies in Ditransitive Constructions: A Comparative Handbook},
	doi = {10.1515/9783110220377.1},
	editor = {Malchukov, Andrej and Haspelmath, Martin and Comrie, Bernard},
	pages = {1--64},
	publisher = {De Gruyter Mouton},
	title = {Ditransitive Constructions: {{A}} Typological Overview},
	year = {2010}
}

@incollection{Maho2003,
	address = {London},
	author = {Maho, Jouni Filip},
	booktitle = {The {{{Bantu} Languages}}},
	editor = {Nurse, Derek and Philippson, Gérard},
	pages = {639--651},
	publisher = {Routledge},
	title = {A Classification of the {{{Bantu}}} Languages: {{A}}n Update of {{Guthrie}}’s Referential System},
	year = {2003}
}

@incollection{LusekeloFut,
	address = {Oxford},
	author = {Lusekelo, Amani},
	booktitle = {Approaches to Morphosyntactic Variation in {{{Bantu}}}},
	editor = {Ström, Eva-Marie and Guérois, Rozenn and Gibson, Hannah and Marten, Lutz},
	publisher = {Oxford University Press},
	title = {The Morphosyntax of Object Marking in {{{Nyakyusa}}}},
	year = {2024},
        pages = {85--108},
        doi = {10.5281/zenodo.10663767}
}

@incollection{Lopez2016,
	address = {Oxford},
	author = {Lopez, Luis},
	booktitle = {The {{{Oxford}}} Handbook of Information Structure},
	editor = {Féry, Caroline and Ishihara, Shinichiro},
	pages = {402--421},
	publisher = {Oxford University Press},
	title = {Dislocations and Information Structure},
	year = {2016}
}

@incollection{LiThompson1976,
	address = {New York},
	author = {Li, Charles N. and Thompson, Sandra A.},
	booktitle = {Subject and topic},
	editor = {Li, Charles N.},
	pages = {457--490},
	publisher = {Academic Press},
	title = {Subject and topic: {A} New Typology of Language},
	year = {1976}
}

@incollection{Li2020,
	address = {Leiden},
	author = {Li, Zhen},
	booktitle = {Essays on {{{African}}} Languages and Linguistics: {I}n Honour of {{Maarten Mous}}},
	editor = {van der Wal, Jenneke and Smits, Heleen and Petrollino, Sara and Nyst, Victoria and Kossmann, Maarten},
	pages = {267--286},
	publisher = {ASCL Occasional Publication},
	shorttitle = {Leiden: {{African Studies Centre Leiden}} ({{ASCL}})},
	title = {A Note on the Functional Passives in {{{Teke}-{Kukuya}}} ({{{Bantu} B77}}, {{{Congo}}})},
	url = {https://hdl.handle.net/1887/138531},
	year = {2020}
}

@incollection{LangadaCâmaraEtAlFut,
	author = {Langa da Câmara, Crisófia and Diercks, Michael and Colantes, Madelyn and Ly, Brendan and Kuzmik, Jackson and Lippard, Hannah},
	booktitle = {Pushing the boundaries: {Selected} papers from the 51–52 {Annual Conference on African Linguistics}},
	sortname = {Langa da Camara, Crisofia and Diercks, Michael and Colantes, Madelyn and Ly, Brendan and Kuzmik, Jackson and Lippard, Hannah},
	title = {An initial look at object marking in {{Cinyungwe}}},
        editor = {Essegbey, James and Henderson, Brent and McLaughlin, Fiona and Diercks, Michael},
	year = {2024},
        pages = {269–295},
        publisher = {Language {Science} {Press}}
}

@incollection{LambrechtPolinsky1997,
	address = {Chicago},
	author = {Lambrecht, Knud and Polinsky, Maria},
	booktitle = {Papers from the {{Panels}}, 33rd {{Regional}} Meeting of the {{{Chicago} Linguistic Society}}},
	editor = {Singer, Kora and Eggert, Randall and Anderson, Gregory},
	pages = {189--206},
	publisher = {Chicago Linguistic Society},
	title = {Typological Variation in Sentence-Focus Constructions},
	year = {1997}
}

@incollection{KulaMarten2010,
	address = {Cologne},
	author = {Kula, Nancy C. and Marten, Lutz},
	booktitle = {{Bantu} Languages: {{Analyses}}, Description and Theory},
	editor = {Legère, Karsten and Thornell, Christina},
	pages = {115--130},
	publisher = {Rüdiger Köppe Verlag},
	title = {Argument Structure and Agency in {{{Bemba}}} Passives},
	year = {2010}
}

@incollection{KujathvanderWal2023,
    author = {Kujath, Elizabeth and van der Wal, Jenneke},
    title = {Copular constructions in {Makhuwa-Enahara}},
    booktitle = {Linguistics in the {Netherlands} 2023},
    publisher = {John Benjamins},
    address = {Amsterdam},
    editor = {Leufkens, Sterre and Bril, Marco},
    pages = {155--177},
    year = {2023}
}

@incollection{Kröger2010,
	address = {Amsterdam},
	author = {Kröger, Oliver},
	booktitle = {The Expression of Information Structure: {{A}} Documentation of Its Diversity across {{{Africa}}}},
	editor = {Fiedler, Ines and Schwarz, Anne},
	pages = {165--192},
	publisher = {John Benjamins},
	sortname = {Kroger, Oliver},
	title = {Discourse Function of Inverted Passives in {{Makua-Marevone}} Narratives},
	year = {2010}
}

@incollection{KrifkaMusan2012,
	address = {Berlin},
	author = {Krifka, Manfred and Musan, Renate},
	booktitle = {The expression of information structure},
	doi = {10.1515/9783110261608.1},
	editor = {Krifka, Manfred and Musan, Renate},
	pages = {1--44},
	publisher = {De Gruyter Mouton},
	shorttitle = {Information Structure},
	title = {Information Structure: {{Overview}} and Linguistic Issues},
	date = {2012-08-31}
}

@incollection{Krifka2007,
	address = {Dordrecht},
	author = {Krifka, Manfred},
	booktitle = {Topic and Focus, Crosslinguistic Perspectives on Meaning and Intonation},
	editor = {Lee, Chungmin and Gordon, Matthew and Büring, Daniel},
	pages = {139--150},
	publisher = {Springer},
	title = {The Semantics of Questions and the Focusation of Answers},
	year = {2007}
}

@incollection{KoniMuluwaBostoen2019,
	address = {Oxford},
	author = {Koni Muluwa, Joseph and Bostoen, Koen},
	booktitle = {The {{{Bantu} languages}}},
	edition = {2nd edition},
	editor = {Van de Velde, Mark and Bostoen, Koen and Nurse, Derek and Philippson, Gérard},
	pages = {414--448},
	publisher = {Routledge},
	title = {Nsong ({{B85d}})},
	year = {2019}
}

@incollection{Kisseberth2003,
	address = {London},
	author = {Kisseberth, Charles W.},
	booktitle = {The {{{Bantu}}} Languages},
	editor = {Nurse, Derek and Philippson, Gérard},
	pages = {546--565},
	publisher = {Routledge},
	title = {{Makhuwa} ({{P30}})},
	year = {2003}
}

@incollection{Kerr2024,
	address = {Berlin},
	author = {Kerr, Elisabeth J.},
	booktitle = {{Selected {{Papers}} from the 53rd {{Annual Conference}} on {{{African} Linguistics}}}},
	doi = {10.5281/zenodo.11210464},
	editor = {Huang, Yaqian and Kaldhol, Nina Hagen and Lim, Jun Jie and Rose, Sharon and Struthers-Young, Anthony},
	pages = {297--345},
	publisher = {Language Science Press},
	title = {On {{{OV}}} and {{{VO}}} at the {{{Bantu}}}/{{Bantoid}} Borderlands},
	year = {2024}
}

@incollection{Kerr2020,
	address = {Leiden},
	author = {Kerr, Elisabeth J.},
	booktitle = {Essays on {{{African}}} Languages and Linguistics: {{In}} Honour of {{Maarten Mous}}},
	editor = {van der Wal, Jenneke and Smits, Heleen J. and Petrollino, Sara and Nyst, Victoria A. S. and Kossmann, Maarten G.},
	pages = {241-265},
	publisher = {African Studies Centre Leiden Occasional Publications},
	title = {The Grammaticalisation of a Specific Indefinite Determiner: {{Prenominal}} \textit{-mɔ̀tɛ́} in {{{Tunen}}}},
	year = {2020}
}

@incollection{Kenesei2006,
	address = {Berlin},
	author = {Kenesei, István},
	booktitle = {Focus as Identification},
	doi = {10.1515/9783110922011.137},
	editor = {Molnár, Valéria and Winkler, Susanne},
	pages = {137--168},
	publisher = {De Gruyter Mouton},
	sortname = {Kenesei, Istvan},
	title = {Focus as Identification},
        pages = {137-168},
	year = {2006}
}

@incollection{Katamba2003,
	address = {London},
	author = {Katamba, Francis},
	booktitle = {The {{{Bantu}}} Languages},
	editor = {Nurse, Derek and Philippson, Gérard},
	pages = {120},
	publisher = {Routledge},
	title = {{Bantu} Nominal Morphology},
	volume = {103},
	year = {2003}
}

@incollection{Ionin2013,
	address = {Dordrecht},
	author = {Ionin, Tania},
	booktitle = {Different Kinds of Specificity across Languages},
	editor = {Ebert, Cornelia and Hinterwimmer, Stefan},
	pages = {75--103},
	publisher = {Springer},
	title = {Pragmatic Variation among Specificity Markers},
	year = {2013}
}

@incollection{Höhle1992,
	author = {Höhle, Tilman N.},
	booktitle = {Informationsstruktur und {Grammatik}},
	editor = {Jacobs, Joachim},
	langid = {ngerman},
	pages = {112--141},
	publisher = {Westdeutscher Verlag},
	sortname = {Hohle, Tilman N.},
	title = {Über Verum-{Fokus} im {Deutschen}},
    location = {Opladen},
	year = {1992}
}

@incollection{Hyman2003,
	address = {London},
	author = {Hyman, Larry M},
	booktitle = {The {{{Bantu}}} Languages},
	editor = {Nurse, Derek and Philippson, Gérard},
	pages = {257--282},
	publisher = {Routledge},
	title = {{Basaá} ({{A43}})},
	year = {2003}
}

@incollection{Hyman1999,
	address = {Amsterdam},
	author = {Hyman, Larry M.},
	booktitle = {The grammar of focus},
	editor = {Rebushi, Georges and Tuller, Lauren},
	pages = {151--177},
	publisher = {John Benjamins},
	title = {The interaction between focus and tone in {{Bantu}}},
	year = {1999}
}

@incollection{Horvath2007,
	address = {Amsterdam},
	author = {Horvath, Julia},
	booktitle = {Phrasal and Clausal Architecture Syntactic Derivation and Interpretation in Honor of {{{Joseph} {E}}}. {{{E}monds}}},
	editor = {Karimi, Simin and Samiian, Vida and Wilkins, Wendy K.},
	number = {101},
	pages = {108--145},
	publisher = {John Benjamins},
	series = {Linguistik Aktuell/{{Linguistics}} Today},
	title = {Separating ”{{Focus Movement}}” from {{Focus}}},
	year = {2007}
}

@incollection{Horn1981,
	address = {Amherst, MA},
	author = {Horn, Laurence R.},
	booktitle = {Proceedings of {{{NELS}}} 11},
	editor = {Burke, Virginia and Pustejovsky, James},
	pages = {124--142},
	publisher = {GLSA},
	title = {Exhaustiveness and the Semantics of Clefts.},
	year = {1981}
}

@incollection{Himmelmann2001,
	address = {Berlin},
	author = {Himmelmann, Nikolaus P.},
	booktitle = {Language Typology and Language Universals},
	editor = {Haspelmath, Martin and König, Ekkehard and Oesterreicher, Wulf and Raible, Wolfgang},
	pages = {831--841},
	volume = {2},
	publisher = {Mouton de Gruyter},
	title = {Articles},
	year = {2001}
}

@incollection{HedbergFadden2007,
	address = {Amsterdam},
	author = {Hedberg, Nancy and Fadden, Lorna},
	booktitle = {The Grammar–Pragmatics Interface: {{Essays}} in Honor of {{Jeanette K}}. {{Gundel}}},
	doi = {10.1075/pbns.155.05hed},
	editor = {Hedberg, Nancy and Zacharski, Ron},
	pages = {49--76},
	publisher = {John Benjamins},
	series = {Pragmatics \& {{Beyond New Series}}},
	number = {155},
	title = {The Information Structure of It-Clefts, {{Wh}}-Clefts and Reverse {{Wh}}-Clefts in {{{English}}}},
	date = {2007-05-15}
}

@incollection{Haspelmath1993,
	address = {Amsterdam},
	author = {Haspelmath, Martin},
	booktitle = {Causatives and {{Transitivity}}},
	doi = {10.1075/slcs.23.05has},
	editor = {Comrie, Bernard and Polinsky, Maria},
	pages = {87--120},
	publisher = {John Benjamins},
	series = {Studies in {{Language Companion Series}}},
	title = {More on the Typology of Inchoative/Causative Verb Alternations},
	volume = {23},
	year = {1993}
}

@book{HarrisCampbell1995a,
	address = {Cambridge},
	author = {Harris, Alice C. and Campbell, Lyle},
	booktitle = {Historical {{Syntax}} in {{Cross-Linguistic Perspective}}},
	doi = {10.1017/CBO9780511620553.008},
	pages = {151--194},
	publisher = {Cambridge University Press},
        place = {Cambridge, UK},
	series = {Cambridge {{Studies}} in {{Linguistics}}},
	title = {Processes That Simplify Biclausal Structures},
	year = {1995}
}

@article{HarleyMiyagawa2017,
	author = {Harley, Heidi and Miyagawa, Shigeru},
	journal = {{Oxford} Research Encyclopedia of Linguistics},
	title = {Syntax of Ditransitives},
	year = {2017}
}

@incollection{Hammarström2019,
	address = {London},
	author = {Hammarström, Harald},
	booktitle = {The {{Bantu}} languages},
	edition = 2,
	editor = {Van de Velde, Mark and Bostoen, Koen and Nurse, Derek and Philippson, Gérard},
	pages = {17--78},
	publisher = {Routledge},
	sortname = {Hammarstrom, Harald},
	title = {An Inventory of {{{Bantu}}} Languages},
	year = {2019}
}

@incollection{Hamlaoui2022,
	address = {Berlin},
	author = {Hamlaoui, Fatima},
	booktitle = {On Reconstructing {{Proto-{Bantu}}} Grammar},
	editor = {Bostoen, Koen and Pacchiarotti, Sara and Guérois, Rozenn and de Schryver, Gilles-Maurice},
	pages = {497--537},
	publisher = {Language Science Press},
	title = {On Subject Inversion in {{Proto-{Bantu}}} Relative Clauses},
	year = {2022}
}

@incollection{HalpertFut,
	address = {Oxford},
	author = {Halpert, Claire},
	booktitle = {The {{{Oxford}}} Guide to the {{{Bantu}}} Languages},
	editor = {Marten, Lutz and Kula, Nancy C. and Hurst, Ellen and Zeller, Jochen},
	publisher = {Oxford University Press},
	title = {The Augment},
	year = {2025}
}

@incollection{Halpert2017,
	address = {Berlin},
	author = {Halpert, Claire},
	booktitle = {The conjoint/disjoint alternation in {Bantu}},
	editor = {van der Wal, Jenneke and Hyman, Larry M.},
	pages = {329--349},
	publisher = {Mouton De Gruyter},
	title = {Prosody/syntax mismatches in the {{Zulu}} conjoint/disjoint alternation},
	year = {2017}
}

@incollection{GüldemannFiedler2022,
	address = {Berlin},
	author = {Güldemann, Tom and Fiedler, Ines},
	booktitle = {On Reconstructing {{Proto-{Bantu}}} Grammar},
	editor = {Bostoen, Koen and Schryver, Gilles-Maurice and Guérois, Rozenn and Pacchiarotti, Sara},
	pages = {537--580},
	publisher = {Language Science Press},
	sortname = {Guldemann, Tom and Fiedler, Ines},
	title = {Predicate Partition for Predicate-Centred Focus and {{Meeussen}}’s {{Proto-{Bantu}}} “Advance Verb Construction”},
	year = {2022}
}

@incollection{GüldemannFiedler2019,
	address = {Berlin},
	author = {Güldemann, Tom and Fiedler, Ines},
	booktitle = {Grammatical Gender and Linguistic Complexity},
	volume = {1: {{General}} Issues and Specific Studies},
	editor = {Garbo, Francesca and Olsson, Bruno and Wälchli, Bernhard},
	pages = {95--145},
	publisher = {Language Science Press},
	sortname = {Guldemann, Tom and Fiedler, Ines},
	title = {{Niger}-{{{Congo}}} “Noun Classes” Conflate Gender with Deriflection},
	year = {2019}
}

@incollection{Güldemann2008,
	address = {Cambridge},
	author = {Güldemann, Tom},
	booktitle = {A Linguistic Geography of {{{Africa}}}},
	editor = {Heine, Bernd and Nurse, Derek},
	pages = {151--185},
	publisher = {Cambridge University Press},
	sortname = {Guldemann, Tom},
	title = {The {{Macro-{Sudan}}} Belt: {{Towards}} Identifying a Linguistic Area in {Northern} Sub-{{{Saharan} {Africa}}}},
	year = {2008}
}

@incollection{Güldemann2007,
	address = {Berlin},
	author = {Güldemann, Tom},
	booktitle = {Focus Strategies in {{{African}}} Languages},
	editor = {E. O. Aboh and Hartmann, K. and Zimmermann, Malte},
	pages = {83--112},
	publisher = {De Gruyter},
	sortname = {Guldemann, Tom},
	title = {Preverbal Objects and Information Structure in {{{Benue-}{Congo}}}},
	year = {2007}
}

@incollection{GuéroisFut,
	address = {Oxford},
	author = {Guérois, Rozenn},
	booktitle = {The {{{Oxford}}} Guide to the {{{Bantu}}} Languages},
	editor = {Marten, Lutz and Kula, Nancy C. and Hurst, Ellen and Zeller, Jochen},
	publisher = {Oxford University Press},
	sortname = {Guérois, Rozenn},
	title = {Passive Constructions},
	year = {2025}
}

@incollection{Gundel1988,
	address = {Amsterdam},
	author = {Gundel, Jeanette K.},
	booktitle = {Studies in Syntactic Typology},
	doi = {10.1075/tsl.17},
	editor = {Hammond, Michael and Moravcsik, Edith A. and Wirth, Jessica},
	pages = {209--242},
	publisher = {John Benjamins},
	title = {Universals of Topic-Comment Structure},
	year = {1988}
}

@misc{Grégoire1993,
	address = {Leiden},
	author = {Grégoire, Claire},
	booktitle = {Presented at the 23rd {Colloquium} on {African} {Languages and Linguistics}},
	langid = {french},
	sortname = {Gregoire, Claire},
	title = {L’ordre {{SOV}?} du {{Nen}}: {{{E}}}xception ou généralisation d’une tendance répandue en bantoue du nord-ouest},
	year = {1993}
}

@incollection{Grinevald2000,
	address = {Cambridge},
	author = {Grinevald, Colette},
	booktitle = {Systems of Nominal Classification},
	editor = {Senft, Gunther},
	pages = {50--92},
	publisher = {Cambridge University Press},
	title = {A Morphosyntactic Typology of Classifiers},
	year = {2000}
}

@incollection{Good2010,
	address = {Amsterdam},
	author = {Good, Jeff},
	booktitle = {The Expression of Information Structure: {{A}} Documentation of Its Diversity across {{{Africa}}}},
	editor = {Fiedler, Ines and Schwarz, Anne},
	pages = {35--68},
	publisher = {John Benjamins},
	title = {Topic and Focus Fields in {{{Naki}}}},
	date = {2010-03-24}
}

@incollection{Givón1984a,
	address = {Washington},
	author = {Givón, Talmy},
	booktitle = {Meaning, Form, and Use in Context: {{Linguistic}} Application},
	editor = {Schiffrin, Deborah},
	pages = {120--138},
	publisher = {Georgetown University},
	sortname = {Givon, Talmy},
	title = {The Pragmatics of Referentiality},
	year = {1984}
}

@incollection{Givón1984,
	address = {London and Orlando},
	author = {Givón, Talmy},
	booktitle = {Objects: {{Towards}} a theory of grammatical relations},
	editor = {Plank, Frans},
	pages = {151--182},
	publisher = {Academic Press},
	sortname = {Givon, Talmy},
	title = {Direct Object and {Dative} Shifting: {{S}}emantic and Pragmatic Case},
	year = {1984}
}

@incollection{Givón1976,
	address = {New York},
	author = {Givón, Talmy},
	booktitle = {Subject and Topic},
	editor = {Li, Charles},
	pages = {149--188},
	publisher = {Academic Press},
	sortname = {Givon, Talmy},
	title = {Topic, Pronoun and Grammatical Agreement},
	year = {1976}
}

@incollection{Givón1975,
	address = {Austin},
	author = {Givón, Talmy},
	booktitle = {Word Order and Word Order Change},
	editor = {Li, Charles N.},
	pages = {47--112},
	publisher = {University of Texas Press},
	sortname = {Givon, Talmy},
	title = {Serial Verbs and Syntactic Change: {{{Niger}-{Congo}}}},
	year = {1975}
}

@incollection{FrascarelliHinterhölzl2007,
	address = {Amsterdam},
	author = {Frascarelli, Mara and Hinterhölzl, Roland},
	booktitle = {On Information Structure, Meaning and Form},
	editor = {Schwabe, Kerstin and Winkler, Susanne},
	pages = {87--116},
	publisher = {John Benjamins},
	sortname = {Frascarelli, Mara and Hinterholzl, Roland},
	title = {Types of Topics in {{{German}}} and {{{Italian}}}},
	date = {2007-03-08}
}

@incollection{Fleisch2005,
	address = {Amsterdam},
	author = {Fleisch, Axel},
	booktitle = {Studies in {{{African}}} Linguistic Typology},
	editor = {Voeltz, Friedrich Karl Erhard},
	pages = {93--111},
	publisher = {John Benjamins},
	series = {64},
	title = {Agent Phrases in {{{Bantu}}} Passives},
	year = {2005}
}

@incollection{FiedlerEtAl2010,
	address = {Oxford},
	author = {Fiedler, Ines and Hartmann, Katharina and Reineke, Brigitte and Schwarz, Anne and Zimmermann, Malte},
	booktitle = {Information Structure: {{Theoretical}}, Typological and Experimental Perspectives},
	editor = {Zimmermann, Malte and Féry, Caroline},
	pages = {234--257},
	publisher = {Oxford University Press},
	title = {Subject Focus in {{{West} {African}}} Languages},
	year = {2010}
}

@incollection{FanselowĆavar2002,
	address = {Amsterdam},
	author = {Fanselow, Gisbert and Ćavar, Damir},
	booktitle = {Theoretical Approaches to Universals},
	editor = {Alexiadou, Artemis},
	pages = {65--107},
	publisher = {John Benjamins},
	sortname = {Fanselow, Gisbert and Cavar, Damir},
	title = {Distributed Deletion},
	year = {2002}
}

@incollection{Fanselow2013,
	address = {Berlin},
	author = {Fanselow, Gisbert},
	booktitle = {A {{{Festschrift}}} for {{Susan Olsen}}},
	doi = {doi:10.1524/9783050063799.11},
	editor = {Härtl, Holden},
	pages = {11--25},
	publisher = {Akademie Verlag},
	title = {Morphological Mismatches in Discontinuous Noun Phrases},
	year = {2013}
}

@incollection{DryerGensler2005,
	address = {Oxford},
	author = {Dryer, Matthew S. and Gensler, Orin D.},
	booktitle = {The {{World Atlas}} of {{Language Structures}}},
	editor = {Haspelmath, Martin and Dryer, Matthew S. and Gil, David and Comrie, Bernard},
	pages = {342--345},
	publisher = {Oxford University Press},
	title = {Order of Object, Oblique, and Verb},
	year = {2005}
}

@incollection{Dryer2013,
	address = {Leipzig},
	author = {Dryer, Matthew S.},
	booktitle = {The {{World Atlas}} of {{Language Structures Online}}.},
	editor = {Dryer, Matthew S. and Haspelmath, Martin},
	publisher = {Max Planck Institute for Evolutionary Anthropology. (Available online at http://wals.info/chapter/83, Accessed on 2022-02-11.)},
	title = {Order of {{Object}} and {{Verb}}.},
	year = {2013}
}

@incollection{DowningMarten2019,
	address = {London \& New York},
	author = {Downing, Laura J. and Marten, Lutz},
	booktitle = {The {{{Bantu}}} languages},
	edition = {2nd edition},
	editor = {Van de Velde, Mark and Bostoen, Koen and Nurse, Derek and Philippson, Gérard},
	pages = {270--307},
	publisher = {Routledge},
	series = {Routledge {{Language Family Series}}},
	title = {Clausal Morphosyntax and Information Structure},
	year = {2019}
}

@incollection{DowningHyman2016,
	address = {Oxford},
	author = {Downing, Laura J. and Hyman, Larry M.},
	booktitle = {The {{{Oxford}}} Handbook of Information Structure},
	editor = {Féry, Caroline and Ishihara, Shinichiro},
	pages = {790--813},
	publisher = {Oxford University Press},
	title = {Information Structure in {{{Bantu}}}},
	year = {2016}
}

@incollection{Devos2017,
	address = {Berlin},
	author = {Devos, Maud},
	booktitle = {The Conjoint/Disjoint Alternation in {{{Bantu}}}},
	editor = {van der Wal, Jenneke and Hyman, Larry M.},
	pages = {122--146},
	publisher = {Mouton de Gruyter},
	title = {Shangaji Paired Tenses: {{Emergene}} of a Conjoint/Disjoint System?},
	year = {2017}
}

@incollection{DestruelEtAl2015,
	address = {Berlin},
	author = {Destruel, Emilie and Velleman, Daniel and Onea, Edgar and Bumford, Dylan and Xue, Jingyang and Beaver, David},
	booktitle = {Experimental Perspectives on Presuppositions},
	editor = {Schwarz, Florian},
	pages = {135--156},
	publisher = {Springer},
	title = {A Cross-Linguistic Study of the Non-at-Issueness of Exhaustive Inferences},
	year = {2015}
}

@incollection{DenDikken2017,
	address = {London},
	author = {Den Dikken, Marcel},
	booktitle = {The {{Wiley {Blackwell} companion}} to {{syntax}}},
	edition = {2},
	editor = {Everaert, Martin and Riemsdijk, Henk},
	pages = {1--138},
	publisher = {Wiley-Blackwell},
	title = {Pseudoclefts and other specificational copular sentences},
	year = {2017}
}

@incollection{DenDikken2013,
	address = {Amsterdam},
	author = {Den Dikken, Marcel},
	booktitle = {Cleft Structures},
	editor = {Veenstra, Tonjes and Hartmann, Katharina},
	pages = {35--70},
	publisher = {John Benjamins},
	title = {Predication and Specification in the Syntax of Cleft Sentences},
	year = {2013}
}

@incollection{DenDikken2006,
	address = {Hoboken},
	author = {Den Dikken, Marcel},
	booktitle = {The {{{Blackwell} Companion}} to {{Syntax}}},
	doi = {10.1002/9780470996591.ch61},
	editor = {Everaert, Martin and van Riemsdijk, Henk},
	pages = {292--409},
	publisher = {John Wiley \& Sons, Ltd},
	title = {Specificational Copular Sentences and Pseudoclefts},
	year = {2006}
}

@incollection{Demuth1987,
	address = {Amsterdam},
	author = {Demuth, Katherine},
	booktitle = {Coherence and {{grounding}} in {{discourse}}},
	editor = {Tomlin, Russell S.},
	pages = {91--108},
	publisher = {John Benjamins},
	title = {Discourse Functions of Word Order in {{Sesotho}} Acquisition},
    series = {Typological Studies in Language}, 
    number = {11},
	year = {1987}
}

@incollection{Creissels2018,
	address = {Berlin},
	author = {Creissels, Denis},
	booktitle = {The Languages and Linguistics of {{{Africa}}}},
	doi = {10.1515/9783110421668-007},
	editor = {Güldemann, Tom},
	pages = {712--821},
	publisher = {Mouton de Gruyter},
	title = {Current Issues in {{{African}}} Morphosyntactic Typology},
	date = {2018-09-10}
}

@incollection{Creissels2017,
	address = {Berlin},
	author = {Creissels, Denis},
	booktitle = {The Conjoint/Disjoint Alternation in {{{Bantu}}}},
	editor = {van der Wal, Jenneke and Hyman, Larry M.},
	pages = {200--38},
	publisher = {Mouton de Gruyter},
	title = {The Conjoint/Disjoint Distinction in the Tonal Morphology of {{{Tswana}}}},
	year = {2017}
}

@incollection{CostaKula2008,
	address = {Amsterdam},
	author = {Costa, João and Kula, Nancy C.},
	booktitle = {The {{{Bantu}-{Romance}}} Connection},
	editor = {Cat, C. and Demuth, K.},
	pages = {293--322},
	publisher = {John Benjamins},
	sortname = {Costa, Joao and Kula, Nancy C.},
	title = {Focus at the Interface: {{{E}}}vidence from {{{Romance}}} and {{{Bantu}}}},
	year = {2008}
}

@incollection{ClementsRialland2008,
	address = {Cambridge},
	author = {Clements, George N. and Rialland, Annie},
	booktitle = {A Linguistic Geography of {{{Africa}}}},
	editor = {Heine, Bernd and Nurse, Derek},
	pages = {36--87},
	publisher = {Cambridge University Press},
	title = {{Africa} as a Phonological Area},
	year = {2008}
}

@incollection{Chomsky2015,
	address = {Amsterdam},
	author = {Chomsky, Noam},
	booktitle = {Structures, Strategies and Beyond: {{Studies}} in Honour of {{Adriana Belletti}}},
	editor = {Elisa Di Domenico and Cornelia Hamann and Simona Matteini},
	pages = {1--16},
	publisher = {Benjamins},
	title = {Problems of Projection: {{{E}}}xtensions},
	year = {2015}
}

@incollection{ChengDowning2013,
	address = {Amsterdam},
	author = {Cheng, Lisa L.-S. and Downing, Laura J.},
	booktitle = {Cleft structures},
	editor = {Hartmann, K. and Veenstra, T.},
	pages = {141--164},
	publisher = {John Benjamins},
	title = {Clefts in Durban {Zulu}},
	year = {2013}
}

@incollection{ChengDowning2012,
	address = {Cambridge},
	author = {Cheng, Lisa Lai-Shen and Downing, Laura J.},
	booktitle = {Contrasts and Positions in Information Structure},
	editor = {{Kučerová, Ivona} and {Neeleman, Ad}},
	pages = {247--266},
	publisher = {Cambridge University Press},
	title = {Against {{{FocusP}}}: {{Arguments}} from {{{Zulu}}}},
	year = {2012}
}

@incollection{Chafe1987,
	address = {Amsterdam},
	author = {Chafe, Wallace L.},
	booktitle = {Coherence and Grounding in Discourse},
	editor = {Tomlin, Russell},
	pages = {21--51},
	publisher = {John Benjamins},
	title = {Cognitive Constraints on Information Flow},
	year = {1987}
}

@incollection{Chafe1976,
	address = {New York},
	author = {Chafe, Wallace L.},
	booktitle = {Subject and Topic},
	editor = {Li, Charles N. and Thompson, Sandra A.},
	pages = {27--55},
	publisher = {Academic Press},
	title = {Givenness, Contrastiveness, Definiteness, Subjects, Topics and Point of View},
	year = {1976}
}

@incollection{CassimjeeKisseberth1999,
	address = {Tokyo},
	author = {Cassimjee, Farida and Kisseberth, Charles W.},
	booktitle = {Cross Linguistic Studies of Tonal Phenomena: {{Tonogenesis}}, Typology and Related Topics},
	editor = {Kaji, S.},
	pages = {261 287},
	publisher = {{Tokyo University of Foreign Studies. Institute for the Study of Languages and Cultures (ILCAA)}},
	title = {Tonal Variation across {{Emakhuwa}} Dialects},
	year = {1999}
}

@incollection{Büring2016,
	address = {Oxford},
	author = {Büring, Daniel},
	booktitle = {The {{Oxford}} Handbook of Information Structure},
	doi = {10.1093/oxfordhb/9780199642670.013.002},
	editor = {Féry, Caroline and Ishihara, Shinichiro},
	pages = {64--85},
	publisher = {Oxford University Press},
	sortname = {Buring, Daniel},
	title = {({{Contrastive}}) {{Topic}}},
	date = {2016-07-28}
}

@article{BostoenKoniMuluwa2021,
	author = {Bostoen, Koen and Koni Muluwa, Joseph},
	note = {Presented at the {{online}} workshop \emph{{Typological Perspectives on Focus Marking in {{{African}}} Languages}}},
	title = {The {{immediate before verb focus position}} in {{{West}-Coastal {Bantu}}}: Some comparative data},
	year = {2021}
}

@incollection{Blanche-Benvensite2002,
	address = {Bern},
	author = {Blanche-Benvensite, Claire},
	booktitle = {Macro-Syntaxe et Macro-Sémantique : {{Actes}} Du Colloque International d'{{Arhus}}},
	editor = {Andersen, Hanne L. and Nølke, Henning},
	pages = {95--118},
	publisher = {Peter Lang},
	title = {Macro-Syntaxe et Micro-Syntaxe : {{L}}es Dispositifs de {La} Rection Verbale},
	volume = {Sciences pour la communication},
	year = {2002}
}

@incollection{Biberauer2017,
	address = {Cambrdge, MA},
	author = {Biberauer, Theresa},
	booktitle = {The {{Final-Over-Final Condition}}: {A} Syntactic Universal},
	editor = {Sheehan, Michelle and Biberauer, Theresa and Roberts, Ian and Holmberg, Anders},
	pages = {187--296},
	publisher = {The MIT Press},
	title = {The {{Final-Over-Final Condition}} and Particles},
	year = {2017}
}

@incollection{BeermannAsiimweFut,
	address = {Oxford},
	author = {Beermann, Dorothee and Asiimwe, Allen},
	booktitle = {Approaches to Morphosyntactic Variation in {{{Bantu}}}},
	editor = {Bloom Ström, Eva-Marie and Guérois, Rozenn and Gibson, Hannah and Marten, Lutz},
	publisher = {Oxford University Press},
	title = {Locatives in {{Runyankore-Rukiga}}},
	year = {2024},
    pages = {273--290},
    DOI = {10.1093/oso/9780198821359.003.0010}
}

@incollection{Bearth2003,
	address = {London, New York},
	author = {Bearth, Thomas},
	booktitle = {The {{Bantu}} Languages},
	editor = {Nurse, Derek and Philippson, Gérard},
	pages = {121--142},
	publisher = {Routledge},
	title = {Syntax},
	year = {2003}
}

@incollection{Ariel2001,
	address = {Amsterdam},
	author = {Ariel, Mira},
	booktitle = {Text Representation: {{L}}inguistic and Psycholinguistic Aspects},
	editor = {Sanders, Ted and Schilperoord, Joost and Spooren, Wilbert},
	pages = {29--88},
	publisher = {John Benjamins},
	title = {Accessibility Theory: {An} Overview},
	year = {2001}
}

@incollection{Apothéloz2012,
	address = {Bern},
	author = {Apothéloz, Denis},
	booktitle = {Grammaire de la période},
	editor = {Alain Berrendonner},
	pages = {207--232},
	publisher = {Peter Lang},
	sortname = {Apotheloz, Denis},
	langid = {french},
	title = {Pseudo-clivées et constructions apparentées},
	year = {2012}
}

@incollection{Aissen2023,
	address = {Honolulu, HI},
	author = {Aissen, Judith},
	booktitle = {{Key} Topics in Language Documentation and Description},
	editor = {Jenks, Peter and Lev Michael},
	number = {26},
	pages = {11--57},
	publisher = {Department of Linguistics, UHM},
	series = {Language {{Documentation}} \& {{Conservation Special Publication}}},
	title = {Documenting Topic and Focus},
	url = {https://nflrc.hawaii.edu/ldc/sp26/},
	year = {2023}
}

@book{É.Kiss1995,
	address = {Oxford},
	author = {É. Kiss, Katalin},
	publisher = {Oxford University Press},
	sortname = {E. Kiss, Katalin},
	title = {Discourse configurational languages},
	year = {1995}
}

@book{vanderWalHyman2017,
	address = {Berlin},
	booktitle = {The Conjoint/Disjoint Alternation in {{{Bantu}}}},
	editor = {van der Wal, Jenneke and Hyman, Larry M.},
	publisher = {Mouton de Gruyter},
	title = {The Conjoint/Disjoint Alternation in {{{Bantu}}}},
	year = {2017}
}

@book{vanderWal2022,
	address = {Oxford},
	author = {van der Wal, Jenneke },
	publisher = {Oxford University Press},
	title = {A Featural Typology of {{{Bantu}}} Agreement},
	year = {2022}
}

@book{vanderWal2009a,
	address = {Utrecht},
	author = {van der Wal, Jenneke },
	publisher = {LOT},
	title = {Word order and information structure in {Makhuwa}-Enahara},
	year = {2009}
}

@book{Williamson1965,
	address = {Cambridge},
	author = {Williamson, Kay},
	publisher = {Cambridge University Press},
	series = {West {{African Mongraphs}} 2},
	title = {A Grammar of the {{Kolokuma}} Dialect of {{Ịjọ}}},
	year = {1965}
}

@book{Wilkendorf2001,
	address = {Yaoundé},
	author = {Wilkendorf, Patricia},
	publisher = {SIL Cameroon},
	title = {Sketch Grammar of {{Nomaánde}}: {{Sections}} 1-4},
	year = {2001}
}

@book{VandeVelde2008,
	address = {Berlin},
	author = {Van de Velde, Mark},
	publisher = {Walter de Gruyter},
	title = {A Grammar of {{Eton}}},
	year = {2008}
}

@book{Vallduví1992,
	address = {New York},
	author = {Vallduví, Enric},
	publisher = {Garland},
	sortname = {Vallduvi, Enric},
	title = {The {{informational component}}},
	year = {1992}
}

@book{Taylor1985,
	address = {London},
	author = {Taylor, Charles},
	publisher = {Croom Helm},
	title = {{Nkore-Kiga}},
	year = {1985}
}

@book{Stucky1985,
	address = {New York},
	author = {Stucky, Susan},
	publisher = {Garland Publishing},
	title = {Order in {{Makua}} Syntax},
	year = {1985}
}

@phdthesis{Stanley1997,
	address = {Paris},
	author = {Stanley, Carol},
	school = {Université de la Sorbonne Nouvelle},
	title = {Description {{Morpho-Syntaxique}} de {La} {La}ngue {{Tikar}} (Parlée Au {{Cameroun}})},
	year = {1997}
}

@book{SkopeteasEtAl2006,
	address = {Potsdam},
	author = {Skopeteas, Stavros and Fiedler, Ines and Hellmuth, Samantha and Schwarz, Anne and Stoel, Ruben and Fanselow, Gisbert and Féry, Caroline and Krifka, Manfred},
	number = {4},
	publisher = {University of Potsdam},
	series = {Interdisciplinary {{Studies}} on {{Information Structure}}},
	sortname = {Skopeteas, Stavros and Fiedler, Ines and Hellmuth, Samantha and Schwarz, Anne and Stoel, Ruben and Fanselow, Gisbert and Fery, Caroline and Krifka, Manfred},
	title = {Questionnaire on {Information Structure} {QUIS}},
	year = {2006}
}

@book{SitoeNgunga2000,
	address = {Maputo},
	author = {Sitoe, Bento and Ngunga, Armindo},
	langid = {portuguese},
	publisher = {NELIMO},
	title = {Relatório do {II} seminário sobre a padronização da ortografia de línguas Moçambicanas},
	year = {2000}
}

@book{SheehanEtAl2017,
	address = {Cambridge, MA},
	author = {Sheehan, Michelle and Biberauer, Theresa and Roberts, Ian and Holmberg, Anders},
	publisher = {The MIT Press},
	title = {The Final-over-Final Condition: {{A}} Syntactic Universal},
	year = {2017}
}

@book{SchadebergMucanheia2000,
	address = {Cologne},
	author = {Schadeberg, Thilo C. and Mucanheia, Francisco Ussene},
	publisher = {Rüdiger Köppe Verlag},
	title = {Ekoti: {{T}}he {Maka} or {Swahili} language of {Angoche}},
	year = {2000}
}

@book{Roubaud2000,
	address = {Paris},
	author = {Roubaud, Marie-Noëlle},
	publisher = {Champion},
	title = {Les Constructions Pseudo-Clivées En Français Contemporain},
	year = {2000}
}

@book{Roberts2019,
	address = {Oxford},
	author = {Roberts, Ian G.},
	publisher = {Oxford University Press},
	title = {Parameter Hierarchies and {{Universal Grammar}}},
	year = {2019}
}

@book{RenansEtAl2010,
	address = {Potsdam},
	author = {Renans, Agata and Zimmermann, Malte and Greif, Markus},
	publisher = {Universitätsverlag Potsdam},
	series = {Interdisciplinary Studies on Information Structure: {{ISIS}}; Working Papers of the {{SFB}} 632-15},
	title = {Questionnaire on Focus Semantics},
	url = {https://publishup.uni-potsdam.de/frontdoor/index/index/docId/4714},
	year = {2010}
}

@book{Reinhart2006,
	address = {Cambridge, MA},
	author = {Reinhart, Tanya},
	publisher = {MIT Press},
	title = {Interface strategies},
	year = {2006}
}

@book{Pozdniakov2018,
	author = {Pozdniakov, Konstantin},
	title = {{The} numeral system of {Proto}-{Niger}-{Congo}},
	subtitle = {A step-by-step reconstruction},
	year = {2018},
	series = {Niger-Congo Comparative Studies},
	number = {2},
	address = {Berlin},
	publisher = {Language Science Press},
	doi = {10.5281/zenodo.1311704}
}

@book{PiresPrata1990,
	address = {Lisbon},
	author = {Pires Prata, P. António},
	langid = {portuguese},
	publisher = {Instituto de Investigação Tropical},
	sortname = {Pires Prata, P. Antonio},
	title = {Dicionário Macua-{Português}},
	year = {1990}
}

@book{PiresPrata1973,
	address = {Cucujães},
	author = {Pires Prata, P. António},
	langid = {portuguese},
	publisher = {Sociedade Missionária Portuguesa},
	sortname = {Pires Prata, P. Antonio},
	title = {Dicionário {Português}-Macua},
	year = {1973}
}

@book{PiresPrata1960,
	address = {Cucujães},
	author = {Pires Prata, P. António},
	langid = {portuguese},
	publisher = {Sociedade missionária Portuguesa},
	sortname = {Pires Prata, P. Antonio},
	title = {Gramática da lingua Macua e seus dialectos},
	year = {1960}
}

@book{Persohn2020,
	author = {Persohn, Bastian},
	title = {The verb in {Nyakyusa}},
	subtitle = {A focus on tense, aspect, and modality},
	year = {2020},
	series = {Contemporary African Linguistics},
	number = {2},
	address = {Berlin},
	publisher = {Language Science Press},
	doi = {10.5281/zenodo.4287412}
}

@book{Paulian1975,
	address = {Paris},
	author = {Paulian, Christiane},
	langid = {french},
	publisher = {SELAF},
	title = {{Le} kukuya: {{L}}angue teke du {{Congo}}},
	year = {1975}
}

@book{Ott2012,
	address = {Berlin, Boston},
	author = {Ott, Dennis C.},
	publisher = {De Gruyter},
	title = {Local {{Instability}}: {{Split Topicalization}} and {{Quantifier Float}} in {{{German}}}},
	url = {https://doi.org/10.1515/9783110290950},
	year = {2012}
}

@book{Odden1996,
	address = {Oxford, New York},
	author = {Odden, David},
	publisher = {Oxford University Press},
	title = {The Phonology and Morphology of {{Kimatuumbi}}},
	date = {1996-01-11}
}

@book{Ntahokaja1994,
	address = {Bujumbura},
	author = {Ntahokaja, Jean-Baptiste},
	publisher = {ACCT},
	title = {Grammaire Structurale Du Kirundi},
	year = {1994}
}

@book{Nicolae2019,
	address = {Oxford},
	author = {Nicolae, Alexandru},
	publisher = {Oxford University Press},
	title = {Word {{Order}} and {{Parameter Change}} in {{{Romanian}}}: {{A Comparative {Romance} Perspective}}},
	year = {2019}
}

@book{Nhantumbo2005,
	address = {Maputo},
	author = {Nhantumbo, Nelsa},
	langid = {portuguese},
	publisher = {Monografia de licenciatura, Universidade Eduardo Mondlane},
	title = {A morfofonologia da marca do passado em Copi},
	year = {2005}
}

@book{NgungaFaquir2011,
	address = {Maputo},
	author = {Ngunga, Armindo and Faquir, Osvaldo},
	number = {3},
	publisher = {Centro de Estudos Africanos, Universidade Eduardo Mondlane},
	series = {As Nossas Línguas},
	title = {Padronização da ortografia de línguas Moçambicanas: {{R}}elatório do {III} seminário},
	year = {2011}
}

@book{Ndoleriire2020,
	address = {Kampala},
	author = {Ndoleriire, Oswald},
	publisher = {Makerere University Press},
	title = {Runyakitara Language Studies: {{A}} guide for advanced learners and teachers of {Runyakitara}},
	year = {2020}
}

@book{Myers1990,
	address = {New York},
	author = {Myers, Scott},
	publisher = {Garland},
	title = {Tone and the Structure of Words in {{{Shona}}}},
	year = {1990}
}

@book{MwangokaVoorhoeve1960,
	address = {Leiden},
	author = {Mwangoka, Ngapona and Voorhoeve, Jan},
	publisher = {Rijksuniversiteit Leiden},
	title = {Cursus Ki-{Nyakyusa}},
	year = {1960}
}

@book{MorrisKirwan1972,
	address = {Kampala},
	author = {Morris, Henry Francis and Kirwan, Brian Edmond R.},
	publisher = {East Africa Literature Bureau},
	title = {Runyankore grammar},
	year = {1972}
}

@book{MoretonNjock1968,
	address = {Washington, DC},
	author = {Moreton, Rebecca L. and Njock, H. M. Bôt Ba},
	publisher = {Center for Applied Linguistics},
	title = {{Cameroon} {{Basaa}}},
	year = {1968}
}

@book{NdongaMfuwa1995,
	address = {Paris},
	author = {Ndonga Mfuwa, {Manuel}},
	langid = {french},
	publisher = {Université René Descartes},
	title = {Systématique grammaticale du kisikongo ({Angola})},
	year = {1995}
}

@book{Merchant2001,
	address = {Oxford},
	author = {Merchant, Jason},
	publisher = {Oxford University Press},
	title = {The Syntax of Silence: {Sluicing}, Islands, and the Theory of Ellipsis},
	year = {2001}
}

@book{Meeussen1959,
	address = {Tervuren},
	author = {Meeussen, Achille Emile},
	publisher = {Annales du Musée Royal du Congo Belge},
	title = {Essai de {{grammaire {rundi}}}},
	year = {1959}
}

@book{Mchombo2004,
	address = {Cambridge},
	author = {Mchombo, Sam A.},
	publisher = {Cambridge University Press},
	title = {The Syntax of {{{Chichewa}}}},
	year = {2004}
}

@book{Matos1974,
	address = {Lisbon},
	author = {de Matos, P. Alexandre Valente},
	langid = {portuguese},
	publisher = {Junta de Investigações Científicas do Ultramar},
	title = {Dicionário {Português}-Macua},
	year = {1974}
}

@book{Lyons1999,
	address = {Cambridge},
	author = {Lyons, Christopher},
	publisher = {Cambridge University Press},
	title = {Definiteness},
	year = {1999}
}

@book{LoT2009,
	address = {Dar es Salaam},
	author = {{Languages of Tanzania Project (LoT)}},
	langid = {swahili},
	publisher = {University of Dar es Salaam},
	shortauthor = {LoT},
	sortname = {{Languages of Tanzania Project (LoT)}},
	title = {Atlasi ya lugha za {Tanzania}},
	year = {2009}
}

@book{Lindblom1914,
	address = {Munich},
	author = {Lindblom, Gerhard},
	publisher = {LINCOM},
	title = {Outlines of a {{{Tharaka}}} Grammar: {{With}} a List of Words and Specimens of the Language},
	year = {1914}
}

@book{Levinson2000,
	address = {Cambridge, MA},
	author = {Levinson, Stephen C.},
	doi = {10.7551/mitpress/5526.001.0001},
	publisher = {MIT Press},
	shorttitle = {Presumptive Meanings},
	title = {Presumptive Meanings: {The} Theory of Generalized Conversational Implicature},
	date = {2000-04-24}
}

@book{Lambrecht1994,
	address = {Cambridge},
	author = {Lambrecht, Knud},
	doi = {10.1017/CBO9780511620607},
	publisher = {Cambridge University Press},
	shorttitle = {Information {{Structure}} and {{Sentence Form}}},
    series = {Cambridge Studies in Linguistics},
    number = {71},
	title = {Information Structure and Sentence Form: {{Topic}}, Focus, and the Mental Representations of Discourse Referents},
	year = {1994}
}

@book{Kimenyi1980,
	address = {Berkeley},
	author = {Kimenyi, Alexandre},
	publisher = {University of California Press},
	title = {A Relational Grammar of {{{Kinyarwanda}}}},
	url = {https://nla.gov.au/nla.cat-vn2992546},
	year = {1980}
}

@book{Kayne1994,
	address = {Cambridge, MA},
	author = {Kayne, Richard S.},
	publisher = {The MIT Press},
	title = {The {{Antisymmetry}} of {{Syntax}}},
	year = {1994}
}

@book{Karttunen1968,
	address = {Santa Monica, CA},
	author = {Karttunen, Lauri},
	publisher = {Rand Corporation},
	title = {What do referential indices refer to?},
	year = {1968}
}

@book{Julien2002,
	address = {Oxford},
	author = {Julien, Marit},
	publisher = {Oxford University Press},
	title = {Syntactic Heads and Word Formation},
	year = {2002}
}

@book{Jespersen1937,
	address = {Copenhagen},
	author = {Jespersen, Otto},
	publisher = {{Levin and Munksgaard}},
	title = {Analytic Syntax},
	year = {1937}
}

@book{Ittmann1978,
	address = {Douala, Cameroun},
	author = {Ittmann, Johannes},
	publisher = {Collège Libermann},
	title = {Grammaire Du Duala},
	year = {1978}
}

@book{Higgins2015,
	address = {Cambridge MA},
	author = {Higgins, Francis Roger},
	eprint = {LrsBCgAAQBAJ},
	publisher = {Routledge},
	title = {The Pseudo-Cleft Construction in {{{English}}}},
	date = {2015-06-26}
}

@book{Higgins1979,
	address = {New York},
	author = {Higgins, Francis Roger},
	publisher = {Garland},
	title = {The Pseudo-Cleft Construction in {{{English}}}},
	year = {1979}
}

@book{HeineTraugott1991,
	address = {Amsterdam},
	author = {Heine, Bernd and Traugott, Elizabeth C.},
	number = {19},
	publisher = {John Benjamins},
	series = {Typological {{Studies}} in {{Language}}},
	title = {Approaches to Grammaticalization},
	volume = {1: {{Theoretical}} and Methodological Issues},
	year = {1991}
}

@book{HeineEtAl2004,
	address = {Cambridge},
	author = {Heine, Bernd and Tania Kuteva},
	publisher = {Cambridge University Press},
	title = {World Lexicon of Grammaticalization},
	year = {2004}
}

@book{Heine1997,
	address = {Oxford},
	author = {Heine, Bernd},
	publisher = {Oxford University Press},
	title = {Cognitive Foundations of Grammar},
	year = {1997}
}

@book{Heine1984,
	address = {Hamburg},
	author = {Heine, B. and M. Reh},
	publisher = {Helmut Buske},
	title = {Grammaticalization and Reanalysis in {{{African}}} Languages},
	year = {1984}
}

@book{Heine1976,
	address = {Berlin},
	author = {Heine, Bernd},
	publisher = {Dietrich Reimer},
	title = {A Typology of {{{African}}} Languages Based on the Order of Meaningful Elements},
	year = {1976}
}

@book{Hawkins1983,
	address = {New York},
	author = {Hawkins, John},
	publisher = {Academic Press},
	title = {Word Order Universals},
	year = {1983}
}

@book{HarrisCampbell1995,
	address = {Cambridge},
	author = {Harris, Alice C. and Campbell, Lyle},
	publisher = {Cambridge University Press},
	title = {Historical Syntax in Cross Linguistic Perspective},
	year = {1995}
}

@book{HammarströmEtAl2022,
	address = {Leipzig},
	annotation = {Published: Max Planck Institute for Evolutionary Anthropology},
	author = {Hammarström, Harald and Forkel, Robert and Haspelmath, Martin and Bank, Sebastian},
	doi = {10.5281/zenodo.7398962},
	publisher = {Max Planck Institute for Evolutionary Anthropology},
	sortname = {Hammarstrom, Harald and Forkel, Robert and Haspelmath, Martin and Bank, Sebastian},
	title = {Glottolog 4.7},
	url = {https://glottolog.org/},
	year = {2022}
}

@book{Haider2013,
	address = {Cambridge},
	author = {Haider, Hubert},
	publisher = {Cambridge University Press},
	title = {Symmetry Breaking in Syntax},
	year = {2013}
}

@book{Haider2010,
	address = {Cambridge},
	author = {Haider, Hubert},
	publisher = {Cambridge University Press},
	title = {The Syntax of {{{German}}}},
	year = {2010}
}

@incollection{Güldemann2010,
	address = {Amsterdam},
	author = {Güldemann, Tom},
    publisher = {John Benjamins},
	title = {The Relation between Focus and Theticity in the {{Tuu}} Family},
	editor = {Fiedler, Ines and Schwarz, Anne},
    booktitle = {The {{expression}} of {{information structure}}: {{A documentation}} of {{its diversity across Africa}}},
    pages= {69-94},
    year = {2010}
}

@book{Guthrie1948,
	address = {Oxford},
	author = {Guthrie, Malcolm},
	publisher = {Oxford University Press for The International Africa Institute},
	title = {The Classification of the {{{Bantu}}} Languages},
	year = {1948}
}

@phdthesis{Gundel1974,
	address = {Austin, TX},
	author = {Gundel, Jeanette K.},
	school = {University of Texas at Austin},
	title = {The Role of {{Topic}} and {{Comment}} in Linguistic Theory},
	year = {1974}
}

@book{Gregoire1975,
	address = {Tervuren},
	author = {Grégoire, Claire},
	langid = {french},
	publisher = {Musée royal de l’Afrique centrale},
	title = {Les locatifs en bantou},
	year = {1975}
}

@book{Givón2001,
	address = {Amsterdam},
	author = {Givón, Talmy},
	publisher = {John Benjamins},
	sortname = {Givon, Talmy},
	title = {Syntax: {{An}} introduction},
	volume = 2,
	year = {2001}
}

@book{Givón1990,
	address = {Amsterdam},
	author = {Givón, Talmy},
	publisher = {John Benjamins},
	sortname = {Givon, Talmy},
	title = {Syntax: {A} functional typological introduction},
	volume = {2},
	year = {1990}
}

@book{Givón1983,
	address = {Amsterdam},
	booktitle = {Topic Continuity in Discourse: {A} Quantitative Cross-Language Study},
	editor = {Givón, Talmy},
	publisher = {John Benjamins},
	sortname = {Givon, Talmy},
	title = {Topic Continuity in Discourse: {A} Quantitative Cross-Language Study},
	year = {1983}
}

@book{Felberg1996,
	address = {Dar es Salaam},
	author = {Felberg, Knut},
	publisher = {Mkuki na Nyota Publishers},
	title = {Kinyakyusa-{English}-{Swahili} dictionary},
	year = {1996}
}

@book{Erteschik-Shir2007,
	address = {Oxford},
	author = {Erteschik-Shir, Nomi},
	publisher = {Oxford University Press},
	title = {Information Structure: {{The}} Syntax-Discourse Interface},
	year = {2007}
}

@book{Erteschik-Shir1997,
	address = {Cambridge},
	author = {Erteschik-Shir, Nomi},
	publisher = {Cambridge University Press},
	title = {The Dynamics of Focus Structure},
	year = {1997}
}

@book{EbertHinterwimmer2012,
	address = {Dordrecht},
	editor = {Ebert, Cornelia and Hinterwimmer, Stefan},
	publisher = {Springer},
	title = {Different Kinds of Specificity across Languages},
	number = {92},
	series = {Studies in Linguistics and Philosophy},
	year = {2012}
}

@book{EberhardEtAl2022,
	address = {Dallas, Texas},
	booktitle = {{Ethnologue}: {{Languages}} of the {{World}}},
	edition = 25,
	editor = {Eberhard, David M. and Simons, Gary F. and Fennig, Charles D.},
	publisher = {SIL International},
	title = {{Ethnologue}: {{Languages}} of the {{World}}},
	year = {2022}
}

@book{EberhardEtAl2020,
	address = {Dallas, Texas},
	booktitle = {{Ethnologue}: {{Languages}} of the {{World}}},
	edition = 23,
	editor = {Eberhard, David M. and Simons, Gary F. and Fennig, Charles D.},
	publisher = {SIL International},
	title = {{Ethnologue}: {{Languages}} of the {{World}}},
	year = {2020}
}

@book{Dugast1975,
	address = {Paris},
	author = {Dugast, Idelette},
	publisher = {Société d'études linguistiques et anthropologiques de France},
	title = {Contes, Proverbes et Devinettes Des {{Banen}}: {{Sud-Ouest}} Du {{Cameroun}}},
	year = {1975}
}

@book{Dugast1971,
	address = {Paris},
	author = {Dugast, Idelette},
	publisher = {Éd. Klincksieck},
	title = {Grammaire Du {{{Tunen}}}},
	year = {1971}
}

@book{Dugast1967,
	address = {Paris},
	author = {Dugast, Idelette},
	publisher = {Librarie Klincksieck},
	title = {Lexique de {La} {La}ngue {{{Tunen}}} (Parler Des {{Banen}} Du {{Sud-Ouest}} Du {{Cameroun}})},
	volume = {2},
	year = {1967}
}

@book{Dugast1960,
	address = {Paris},
	author = {Dugast, Idelette},
	publisher = {Institut d'ethnologie Paris},
	title = {Monographie de {La} Tribu Des {{Ndiki}} ({{Banen}} Du {{Cameroun}})},
	volume = {2: Vie sociale et familiale},
	year = {1960}
}

@book{Dugast1955,
	address = {Paris},
	author = {Dugast, Idelette},
	publisher = {Institut d'ethnologie Paris},
	title = {Monographie de {La} Tribu Des {{Ndiki}} ({{Banen}} Du {{Cameroun}})},
	volume = {1: Vie matérielle},
	year = {1955}
}

@book{DosSantos1941,
	address = {Lourenço Marques},
	author = {Dos Santos, Luiz Feliciano},
	langid = {portuguese},
	publisher = {Imprensa Nacional de Moçambique},
	title = {Gramática da língua chope},
	year = {1941}
}

@book{Dik1997,
	address = {Berlin/New York},
	author = {Dik, Simon C.},
	publisher = {de Gruyter},
	title = {The Theory of {{Functional Grammar}}},
	year = {1997}
}

@book{Devos2008,
	address = {Munich},
	author = {Devos, Maud},
	number = {71},
	publisher = {LINCOM Europa},
	title = {A grammar of {Makwe}},
	year = {2008}
}

@book{Declerck1988,
	address = {Berlin},
	author = {Declerck, Renaat},
	publisher = {Walter de Gruyter},
	title = {Studies on Copular Sentences, Clefts, and Pseudo-Clefts},
	year = {1988}
}

@book{DalrympleNikolaeva2011,
	address = {Cambridge},
	author = {Dalrymple, Mary and Nikolaeva, Irina},
	publisher = {Cambridge University Press},
	title = {Objects and Information Structure},
	year = {2011}
}

@book{Croft1991,
	address = {Chicago},
	author = {Croft, William},
	publisher = {University of Chicago Press},
	title = {Syntactic Categories and Grammatical Relations: {{The}} Cognitive Organization of Information},
	year = {1991}
}

@book{ContosMacuas1992,
	address = {Maputo},
	langid = {portuguese},
	publisher = {Associação dos Amigos da Ilha de Moçambique},
	title = {Contos Macuas},
	year = {1992}
}

@book{Claudi1993,
	address = {Köln},
	author = {Claudi, Ulrike},
	publisher = {Universität zu Köln},
	title = {Die {{Stellung}} von {{Verb}} Und {{Objekt}} in {{{Niger}-Kongo-{Sprachen}}}: {{Ein {Beitrag}}} Zur {{{Rekonstruktion}}} Historischer {{Syntax}}},
	year = {1993}
}

@book{Chomsky1995,
	address = {Cambridge, MA},
	author = {Chomsky, Noam},
	publisher = {The MIT Press},
	title = {The {Minimalist} Program},
	year = {1995}
}

@article{ChengKisseberth1982,
	address = {Illinois},
	author = {Cheng, Chin-Chuan and Kisseberth, Charles W.},
	journal = {Studies in the Linguistic Sciences},
	title = {Tone-Bearing Nasals in {{Makua}}},
	year = {1982},
    volume = {12},
    number = {1},
    pages = {123-139}
}

@book{Chafe1994,
	address = {Chicago},
	author = {Chafe, Wallace},
	publisher = {Chicago University Press},
	title = {Discourse, Consciousness, and Time},
	year = {1994}
}

@book{Centis2001,
	address = {Achilo},
	author = {Centis, Gino},
	publisher = {Centro Catequético Paulo VI},
	title = {Método Macua},
	year = {2001}
}

@incollection{Carstens2008,
	address = {Amsterdam},
	publisher = {John Benjamins},
	author = {Carstens, Vicki},
	title = {{{{DP}}} in {{{Bantu}}} and {{{Romance}}}},
	booktitle = {The {Bantu–Romance} Connection: A comparative investigation of verbal agreement, {DPs}, and information structure},
	pages = {131--165},
	editor = {De Cat, Cécile and Katherine Demuth},
	series = {Linguistik Aktuell/Linguistics Today},
	number = {131},
	year = {2008}
}

@book{CABTAL2019,
	address = {Yaoundé},
	author = {{CABTAL}},
	publisher = {Association Camerounaise pour la Traduction de la Bible et l'Alphabétisation (CABTAL)},
	title = {Hɛtɔnyɛ́ Hiɔ́sɔ [{Le} {Nouveau} {Testament} En Langue Tunen]},
	year = {2019}
}

@book{ByramWashburn2013,
	address = {Los Angeles},
	author = {Byram Washburn, Mary},
	publisher = {University of Southern California. (Doctoral dissertation.)},
	title = {Narrowing the Focus: {{Experimental}} Studies in Exhaustivity and Contrast},
	year = {2013}
}

@book{BogersEtAl2016,
	address = {Berlin},
	author = {Bogers, Koen and van der Hulst, Harry and Mous, Maarten},
	publisher = {de Gruyter},
        place = {Berlin},
	title = {The Phonological Representation of Suprasegmentals: {{Studies}} on {{{African}}} Languages Offered to {{{John} M}}. {{{Stewart}}} on His 60th Birthday},
	volume = {4},
	year = {2016}
}

@book{Bibliasolempwasowarya1999,
	address = {Nampula},
	publisher = {Centro Catequético Paulo VI},
	title = {Biblia solempwa sowarya},
	year = {1999}
}

@book{Belika2015,
	address = {London},
	author = {Belika, Léopold Molel},
	publisher = {Éditions universitaires européennes},
	sortname = {Belika, Leopold Molel},
	title = {{La} Notion de Personne Humaine Chez Les {{Banen}} Du {{Cameroun}}},
	year = {2015}
}

@book{BeaverClark2008,
	address = {Oxford},
	author = {Beaver, David and Clark, Brady},
	publisher = {Wiley-Blackwell},
	series = {Explorations in {{Semantics}}},
	title = {Sense and Sensitivity: {{How}} Focus Determines Meaning},
	year = {2008}
}

@book{Ariel1990,
	address = {London},
	author = {Ariel, Mira},
	publisher = {Routledge},
	title = {Accessing Noun-Phrase Antecedents},
	year = {1990}
}

@book{Afido1997,
	address = {Maputo},
	author = {Afido, Pedro J.},
	langid = {portuguese},
	publisher = {Associação dos Amigos da Ilha de Moçambique},
	title = {Olavula Emakhuwa},
	year = {1997}
}

@article{Šimík2018,
	author = {Šimík, Radek},
	issue = {2},
	journal = {Proceedings of Sinn und Bedeutung},
	number = {2},
	pages = {375--392},
	sortname = {Simik, Radek},
	title = {Ever Free Relatives Crosslinguistically},
	volume = {22},
	year = {2018}
}

@article{É.Kiss1998,
	author = {É. Kiss, Katalin},
	journal = {Language},
	number = {2},
	pages = {245--273},
	sortname = {E. Kiss, Katalin},
	title = {Identificational Focus versus Information Focus},
	volume = {74},
	year = {1998}
}

@article{vonHeusinger2002,
	author = {von Heusinger, Klaus},
	journal = {Journal of semantics},
	number = {3},
	pages = {245--274},
	publisher = {Oxford University Press},
	title = {Specificity and Definiteness in Sentence and Discourse Structure},
	volume = {19},
	year = {2002}
}

@article{vonFintel2008,
	author = {von Fintel, Kai},
	journal = {Philosophical Perspectives},
	number = {1},
	pages = {137--170},
	title = {What Is Presupposition Accommodation, Again?},
	volume = {22},
	year = {2008}
}

@article{vanderWalVeenstra2015,
	author = {van der Wal, Jenneke and Veenstra, Tonjes},
	journal = {Folia {Linguistica}},
	number = {1},
	pages = {85--116},
	title = {The Long and Short of Verb Alternations in {{Mauritian {Creole}}} and {{{Bantu}}} Languages},
	volume = {49},
	year = {2015}
}

@article{vanderWalManiacky2015,
	author = {van der Wal, Jenneke and Maniacky, Jacky},
	doi = {10.1515/ling-2014-0033},
	journal = {Linguistics},
	number = {1},
	pages = {1--52},
	shorttitle = {How ‘Person’ Got into Focus},
	title = {How ‘Person’ Got into Focus: {{Grammaticalization}} of Clefts in {{{Lingala}}} and {{{Kikongo}}} Areas},
	volume = {53},
	date = {2015-01-01}
}

@article{vanderWalLusekelo2022,
	author = {van der Wal, Jenneke and Lusekelo, Amani},
	journal = {Studies in African Linguistics},
	number = {2},
	pages = {324--346},
	title = {The {{V}} and {{{CV}}} Augment in {{Kinyakyusa}} and Exhaustivity},
	volume = {51},
	year = {2022}
}

@article{vanderWalAsiimwe2020,
	author = {van der Wal, Jenneke and Asiimwe, Allen},
	journal = {Studies in African Linguistics},
	number = {1},
	pages = {43--59},
	title = {The Tonal Residue of the Conjoint/Disjoint Alternation in {{Rukiga}}},
	volume = {49},
	year = {2020}
}

@article{vanderWal2021,
	author = {van der Wal, Jenneke },
	journal = {Semantic Field Methods},
	number = {2},
	title = {On the Use of Idioms for Testing Focus},
	volume = {3},
	year = {2021}
}

@article{vanderWal2016,
	author = {van der Wal, Jenneke },
	doi = {10.1075/sl.40.2.01van},
	journal = {Studies in Language},
	number = {2},
	pages = {259--301},
	shortjournal = {SL},
	title = {Diagnosing Focus},
	volume = {40},
	date = {2016-07-01}
}

@article{vanderWal2012a,
	author = {van der Wal, Jenneke },
	journal = {Cambridge Occasional Papers in Linguistics},
	pages = {201--236},
	title = {Subject Agreement and the {{{EPP}}} in {{{Bantu} Agreeing Inversion}}},
	volume = {6},
	year = {2012}
}

@article{vanderWal2012,
	author = {van der Wal, Jenneke },
	doi = {10.2143/AL.18.0.2959606},
	journal = {Africana {Linguistica}},
	pages = {235--259},
	title = {Space, Time, Condition},
        doi = {10.2143/AL.18.0.2959606},
	volume = {18},
	year = {2012}
}

@article{vanderWal2011,
	author = {van der Wal, Jenneke },
	doi = {10.1016/j.lingua.2010.10.013},
	journal = {Lingua},
	number = {11},
	pages = {1734--1750},
	shortjournal = {Lingua},
	shorttitle = {Focus Excluding Alternatives},
	title = {Focus Excluding Alternatives: {{C}}onjoint/Disjoint Marking in {{{Makhuwa}}}},
	volume = {121},
	date = {2011-09}
}

@article{vanderWal2010a,
	author = {van der Wal, Jenneke},
	journal = {Journal of African Languages and Linguistics},
	number = {2},
	pages = {205--231},
	title = {The {{{Makhuwa}}} Non-Subject Relative as a Participial Modifier},
	volume = {31},
	year = {2010}
}

@article{vanderWal2010,
	author = {van der Wal, Jenneke },
	journal = {Africana {Linguistica}},
	pages = {183--213},
	title = {Functions of Demonstratives in {{{Makhuwa}}} Narratives},
	volume = {XVI},
	year = {2010}
}

@incollection{vanderWal2006,
	author = {van der Wal, Jenneke },
	title = {Predicative tone lowering in {Makhuwa}},
	editor = {van de Weijer, Jeroen and Los, Bettelou},
	booktitle = {Linguistics in the Netherlands 2006},
	pages = {224--236},
	title = {Predicative tone lowering in {Makhuwa}},
	doi = {10.1075/avt.23.22wal},
	publisher = {John Benjamins},
	location = {Amsterdam},
	year = {2006}
}

@incollection{vanderHulstEtAl1986,
    address = {Dordrecht},
	author = {van der Hulst, Harry and Mous, Maarten and Smith, Norval},
	booktitle = {Linguistics in the {Netherlands} 1986},
    editor = {Beukeman, Frits and Hulk, Aafke},
	pages = {105-122},
	title = {The Autosegmental Analysis of Reduced Vowel Harmony Systems: {{T}}he Case of {{{Tunen}}}},
	year = {1986},
    publisher = {Foris}
}

@article{ZimmermannOnea2011,
	author = {Zimmermann, Malte and Onea, Edgar},
	journal = {Lingua},
	number = {11},
	pages = {1651--1670},
	title = {Focus Marking and Focus Interpretation},
	volume = {121},
	year = {2011}
}

@article{Zerbian2006a,
	author = {Zerbian, Sabine},
	journal = {Southern African Linguistics and Applied Language Studies},
	pages = {361--376},
	title = {Inversion Structures in {{{Northern} {Sotho}}}},
	volume = {24 (3)},
	year = {2006}
}

@article{Zeller2013a,
	author = {Zeller, Jochen},
	journal = {Linguistics},
	number = {51},
	pages = {1107--46},
	title = {Locative Inversion in {{{Bantu}}} and Predication},
	volume = {6},
	year = {2013}
}

@article{Yoneda2011,
	author = {Yoneda, Nobuko},
	doi = {10.1016/j.lingua.2010.11.008},
	journal = {Lingua},
	number = {5},
	pages = {754--771},
	shortjournal = {Lingua},
	shorttitle = {Word Order in {{Matengo}} ({{N13}})},
	title = {Word Order in {{Matengo}} ({{N13}}): {{Topicality}} and Informational Roles},
	volume = {121},
	date = {2011-04-01}
}

@article{Williamson1986,
	author = {Williamson, Kay},
	journal = {Journal of West African Languages},
	pages = {5-14},
	title = {{Niger}-{{{Congo}}}: {{{SVO}}} or {{{SOV}}}?},
	volume = {XVI},
        number = {1},
	year = {1986}
}

@article{Wilkinson1975,
	author = {Wilkinson, Robert W},
	journal = {Language},
	pages = {561--575},
	title = {{Tunen} Tone Changes and Derived Phonological Contrast},
	volume = {51},
    number = {3},
	year = {1975}
}

@article{VandeVelde2022,
	author = {Van de Velde, Mark},
	journal = {Linguistics},
	number = {3},
	pages = {899--931},
	title = {The {{{AMAR}}} Mechanism: {{N}}ominal Expressions in the {{{Bantu}}} Languages Are Shaped by Apposition and Reintegration},
	volume = {60},
	year = {2022}
}

@incollection{VandeVelde2005,
    author = {Van de Velde, Mark},
    title = {The Order of Noun and Demonstrative in {Bantu}},
    booktitle = {Studies in {African} Comparative Linguistics with Special Focus on {Bantu} and {Mande}},
    editor = {Bostoen, Koen and Maniacky, Jacky},
    publisher = {Royal Museum for Central Africa},
    year = {2005},
    location = {Tervuren},
    pages = {425--442},
}

@article{Tsao1987,
	author = {Tsao, Fengfu},
	journal = {Journal of Chinese Linguistics},
	pages = {1--54},
	title = {A Topic-Comment Approach to the Ba Construction},
	volume = {15.},
	year = {1987}
}

@article{Thwala2006,
	author = {Thwala, Nhlanhla},
	journal = {Southern African Linguistics and Applied Language Studies},
	number = {3},
	pages = {331--359},
	title = {On the Subject-Predicate Relation and Subject Agreement in {{{SiS}wati}}},
	volume = {24},
	year = {2006}
}

@article{Taylor1972,
	author = {Taylor, Charles},
	journal = {Linguistics},
	pages = {73--82},
	title = {Some Functions of the Initial Vowel in {{{Nkore-Kiga}}}},
	volume = {79},
	year = {1972}
}

@article{Szabolcsi1981,
	author = {Szabolcsi, Anna},
	doi = {10.1515/flin.1981.15.1-2.141},
	journal = {Folia Linguistica},
	number = {1-2},
	pages = {141--162},
	publisher = {De Gruyter Mouton},
	title = {Compositionality in focus},
	volume = {15},
	date = {1981-01-01}
}

@article{Stucky1979a,
	author = {Stucky, Susan},
	journal = {Journal of African Languages and Linguistics},
	number = {2},
	pages = {189--198},
	title = {The Interaction of Tone and Focus in {{Makua}}},
	volume = {1},
	year = {1979}
}

@article{StruikVanKemenade2020,
	author = {Struik, Tara and Van Kemenade, Ans},
	journal = {English Language \& Linguistics},
	number = {1},
	pages = {1--22},
	publisher = {Cambridge University Press},
	title = {On the Givenness of {{{OV}}} Word Order: {{A}} (Re) Examination of {{{OV}}}/{{{VO}}} Variation in {{Old {English}}}},
	volume = {24},
	year = {2020}
}

@article{Stappers1967,
	author = {Stappers, Leo},
	journal = {Africana {Linguistica}},
	pages = {137--145},
	title = {Het Passief-Suffix \textit{-u-} in de {{Bantoe-talen}}},
	volume = {3},
	year = {1967}
}

@article{Stalnaker2002,
	author = {Stalnaker, Robert},
	journal = {Linguistics and Philosophy},
	pages = {701--721},
	title = {Common Ground},
	volume = {25},
	year = {2002}
}

@article{SkopeteasEtAl2020,
	author = {Skopeteas, Stavros and Verhoeven, Elisabeth and Fanselow, Gisbert},
	doi = {10.1017/S0022226720000419},
	journal = {Journal of Linguistics},
	pages = {1--40},
	publisher = {Cambridge University Press},
	title = {Discontinuous Noun Phrases in {{{Yucatec Maya}}}},
	volume = {58},
        number = {3},
	year = {2020}
}

@article{Shi2000,
	author = {Shi, Dingxu},
	journal = {Language},
	number = {2},
	pages = {383--408},
	title = {Topic and Topic-Comment Constructions in {{{Mandarin} {Chinese}}}},
	volume = {76},
	year = {2000}
}

@incollection{Selkirk2011,
    author = {Selkirk, Elisabeth},
    title = {The Syntax-Phonology Interface},
    booktitle = {The handbook of phonological theory, 2nd edition},
    editors = {Goldsmith, John and Riggle, Jason and Yu, Alan C.L.},
    publisher = {Wiley Online Library},
    year = {2011},
    pages = {435--484}
}

@article{SheehanvanderWal2018,
	author = {Sheehan, Michelle and van der Wal, Jenneke },
	doi = {10.1017/S0022226718000178},
	journal = {Journal of Linguistics},
	number = {3},
	pages = {527--589},
	shortjournal = {J. Ling.},
	title = {Nominal Licensing in Caseless Languages},
	volume = {54},
	date = {2018-08-01}
}


@article{Schwarz2003,
	author = {Schwarz, Florian},
	doi = {10.21248/zaspil.30.2003.180},
	journal = {ZAS Papers in Linguistics},
	pages = {41--118},
	shortjournal = {Zaspil},
	title = {Focus Marking in {{{Kikuyu}}}},
	volume = {30},
	date = {2003-01-01}
}

@article{Schultze-Berndt2022,
	author = {Schultze-Berndt, Eva},
	doi = {10.1515/ling-2020-0138},
	journal = {Linguistics},
	number = {3},
	pages = {865--898},
	title = {When Subjects Frame the Clause: {{D}}iscontinuous Noun Phrases as an Iconic Strategy for Marking Thetic Constructions},
	volume = {60},
	year = {2022}
}

@article{Sasse1987,
	author = {Sasse, Hans-Jürgen},
	journal = {Linguistics},
	number = {3},
	pages = {511--580},
	title = {The Thetic/Categorical Distinction Revisited},
	volume = {25},
	year = {1987}
}

@article{Rooth1996,
	author = {Rooth, Mats Edward},
	journal = {Semantics and Linguistic Theory},
	pages = {202--226},
	title = {On the Interface Principles for Intonational Focus},
	volume = {6},
	year = {1996}
}

@article{Rooth1992,
	author = {Rooth, Mats Edward},
	doi = {10.1007/BF02342617},
	journal = {Natural Language Semantics},
	number = {1},
	pages = {75--116},
	shortjournal = {Nat Lang Seman},
	title = {A Theory of Focus Interpretation},
	volume = {1},
	date = {1992-02-01}
}

@article{RomeroHan2004,
	author = {Romero, Maribel and Han, Chung-hye},
	journal = {Linguistics and {philosophy}},
	number = {5},
	pages = {609--658},
	title = {On Negative Yes/No Questions},
	volume = {27},
	year = {2004}
}

@article{Repp2010,
	author = {Repp, Sophie},
	doi = {10.1016/j.lingua.2009.04.006},
	journal = {Lingua},
	number = {6},
	pages = {1333--1345},
	shortjournal = {Lingua},
	title = {Defining “Contrast” as an Information-Structural Notion in Grammar},
	volume = {120},
	date = {2010-06-01}
}

@article{Reinöhl2020,
	author = {Reinöhl, Uta},
	issue = {ahead-of-print},
	journal = {Linguistic Typology},
	pages = {71-111},
	publisher = {De Gruyter Mouton},
	sortname = {Reinohl, Uta},
	title = {Continuous and Discontinuous Nominal Expressions in Flexible (or “Free”) Word Order Languages–{{Patterns}} and Correlates},
	volume = {1},
	year = {2020}
}

@article{Reinhart1981,
	author = {Reinhart, Tanya},
	doi = {10.21825/philosophica.82606},
	journal = {Philosophica},
	number = {1},
	pages = {53--94},
	shorttitle = {Pragmatics and {Linguistics}},
	title = {Pragmatics and Linguistics: {{A}}n Analysis of Sentence Topics},
	volume = {27},
	date = {1981-01-02}
}

@article{Pollock1989,
	author = {Pollock, Jean-Yves},
	journal = {Linguistic inquiry},
	number = {3},
	pages = {365--424},
	publisher = {JSTOR},
	title = {Verb Movement, Universal Grammar, and the Structure of {{{IP}}}},
	volume = {20},
	year = {1989}
}

@article{Polak1986,
	author = {Polak, Louise},
	journal = {Africana {Linguistica}},
	pages = {365--421},
	title = {Les Infixes (‘Préfixes Objets’) Du Bantou et Leur Reconstruction},
	volume = {10},
	year = {1986}
}

@article{Persohn2017,
	author = {Persohn, Bastian},
	journal = {Africana {Linguistica}},
	pages = {151--165},
	title = {Locative and extra-locative clitics in {Nyakyusa}},
	volume = {23},
	year = {2017}
}

@article{Paulian1998,
	author = {Paulian, Christiane},
	doi = {10.3406/flang.1998.1221},
	journal = {Faits de Langues},
	langid = {french},
	number = {1},
	pages = {377--390},
	publisher = {Brill},
	shorttitle = {La dérivation verbale dans une langue bantu atypique},
	title = {{La} dérivation verbale dans une langue bantu atypique: {{L}}e cas du küküa},
	volume = {11--12},
	date = {1998-04-01}
}

@article{PacchiarottiEtAl2019,
	author = {Pacchiarotti, Sara and Chousou-Polydouri, Natalia and Bostoen, Koen},
	journal = {Africana {Linguistica}},
	pages = {155--229},
	title = {Untangling the {{{West}-Coastal {{Bantu}}}} Mess : {{I}}dentification, Geography and Phylogeny of the {{{{Bantu}} B50-80}} Languages},
	volume = {25},
	year = {2019}
}

@article{Ozerov2022,
	author = {Ozerov, Pavel},
	doi = {10.1075/fol.00039.oze},
	journal = {Functions of Language},
	number = {1},
	pages = {86--115},
	shortjournal = {FOL},
	shorttitle = {Alternatives to {{QUD}}},
	title = {Alternatives to {{{QUD}}}: {Alternatives} to Questions},
	volume = {29},
	date = {2022-03-03}
}

@article{Ozerov2021,
	author = {Ozerov, Pavel},
	doi = {10.1515/lingvan-2020-0039},
	journal = {Linguistics Vanguard},
	number = {1},
	title = {Multifactorial {{Information Management}} ({{{MIM}}}): {Summing} up the Emerging Alternative to Information Structure},
	volume = {7},
	year = {2021}
}

@article{Ozerov2018,
	author = {Ozerov, Pavel},
	doi = {10.1016/j.pragma.2018.08.017},
	journal = {Journal of Pragmatics},
	pages = {77--97},
	title = {Tracing the Sources of Information Structure: {{Towards}} the Study of Interactional Management of Information},
	volume = {138},
	year = {2018}
}

@article{OneaBeaver2009,
	author = {Onea, Edgar and Beaver, David},
	doi = {10.3765/salt.v19i0.2524},
	journal = {Semantics and Linguistic Theory},
	pages = {342--359},
	shortjournal = {SALT},
	title = {{Hungarian} Focus Is Not Exhausted},
	volume = {19},
	date = {2009-09-03}
}

@article{NshemezimanaMberamihigo2021,
	author = {Nshemezimana, Ernest and Mberamihigo, Ferdinand},
	journal = {Revista Odisseia},
	number = {2},
	pages = {127--147},
	title = {Typologie et Fonctions Morphosyntaxiques Des Préfixes Verbaux {{ha}}- et -{{ha}}- En Kirundi ({{{JD}62}})},
	volume = {6},
	year = {2021}
}

@article{Nshemezimana2020,
	author = {Nshemezimana, Ernest},
	journal = {Journal of University of Burundi},
	number = {1},
	pages = {58--67},
	title = {Marquage Morphosyntaxique Des Topiques En Kirundi ({{{JD}62}})},
	volume = {18},
	year = {2020}
}

@article{Nikolaeva2001,
	author = {Nikolaeva, Irina},
	journal = {Linguistics},
	number = {1},
	pages = {1--49},
	title = {Secondary Topic as a Relation in Information Structure},
	volume = {39},
	year = {2001}
}

@article{Nikitina2011,
	author = {Nikitina, Tatiana},
	doi = {10.1515/JALL.2011.009},
	journal = {Journal of African Languages and Linguistics (JALL)},
	pages = {251--273},
	title = {Categorial Reanalysis and the Origin of the {{S-O-V-X}} Word Order in {{{Mande}}}},
	volume = {32},
	year = {2011}
}

@article{Nhantumbo2019a,
	author = {Nhantumbo, Nelsa},
	journal = {Revista Cadernos de África Contemporânea},
	langid = {portuguese},
	number = {3},
	pages = {64--78},
	title = {A variação morfémica em Cicopi: {{{U}}}m passeio pela marca de negação},
	url = {https://www.revistas.uneb.br/index.php/cac/article/view/14302/9771},
	volume = {2},
	year = {2019}
}

@article{NgonyaniGithinji2006,
	author = {Ngonyani, Deo and Githinji, Peter},
	journal = {Lingua},
	pages = {31--63},
	title = {The Asymmetric Nature of {{{Bantu}}} Applicative Constructions},
	volume = {116},
	year = {2006}
}

@article{Ndayiragije1999,
	author = {Ndayiragije, Juvénal},
	entrysubtype = {magazine},
	journal = {Linguistic Inquiry},
	pages = {399--444},
	sortname = {Ndayiragije, Juvenal},
	title = {Checking {{economy}}},
	volume = {30},
	year = {1999}
}

@article{Muriungi2014,
	author = {Muriungi, Peter},
	journal = {Syntax},
	number = {1},
	pages = {21--39},
	title = {Phrasal Movement in the {{{Bantu}}} Verbal Complex: {{D}}eriving Affix Scope and Order in {{Kîîtharaka}}},
	volume = {17},
	year = {2014}
}

@article{Muriungi2005,
	author = {Muriungi, Peter},
	journal = {Studies in African Linguistics},
	number = {1},
	pages = {43--104},
	title = {{Wh}-Questions in {{Kitharaka}}},
	volume = {34},
	year = {2005}
}

@article{Muller2002,
	author = {Muller, Claude},
	entrysubtype = {magazine},
	journal = {Cahiers de Grammaire},
	pages = {121--145},
	title = {L'inversion Finale Du Sujet Ou Inversion Post-Verbale?},
	volume = {27},
	year = {2002}
}

@article{MsovelaEtAl2023,
	author = {Msovela, Simon and van der Wal, Jenneke and Lusekelo, Amani},
	doi = {10.2143/AL.29.0.3292607},
	journal = {Africana {Linguistica}},
	pages = {157--178},
	title = {Subject Inversion in {{Kinyakyusa}}},
	volume = {29},
	year = {2023}
}

@article{Mous2022,
	author = {Mous, Maarten},
	journal = {JWAL},
	number = {2},
	pages = {1--33},
	title = {Tone and the Verbal Systems of {{{Nyokon}}}},
	volume = {49},
	year = {2022}
}

@article{Mous2014,
	author = {Mous, Maarten},
	journal = {ZAS Papers in Linguistics},
	pages = {72--94},
	title = {{TAM}-Full Object-Verb Order in the {{Mbam}} Languages of {{{Cameroon}}}},
	volume = {57},
	year = {2014},
	doi = {10.21248/zaspil.57.2014.420}
}

@article{Mous2008,
	author = {Mous, Maarten},
	journal = {Studies in Slavic and General Linguistics},
	pages = {303--312},
	publisher = {JSTOR},
	title = {Voice in {{{Tunen}}}: {{The}} so-Called Passive Prefix \textit{Bé-}},
	volume = {33},
	year = {2008}
}

@incollection{Mous2005,
    author = {Mous, Maarten},
    title = {The Innovative Character of Object-Verb Word Order in {Nen} ({Bantu A44}, {Cameroon})},
    booktitle = {Studies in {African} Comparative Linguistics with Special Focus on {Bantu} and {Mande}},
    editor = {Bostoen, Koen and Maniacky, Jacky},
    publisher = {Royal Museum for Central Africa},
    location = {Tervuren},
    year = {2005},
    pages = {411--424}
}

@incollection{Morimoto2009,
    author = {Morimoto, Yukiko},
    title = {From topic to subject marking: implications for a typology of subject marking},
    booktitle = {Differential subject marking},
    editor = {de Hoop, Helen and de Swart, Peter},
    publisher = {Springer},
    place = {Dordrecht},
    pages = {199–221},
    year = {2009}
}

@article{Morimoto2006,
	author = {Morimoto, Yukiko},
	doi = {10.21248/zaspil.43.2006.290},
	journal = {ZAS Papers in Linguistics},
	pages = {161--187},
	title = {Agreement Properties and Word Order in Comparative {{{Bantu}}}},
	volume = {43},
	year = {2006}
}

@article{Meeussen1967,
	author = {Meeussen, Achille Emile},
	journal = {Africana {{L}inguistica}},
	number = {1},
	pages = {79--121},
	publisher = {Musée Royal de l'Afrique centrale},
	title = {{Bantu} Grammatical Reconstructions},
	volume = {3},
	year = {1967}
}

@article{Mchombo2006,
	author = {Mchombo, Sam A.},
	journal = {ZAS Papers in Linguistics},
	pages = {143--160},
	title = {Linear Order Constraints on Split {{{NP}s}} in {{{Chichewa}}}},
	volume = {43},
	year = {2006}
}

@article{MatićWedgwood2013,
	author = {Matić, Dejan and Wedgwood, Daniel},
	doi = {10.1017/S0022226712000345},
	journal = {Journal of Linguistics},
	number = {1},
	pages = {127--163},
	sortname = {Matic, Dejan and Wedgwood, Daniel},
	title = {The Meanings of Focus: {{The}} Significance of an Interpretation-Based Category in Cross-Linguistic Analysis},
	volume = {49},
	year = {2013}
}

@article{MartenvanderWal2014,
	author = {Marten, Lutz and van der Wal, Jenneke },
	journal = {Linguistic Variation},
	number = {2},
	pages = {318--368},
	title = {A Typology of {{{Bantu}}} Subject Inversion},
	volume = {14},
	year = {2014}
}

@article{MartenRamadhani2001,
	author = {Marten, Lutz and Ramadhani, Deo},
	journal = {SOAS Working Papers in Linguistics and Phonetics},
	pages = {259--275},
	title = {An Overview of Object Marking in {{Kiluguru}}},
	volume = {11},
	year = {2001}
}

@article{MartenEtAl2007,
	author = {Marten, Lutz and Kula, Nancy C and Thwala, Nhlanhla},
	journal = {Transactions of the philological society},
	number = {3},
	pages = {253--338},
	publisher = {Wiley Online Library},
	title = {Parameters of Morphosyntactic Variation in {{{Bantu}}}},
	volume = {105},
	year = {2007}
}

@article{Marten2013,
	author = {Marten, Lutz},
	journal = {Italian Journal of Linguistics},
	number = {1},
	pages = {45--73},
	title = {Structure and Interpretation in {{{Swahili}}} Existential Constructions},
	volume = {25},
	year = {2013}
}

@article{MakassoLee2015,
	author = {Makasso, Emmanuel-Moselly and Lee, Seunghun J},
	journal = {Journal of the International Phonetic Association},
	number = {1},
	pages = {71--79},
	publisher = {Cambridge University Press},
	title = {{Basaá}},
	volume = {45},
	year = {2015}
}

@article{Maho1999,
	address = {Göteborg},
	author = {Maho, Jouni},
	journal = {Orientalia et africana gothoburgensia},
	publisher = {Acta Universitatis Gothoburgensis},
	title = {A comparative study of {Bantu} noun classes},
	volume = {13},
	year = {1999}
}

@article{Lusekelo2016,
	author = {Lusekelo, Amani},
	journal = {Journal of Education, Humanities and Sciences},
	number = {1},
	pages = {36--51},
	title = {The Nature of Conditional Sentences in {{{Nyakyusa}}}},
	volume = {5},
	year = {2016}
}

@article{Lusekelo2009,
	author = {Lusekelo, Amani},
	journal = {Nordic Journal of African Studies},
	number = {4},
	pages = {305--331},
	title = {The Structure of the {{{Nyakyusa}}} Noun Phrase},
	volume = {18},
	year = {2009}
}

@article{Lovestrand2011,
	author = {Lovestrand, Joseph},
	journal = {Yaounde: SIL Cameroon},
	title = {Notes on {{{Nyokon}}} Phonology ({{{Bantu} A}}. 45, {{{Cameroon}}})},
	year = {2011}
}

@article{LouagieVerstraete2016,
	author = {Louagie, Dana and Verstraete, Jean-Christophe},
	journal = {Linguistic Typology},
	number = {1},
	pages = {25--80},
	publisher = {De Gruyter Mouton},
	title = {Noun Phrase Constituency in {{{Australian}}} Languages: {{A}} Typological Study},
	volume = {20},
	year = {2016}
}

@article{LippardEtAlFut,
	author = {Lippard, Hannah and Sikuku, Justine and Langa da Câmara, Crisófia and Letsholo, Rose and Colantes, Madelyn and Liu, Kang (Franco) and Diercks, Michael},
	journal = {Studies in African Linguistics},
        volume = {52},
        number = {Supplement 14}, 
        pages = {78--109},
	title = {Emphatic Interpretations of Object Marking in {{{Bantu}}} Languages},
	year = {2023}
}

@article{Lewis1979,
	author = {Lewis, David},
	journal = {Journal of Philosophical Logic},
	pages = {339--359},
	title = {Scorekeeping in a language game},
	volume = {8},
	year = {1979}
}

@article{Lambrecht2001,
	author = {Lambrecht, Knud},
	doi = {10.1515/ling.2001.021},
	journal = {Linguistics},
	number = {3},
	pages = {463--516},
	publisher = {De Gruyter Mouton},
	title = {A Framework for the Analysis of Cleft Constructions},
	volume = {39},
	date = {2001-06-18}
}

@article{Lambrecht2000,
	author = {Lambrecht, Knud},
	journal = {Langue française},
	pages = {49--66},
	title = {Prédication Seconde et Structure Informationnelle : {{L}}a Relative de Perception Comme Construction Présentative},
	volume = {127},
	year = {2000}
}

@article{LafkiouiEtAl2016,
	author = {Lafkioui, Mena and Nshemezimana, Ernest and Bostoen, Koen},
	journal = {Africana {Linguistica}},
	pages = {71--106},
	title = {Cleft Constructions and Focus in {{Kirundi}}},
	volume = {22},
	year = {2016}
}

@article{Kuroda1972,
	author = {Kuroda, Sige-Yuki},
	journal = {Foundations of language},
	pages = {153--185},
	title = {The Categorical and the Thetic Judgment: {{Evidence}} from {{{Japanese}}} Syntax},
	volume = {9},
        number = {2},
	year = {1972}
}

@article{Krifka2008,
	author = {Krifka, Manfred},
	journal = {Acta {Linguistica Hungarica}},
	number = {3-4},
	pages = {243--276},
	title = {Basic Notions of Information Structure},
	volume = {55},
	year = {2008}
}

@article{KoniMuluwaBostoen2014,
	author = {Koni Muluwa, Joseph and Bostoen, Koen},
	journal = {ZAS Papers in Linguistics},
	pages = {123--135},
	title = {The immediate before the verb focus position in {{Nsong}} ({{{Bantu} B85d}}, {{{DR} {Congo}}}): {A corpus-based exploration}},
	volume = {57},
	year = {2014}
}

@article{KerrvanderWal2023,
	author = {Kerr, Elisabeth J. and van der Wal, Jenneke },
	doi = {10.1515/zfs-2023-2010},
	journal = {Zeitschrift für Sprachwissenschaft},
	number = {3},
	pages = {443--492},
	title = {Indirect Truth Marking via Backgrounding: {{Evidence}} from {{{Bantu}}}},
	volume = {42},
	year = {2023}
}

@article{KerrEtAl2023,
	author = {Kerr, Elisabeth J. and Asiimwe, Allen and Kanampiu, Patrick N. and Li, Zhen and Nshemezimana, Ernest and van der Wal, Jenneke},
	doi = {10.4000/lla.9496},
	journal = {Linguistique et langues africaines},
	number = {1},
	shortjournal = {lla},
	sortname = {Kerr, Elisabeth J. and Asiimwe, Allen and Kanampiu, Patrick N. and Li, Zhen and Nshemezimana, Ernest and {van~der~Wal}, Jenneke},
	title = {{Bantu} Word Order between Discourse and Syntactic Relations},
	volume = {9},
	date = {2023-06-30}
}

@incollection{KeenanDryer2007,
    address = {Cambridg},
    author = {Keenan, Edward L. and Dryer, Matthew S.},
title = {Passive in the {{world}}’s {{languages}}},
    title = {Passive in the {{world}}’s {{languages}}},
    editor = {Shopen, Timothy},
    booktitle = {Clause structure, language typology and syntactic description},
    pages = {325--361},
    publisher = {Cambridge University Press},
    year = {2007}
}

@article{Kawasha2007,
	author = {Kawasha, Boniface},
	journal = {Journal of African Languages and Linguistics},
	pages = {37--56},
	title = {Passivization in {{Lunda}}},
	volume = {28},
	year = {2007}
}

@article{KanampiuMuriungi2019,
	author = {Kanampiu, Patrick N. and Muriungi, Peter},
	journal = {International Journal on Studies in English Language and Literature (IJSELL)},
	number = {6},
	pages = {10--21},
	title = {Order of Modifiers in {{Kîîtharaka}} Determiner Phrase},
	volume = {7},
	year = {2019}
}

@article{Kanampiu2023,
	author = {Kanampiu, Patrick N.},
	journal = {Studies in {African Linguistics}},
	title = {Expression of Referents in {{Kîîtharaka}}},
	pubstate = {forthcoming}
}

@article{Janzen1999,
	author = {Janzen, Terry},
	journal = {Studies in Language},
	pages = {271--306},
	title = {The Grammaticalization of Topics in {{{American} Sign Language}}},
	volume = {23(2)},
	year = {1999}
}

@article{Janssens1988,
	author = {Janssens, Baudouin},
	journal = {Linguistique Africaine},
	pages = {61--94},
	title = {Ton et Élision Vocalique En {Nen}},
	volume = {1},
	year = {1988}
}

@mastersthesis{Isaac2007,
    author = {Isaac, Kendall Mark},
    title = {Participant Reference in {{{Tunen}}} Narrative Discourse},
    school = {Graduate Institute of Applied Linguistics},
    year = {2007}
}


@article{HymanWatters1984,
	author = {Hyman, Larry M. and Watters, John R.},
	doi = {10.32473/sal.v15i3.107511},
	journal = {Studies in African Linguistics, Supplement},
	number = {3},
	pages = {233--273},
	title = {Auxiliary Focus},
	volume = {15},
	year = {1984}
}


@incollection{HymanPolinsky2010,
    address = {Oxford},
    author = {Hyman, Larry M. and Polinsky, Maria},
    title = {Focus in {Aghem}},
    editor = {Zimmermann, Malte and Féry, Caroline},
    booktitle = {Information structure: {T}heoretical, typological, and experimental perspectives},
    pages = {206--233},
    publisher = {Oxford University Press},
    year = {2010}
}

@article{Hyman2011,
	author = {Hyman, Larry},
	journal = {Language dynamics and change},
	pages = {3--49},
	title = {The {{Macro-{Sudan} Belt}} and {{{Niger}-{Congo} Reconstruction}}},
	volume = {1},
	year = {2011}
}

@article{Hyman1987,
	author = {Hyman, Larry M.},
	journal = {Natural Language \& Linguistic Theory},
	pages = {311--333},
	title = {Prosodic domains in {{Kukuya}}},
	volume = {5},
        number = {3},
	year = {1987}
}

@article{Heycock2012,
	author = {Heycock, Caroline},
	journal = {The Canadian Journal of Linguistics/La revue canadienne de linguistique},
	number = {2},
	pages = {209--240},
	publisher = {Cambridge University Press},
	title = {Specification, Equation, and Agreement in Copular Sentences},
	volume = {57},
	year = {2012}
}

@article{HeineClaudi2001,
	author = {Heine, Bernd and Claudi, Ulrike},
	journal = {General Linguistics},
	pages = {41--74},
	title = {On Split Word Order: {{Explaining}} Syntactic Variation.},
	volume = {38},
	year = {2001}
}

@incollection{Heine1995,
	author = {Heine, Bernd},
	booktitle = {Language and the Cognitive Construal of the World},
	pages = {119--135},
	publisher = {Mouton de Gruyter},
        location = {Berlin},
        editor = {Taylor, John R and MacLaury, Robert E.},
	title = {Conceptual Grammaticalization and Prediction},
        doi = {10.1515/9783110809305.119},
	year = {1995}
}

@article{HegartyEtAl2001,
	author = {Hegarty, Michael and Gundel, Jeanette K. and Borthen, Kaja},
	doi = {10.1515/thli.2001.27.2-3.163},
	journal = {ZAS Papers in Linguistics},
	number = {23},
	pages = {163--186},
	publisher = {De Gruyter Mouton},
	title = {Information structure and the accessibility of clausally introduced referents},
	volume = {27},
	date = {2001-01-01}
}

@article{Hedberg2000,
	author = {Hedberg, Nancy},
	journal = {Language},
	number = {2},
	pages = {245--273},
	title = {The Referential Status of Clefts},
	volume = {74},
	year = {2000}
}

@article{Harford1997,
	author = {Harford, Carolyn},
	journal = {Studies in African Linguistics},
	number = {2},
	pages = {111--130},
	title = {Empty operator raising in {Kitharaka}},
	volume = {26},
	year = {1997}
}

@article{HamlaouiMakasso2015,
	author = {Hamlaoui, Fatima and Makasso, Emmanuel-Moselly},
	journal = {Lingua},
	pages = {35--64},
	publisher = {Elsevier B.V},
	title = {Focus Marking and the Unavailability of Inversion Structures in the {{{Bantu}}} Language {{{Bàsàá}}} ({{A43}})},
	volume = {154},
	year = {2015}
}

@article{Hale1983,
	author = {Hale, Ken},
	journal = {Natural Language \& Linguistic Theory},
	number = {1},
	pages = {5--47},
	publisher = {Springer},
	title = {{Warlpiri} and the Grammar of Non-Configurational Languages},
	volume = {1},
	year = {1983}
}

@article{Haiman1978,
	author = {Haiman, John},
	journal = {Language},
	pages = {564--589},
	title = {Conditionals Are Topics},
	volume = {54},
	number = {3},
	year = {1978}
}

@article{Hadermann1996,
	author = {Hadermann, Pascale},
	journal = {Studies in African Linguistics},
	langid = {french},
	pages = {155--169},
	title = {Grammaticalisation de la structure infinitif + verbe conjugué dans quelques langues bantoues},
	volume = {25(2)},
	year = {1996}
}

@article{GüldemannEtAl2015,
	author = {Güldemann, Tom and Zerbian, Sabine and Zimmermann, Malte},
	journal = {Annual Review of Linguistics},
	number = {1},
	pages = {155--178},
	sortname = {Guldemann, Tom and Zerbian, Sabine and Zimmermann, Malte},
	title = {Variation in Information Structure with Special Reference to {{{Africa}}}},
	volume = {1},
	year = {2015}
}

@article{Güldemann2003,
	author = {Güldemann, Tom},
	doi = {10.1075/sl.27.2.05gul},
	journal = {Studies in Language},
	number = {2},
	pages = {323--360},
	shortjournal = {SL},
	shorttitle = {Present Progressive Vis-à-Vis Predication Focus in {{Bantu}}},
	sortname = {Guldemann, Tom},
	title = {Present Progressive Vis-à-Vis Predication Focus in {{{Bantu}}}: {{A}} Verbal Category between Semantics and Pragmatics},
	volume = {27},
	date = {2003-10-31}
}

@article{Guthrie1948a,
	author = {Guthrie, Malcolm},
	journal = {Bulletin of the School of Oriental and African Studies},
	number = {3-4},
	pages = {847--856},
	title = {Gender, Number and Person in {{{Bantu}}} Languages},
	volume = {12},
	year = {1948}
}

@article{GundelEtAl2003,
	author = {Gundel, Jeanette K. and Hegarty, Michael and Borthen, Kaja},
	doi = {10.1023/A:1024102420659},
	journal = {Journal of Logic, Language and Information},
	number = {3},
	pages = {281--299},
	shortjournal = {Journal of Logic, Language and Information},
	title = {Cognitive Status, Information Structure, and Pronominal Reference to Clausally Introduced Entities},
	volume = {12},
	date = {2003-06-01}
}

@article{GundelEtAl1993,
	author = {Gundel, Jeanette K. and Hedberg, Nancy and Zacharski, Ron},
	journal = {Language},
	pages = {274--307},
	publisher = {JSTOR},
	title = {Cognitive Status and the Form of Referring Expressions in Discourse},
	volume = {69},
	year = {1993}
}

@article{Greenberg1963,
	author = {Greenberg, J. H},
	journal = {Universals of language},
	pages = {73--113},
	title = {Some Universals of Grammar with Particular Reference to the Order of Meaningful Elements},
	volume = {2},
	year = {1963}
}

@article{Givón1981,
	author = {Givón, Talmy},
	issue = {Historica vol. 2, 1},
	journal = {Folia {Linguistica Historica}},
	pages = {35--54},
	publisher = {De Gruyter Mouton},
	sortname = {Givon, Talmy},
	title = {On the Development of the Numeral ‘{One}’ as an Indefinite Marker},
	volume = {15},
	year = {1981}
}

@article{Givón1974,
	author = {Givón, Talmy},
	journal = {Studies in African Linguistics},
	number = {1},
	pages = {117--139},
	sortname = {Givon, Talmy},
	title = {Syntactic Change in {Lake} {{{Bantu}}}: {{A}} Rejoinder},
	volume = {5},
	year = {1974}
}

@article{GhomeshiEtAl2004,
	author = {Ghomeshi, Jila and Jackendoff, Ray and Rosen, Nicole and Russell, Kevin},
	eprint = {4048061},
	journal = {Natural Language \& Linguistic Theory},
	number = {2},
	pages = {307--357},
	publisher = {Springer},
	title = {Contrastive Focus Reduplication in {{{English}}} ({the} salad-salad paper)},
	volume = {22},
	year = {2004}
}

@article{Gensler1997,
	author = {Gensler, Orin D.},
	journal = {JALL},
	pages = {57--93},
	title = {Grammaticalization, Typology, and {{{Niger}-{Congo}}} Word Order: {{Progress}} on a Still-Unsolved Problem [{{Review}} of {{Claudi}} 1993]},
	volume = {18},
	year = {1997}
}

@incollection{Gensler1994,
	author = {Gensler, Orin D.},
	booktitle = {Proceedings of the {Annual Meeting} of the {Berkeley Linguistics Society}: Special Session on Historical Issues in {African} Linguistics},
	editor = {Kevin E. Moore and David A. Peterson and Comfort Wentum},
	pages = {1--20},
	title = {On Reconstructing the Syntagm {S-Aux-O-V-Other} to {{Proto-{Niger}-{Congo}}}.},
	location = {Berkeley, CA},
	publisher = {Berkeley Linguistics Society},
    doi = {10.3765/bls.v20i2.1486},
	year = {1994}
}

@article{Frajzyngier1982,
	author = {Frajzyngier, Zygmunt},
	journal = {Lingua},
	pages = {267--290},
	title = {Indefinite Agent, Passive and Impersonal Passive: {{A}} Functional Study},
	volume = {58},
	year = {1982}
}

@article{FodorSag1982,
	author = {Fodor, Janet Dean and Sag, Ivan A},
	journal = {Linguistics and Philosophy},
	number = {3},
	pages = {355--398},
	publisher = {Springer},
	title = {Referential and Quantificational Indefinites},
	volume = {5},
	year = {1982}
}

@article{Firbas1966,
	author = {Firbas, Jan},
	journal = {Travaux Linguistiques de Prague},
	number = {1},
	pages = {239--256},
	title = {Non Thematic Subjects in Contemporary {{{English}}}},
	volume = {2},
	year = {1966}
}

@article{Ferch2013,
	author = {Ferch, Elizabeth},
	journal = {Natural language semantics},
	number = {4},
	pages = {373--400},
	publisher = {Springer},
	title = {Scopeless Quantity Words in {{{Shona}}}},
	volume = {21},
	year = {2013}
}

@article{Fanselow1988,
	author = {Fanselow, Gisbert},
	journal = {Linguistische Berichte},
	pages = {91--113},
	title = {Aufspaltung von {{{NP}n}} Und Das {{Problem}} Der ‘Freien’ {{{Wortstellung}}}},
	volume = {114},
	year = {1988}
}

@article{Enç1991,
	author = {Enç, Mürvet},
	journal = {Linguistic Inquiry},
	pages = {1--25},
	publisher = {JSTOR},
	sortname = {Enc, Murvet},
	title = {The Semantics of Specificity},
	volume = {22},
        number = {1},
	year = {1991}
}

@article{Dryer1992,
	author = {Dryer, Matthew S.},
	journal = {Language},
	number = {1},
	pages = {81--138},
	title = {The {{{Greenbergian}}} Word Order Correlations},
	volume = {68},
	year = {1992}
}

@article{DrenhausEtAl2011,
	author = {Drenhaus, Heiner and Zimmermann, Malte and Vasishth, Shravan},
	journal = {Journal of Neurolinguistics},
	number = {3},
	pages = {320--337},
	title = {Exhaustiveness Effects in Clefts Are Not Truth-Functional},
	volume = {24},
	year = {2011}
}

@article{DevosEtAl2017,
	author = {Devos, Maud and Misago, Manoah-Joël and Bostoen, Koen},
	journal = {Africana {Linguistica}},
	pages = {47--83},
	sortname = {Devos, Maud and Misago, Manoah-Joel and Bostoen, Koen},
	title = {A Corpus-Based Description of Locative and Non-Locative Reference in {{Kirundi}} Locative Enclitics},
	volume = {23},
	year = {2017}
}

@article{DestruelDeVeaugh-Geiss2018,
	author = {Destruel, Emilie and DeVeaugh-Geiss, Joseph},
	doi = {10.1016/j.pragma.2018.09.009},
	journal = {Journal of Pragmatics},
	pages = {1--16},
	shortjournal = {Journal of Pragmatics},
	shorttitle = {On the Interpretation and Processing of Exhaustivity},
	title = {On the Interpretation and Processing of Exhaustivity: {{Evidence}} of Variation in {{{English}}} and {{{French}}} Clefts},
	volume = {138},
	date = {2018-12}
}

@article{DemuthMmusi1997,
	author = {Demuth, Katherine and Mmusi, Sheila},
	journal = {Journal of African Languages and Linguistics},
	number = {1},
	pages = {1--20},
	title = {Presentational Focus and Thematic Structure in Comparative {{{Bantu}}}},
	volume = {18},
	year = {1997}
}

@article{DeKindEtAl2015,
	author = {De Kind, Jasper and Dom, Sebastian and de Schryver, Gilles-Maurice and Bostoen, Koen},
	journal = {Folia {Linguistica Historica}},
	pages = {113--163},
	title = {Event-centrality and the pragmatics-semantics interface in {Kikongo}: {{F}}rom predication focus to progressive aspect and vice versa},
	volume = {36},
	year = {2015}
}

@article{DeKind2014,
	author = {De Kind, Jasper},
	journal = {ZAS Papers in Linguistics},
	pages = {95--122},
	title = {Pre-Verbal Focus in {{Kisikongo}} ({{H16a}}, {{{Bantu}}})},
	volume = {57},
	year = {2014}
}

@article{CulicoverRochemont1990,
	author = {Culicover, W. and Rochemont, Peter Michael S},
	journal = {Linguistic Inquiry},
	pages = {23--47},
	title = {Extraposition and the {{Complement Principle}}},
	volume = {21},
	year = {1990}
}

@article{Cruschina2021,
	author = {Cruschina, Silvio},
	doi = {10.5334/gjgl.1100},
	journal = {Glossa: A journal of general linguistics},
	number = {1},
	pages = {1--30},
	shorttitle = {The Greater the Contrast, the Greater the Potential},
	title = {The Greater the Contrast, the Greater the Potential: {{On}} the Effects of Focus in Syntax},
	volume = {6},
	date = {2021-01-18}
}

@incollection{CreisselsFut,
	author = {Creissels, Denis},
	booktitle = {The languages and linguistics of {Africa}},
    editor = {Güldemann, Tom},
	pages = {712--821},
	title = {Current Issues in the Morphosyntactic Typology of {{Sub-{Saharan}}} Languages},
	publisher = {De Gruyter Mouton},
	year = {2018}
}

@article{Creissels2022,
	author = {Creissels, Denis},
	doi = {10.4000/lla.4514},
	volume = {8},
        number = {2},
	journal = {Linguistique et langues africaines},
	shortjournal = {lla},
	title = {The Noncausal/Causal Alternation and the Limits of Ambitransitivity in a Sample of Sub-{{{Saharan}}} Languages},
	date = {2022-12-31}
}

@article{Creisels2020,
    author = {Creissels, Denis},
    title = {Remarks on the grammaticalization of identificational clefts},
    journal = {Linguistic Discovery},
    year = {2020},
    volume = {17},
    number = {1},
    pages = {7--20}
}

@article{Creissels2005,
	author = {Creissels, Denis},
	doi = {10.3765/bls.v31i2.3189},
	journal = {Proceedings of the Annual Meeting of the Berkeley Linguistics Society},
	pages = {37--52},
	title = {S-{{O-V-X}} Constituent Order and Constituent Order Alternations in {{{West} {African}}} Languages},
	volume = {31(2)},
	year = {2005}
}

@article{Collins1991,
	author = {Collins, Peter Craig},
	doi = {10.1515/ling.1991.29.3.481},
	journal = {Linguistics},
	number = {3},
	pages = {481--520},
	publisher = {De Gruyter Mouton},
	shorttitle = {Pseudocleft and Cleft Constructions},
	title = {Pseudocleft and Cleft Constructions: {A} Thematic and Informational Interpretation},
	volume = {29},
	date = {1991-01-01}
}

@article{Clements1984,
	author = {Clements, George N.},
	journal = {Studies in the {Linguistic Sciences}},
	number = {2},
	pages = {37--56},
	title = {Binding domains in {{Kikuyu}}},
	volume = {14},
	year = {1984}
}

@article{Cinque2005,
	author = {Cinque, Guglielmo},
	journal = {Linguistic inquiry},
	number = {3},
	pages = {315--332},
	publisher = {MIT Press},
	title = {Deriving {{Greenberg}}'s {{Universal}} 20 and Its Exceptions},
	volume = {36},
	year = {2005}
}

@article{Chomsky2013,
	author = {Chomsky, Noam},
	journal = {Lingua},
	pages = {33--49},
	title = {Problems of Projection},
	volume = {130},
	year = {2013}
}

@article{ChengKisseberth1981,
	author = {Cheng, Chin-Chuan and Kisseberth, Charles W.},
	journal = {Studies in the Linguistic Sciences},
	number = {1},
	pages = {181--202},
	title = {Ikorovere {{Makua}} Tonology (Part 3)},
	volume = {11},
	year = {1981}
}

@article{ChengKisseberth1980,
	author = {Cheng, Chin-Chuan and Kisseberth, Charles W.},
	journal = {Studies in the Linguistic Sciences},
	number = {1},
	pages = {15--44},
	title = {Ikorovere {{Makua}} Tonology (Part 2)},
	volume = {10},
	year = {1980}
}

@article{ChengKisseberth1979,
	author = {Cheng, Chin-Chuan and Kisseberth, Charles W.},
	journal = {Studies in the Linguistic Sciences},
	number = {1},
	pages = {31--64},
	title = {Ikorovere {{Makua}} Tonology (Part 1)},
	volume = {9},
	year = {1979}
}

@article{CarstensMletshe2015,
	author = {Carstens, Vicki and Mletshe, Loyiso},
	journal = {Linguistic Inquiry},
	number = {2},
	pages = {187--242},
	title = {Implications of {{{Xhosa}}} Expletive Constructions},
	volume = {46},
	year = {2015}
}

@article{Carstens2005,
	author = {Carstens, Vicki},
	journal = {Natural Language and Linguistic Theory},
	number = {2},
	pages = {219--79},
	title = {Agree and {{{EPP}}} in {{{Bantu}}}},
	volume = {23},
	year = {2005}
}

@article{Buell2007,
	author = {Buell, Leston C.},
	booktitle = {Semantic and Formal Locatives: {{I}}mplications for the {{{Bantu}}} Locative Inversion Typology},
	editor = {Kula, Nancy and Marten, Lutz},
	journal = {SOAS Working Papers in Linguistics},
	pages = {105--120},
	title = {Semantic and Formal Locatives: {{I}}mplications for the {{{Bantu}}} Locative Inversion Typology},
	volume = {15},
	year = {2007}
}

@article{Broekhuis2022,
	author = {Broekhuis, Hans},
	doi = {10.1075/lv.22005.bro},
	journal = {Linguistic Variation},
	pages = {343--378},
	title = {{{{VO}}} or {{{OV}}}: {{V}} to v or Not to v},
	volume = {23},
        number = {2},
	year = {2022}
}

@article{BresnanKanerva1989,
	author = {Bresnan, Joan and Kanerva, Jonni M.},
	eprint = {4178612},
	journal = {Linguistic Inquiry},
	number = {1},
	pages = {1--50},
	publisher = {The MIT Press},
	shorttitle = {Locative {{Inversion}} in {{Chicheŵa}}},
	title = {Locative Inversion in {{Chicheŵa}}: {{A}} Case Study of Factorization in Grammar},
	volume = {20},
	year = {1989}
}

@article{Bošković2004,
	author = {Bošković, Željko},
	journal = {Natural {Language \& Linguistic Theory}},
	number = {4},
	pages = {681--742},
	publisher = {Springer},
	sortname = {Boskovic, Zeljko},
	title = {{Be} Careful Where You Float Your Quantifiers},
	volume = {22},
	year = {2004}
}

@article{BostoenMundeke2012,
	author = {Bostoen, Koen and Mundeke, Léon},
	journal = {Southern African Linguistics and Applied Language Studies},
	number = {2},
	pages = {139--154},
	sortname = {Bostoen, Koen and Mundeke, Leon},
	title = {Subject Marking, Object-Verb Order and Focus in {{Mbuun}} ({{{Bantu}}}, {{B87}})},
	volume = {30},
	year = {2012}
}

@article{BostoenMundeke2011,
	author = {Bostoen, Koen and Mundeke, Léon},
	journal = {Studies in Language},
	number = {1},
	pages = {72--111},
	sortname = {Bostoen, Koen and Mundeke, Leon},
	title = {Passiveness and inversion in {M}buun ({Bantu} {B}87, {DRC})},
	volume = {35},
	year = {2011}
}

@article{BostoenEtAl2015,
	author = {Bostoen, Koen and Clist, Bernard and Doumenge, Charles and Grollemund, Rebecca and Hombert, Jean-Marie and Koni Muluwa, Joseph and Maley, Jean},
	journal = {Current Anthropology},
	number = {3},
	pages = {354--384},
	title = {Middle to Late {{Holocene Paleoclimatic}} Change and the Early {{{Bantu}}} Expansion in the Rain Forests of {{{Western} {Central} {Africa}}}},
	volume = {56},
	year = {2015}
}

@article{BiberauerEtAl2014,
	author = {Biberauer, Theresa and Holmberg, Anders and Roberts, Ian},
	journal = {Linguistic Theory},
	pages = {169--225},
	title = {A Syntactic Universal and Its Consequences},
	volume = {45},
	year = {2014}
}

@incollection{BianchiEtAl2015,
	author = {Bianchi, Valentina and Bocci, Giuliano and Cruschina, Silvio},
	journal = {Romance Languages and Linguistic Theory 2013: Selected papers from “{Going Romance}” {Amsterdam} 2013},
	pages = {1--20},
	publisher = {John Benjamins},
	location = {Amsterdam},
	title = {Focus Fronting and Its Implicatures},
	year = {2015},
	series = {Romance Languages and Linguistic Theory},
	number = {8},
	editor = {Enoch O. Aboh and Jeannette Schaeffer and Petra Sleeman},
	doi = {10.1075/rllt.8.01bia}
}

@article{Belletti2004,
	author = {Belletti, Adriana},
	journal = {The structure of CP and IP. The cartography of syntactic structures},
	pages = {16--51},
	title = {Aspects of the Low {{{IP}}} Area},
	volume = {2},
	year = {2004}
}

@book{Behagel1932,
	author = {Behagel, Otto},
	location = {Heidelberg},
	publisher = {Carl Winter},
	title = {Deutsche Syntax: Eine geschichtliche Darstellung},
	volume = {4: Wortstellung/Periodenbau},
	series = {Germanische Bibliothek},
	number = {10},
	year = {1932}
}

@article{AsiimwevanderWal2021,
	author = {Asiimwe, Allen and van der Wal, Jenneke },
	doi = {10.53228/njas.v30i1.758},
	issue = {1},
	journal = {Nordic Journal of African Studies},
	number = {1},
	pages = {26--26},
	shorttitle = {The Multifunctionality of -o in {{Rukiga}}},
	title = {The Multifunctionality of -o in {{Rukiga}}: {{P}}ronoun, Contrastive Topic, and Mirative Marker},
	volume = {30},
	date = {2021-03-31}
}

@article{AsiimweEtAl2023,
	author = {Asiimwe, Allen and Kouneli, Maria and van der Wal, Jenneke },
	doi = {10.1515/ling-2021-0027},
	journal = {Linguistics},
	number = {5},
	pages = {1285--1339},
	title = {Determiner Spreading in {{Rukiga}}},
	volume = {61},
	date = {2023-09-26}
}

@incollection{Asiimwe2024,
	address = {Berlin},
	author = {Asiimwe, Allen},
	booktitle = {Morphosyntactic variation in East African Bantu languages},
	pages = {43--83},
    booktitle = {Morphosyntactic variation in {East African Bantu} languages: {Descriptive} and comparative approaches},
    editor = {Gibson, Hannah and Guérois, Rozenn and Mapunda, Gastor and Marten, Lutz},
	publisher = {Language Science Press},
	title = {The Structure, Distribution and Function of Demonstratives in {{Runyankore-Rukiga}}},
    DOI = {10.5281/zenodo.10663765},
	year = {2024}
}

@incollection{Asiimwe2024b,
    author = {Asiimwe, Allen},
    title = {The expression of tense and aspect in {Rukiga}},
    booktitle = {The Promise of Linguistics and Language Studies in {Africa}},
    publisher = {Fountain Publishers},
    year = {2024},
    pages = {169--195},
    editor = {Mugumya, Levis and Asiimwe, Allen and Ssentanda, Medadi E. and Wagaba, William G. and Bayiga, Florence T.},
    location = {Kampala}
}

@article{Asiimwe2023,
	author = {Asiimwe, Allen},
	issue = {Supplement 14},
	journal = {Studies in African Linguistics},
	number = {Supplement 14},
	pages = {28--46},
	title = {On the Expression of Mirativity in {{Rukiga}}},
	url = {https://journals.flvc.org/sal/article/view/131123},
	volume = {52},
	year = {2023}
}

@article{Asiimwe2019,
	author = {Asiimwe, Allen},
	journal = {Stellenbosch Papers in Linguistics Plus},
	pages = {131--154},
	title = {The Syntax of Relative Clause Constructions in {{Runyankore-Rukiga}}: {{A}} Typological Perspective},
	volume = {58},
	year = {2019}
}

@article{Ashton1945,
	author = {Ashton, E. O.},
	doi = {10.2307/1156825},
	journal = {Africa},
	number = {1},
	pages = {4--20},
	shortjournal = {Africa},
	title = {Notes on {{form}} and {{structure}} in {{{Bantu} speech}}},
	volume = {15},
	date = {1945-01}
}

@incollection{Andrews2007,
    address = {Cambridge},
	author = {Andrews, Avery D.},
	booktitle = {Language Typology and Syntactic Description},
	editor = {Shopen, Timothy},
	pages = {132--223},
	publisher = {Cambridge University Press},
	title = {The {{major functions}} of the {{noun phrase}}},
	year = {2007}
}

@article{Aikhenvald2012,
	author = {Aikhenvald, Alexandra Y.},
	journal = {Linguistic Typology},
	pages = {435--485},
	title = {The Essence of Mirativity},
	volume = {16},
	year = {2012}
}

@article{Abwa1995,
	author = {Abwa, Daniel},
	journal = {Paideuma},
	pages = {107--125},
	title = {The {{Banen}} and Slavery},
	volume = {41},
	year = {1995}
}

@incollection{FeryIshihara2017,
	address = {Oxford},
	author = {Féry, Caroline and Ishihara, Shinichiro},
	booktitle = {The {{Oxford}} Handbook of Information Structure},
	editor = {Féry, Caroline and Ishihara, Shinichiro},
	pages = {1--18},
	publisher = {Oxford Unviersity Press},
	title = {Introduction},
	year = {2016}
}
