%% This BibTeX bibliography file was created using BibDesk.
%% http://bibdesk.sourceforge.net/


%% Created for Sascha at 2019-03-25 07:45:50 +0100 


%% Saved with string encoding Unicode (UTF-8) 



@INCOLLECTION{lebruyn14,
	author = {Bert {Le Bruyn}},
	year = 2014,
	 title = {Inalienable possession: {T}he semantics of the definite article},
	 booktitle = {Weak Referentiality},
	 editor = {Ana Aguilar-Guevara and Bert {Le Bruyn} and Joost Zwarts},
	 pages = {311--334},
	 address = {Amsterdam},
	 publisher = {John Benjamins},
}

@INCOLLECTION{barker05,
	author = {Chris Barker},
	title = {Possessive weak definites},
	year = 2005,
	booktitle = {Possessives and Beyond: {S}emantics and Syntax},
	editor = {{Ji-yung} Kim and Yuri Lander and {Barbara H.} Partee}, 
	address = {UMass, Amherst},
	publisher = {GLSA},
	pages = {89--113},
}

@INCOLLECTION{poesio94,
	author = {Massimo Poesio},
	year = 1994,
	title = {Weak definites},
	booktitle = {Proceedings of {SALT} 4},
	editor = {Mandy Harvey and Lynn Santelmann},
	pages = {282--299},
  	address = {Ithaca},
  	publisher = {CLC Publications},
}

@article{Belk88,
	Author = {Russell W. Belk},
	Date-Added = {2019-03-25 07:34:55 +0100},
	Date-Modified = {2019-03-25 07:44:13 +0100},
	Journal = {The Journal of Consumer Research},
	Month = Sep,
	Number = {2},
	Pages = {139--68},
	Read = {0},
	Title = {Possessions and the Extended Self},
	Volume = {15},
	Year = {1988}}

@article{kamppartee,
	Author = {Hans Kamp and {Barbara H.} Partee},
	Journal = {Cognition},
	Pages = {129--191},
	Title = {Prototype theory and compositionality},
	Volume = {57},
	Year = {1995}}

@incollection{sailer10,
	Address = {Stanford},
	Author = {Manfred Sailer},
	Booktitle = {Proceedings of the 17th {I}nternational {C}onference on {H}ead-{D}riven {P}hrase {S}tructure {G}rammar},
	Editor = {Stefan M\"{u}ller},
	Pages = {191--211},
	Publisher = {CSLI Publications},
	Title = {The family of {E}nglish cognate object constructions},
	Year = 2010}

@incollection{bargmannsailerta,
	Address = {Berlin},
	Author = {Sascha Bargmann and Manfred Sailer},
	Booktitle = {Multiword Expressions: {I}nsights from a Multi-lingual Perspective},
	Editors = {Manfred Sailer and Stella Markantonatou},
	Pages = {1--29},
	Publisher = {Language Science Press},
	Title = {The syntactic flexibility of semantically non-decomposable idioms},
	Year = 2018}

@article{gehrkemcnally18,
	Author = {Gehrke, Berit and McNally, Louise},
	Journal = {Journal of Linguistics},
	Title = {Idioms and the syntax/semantics interface of descriptive content vs.\ reference},
	Volume = {57},
	Pages = {769--814},
	Number = {4},
	Year = 2019}

@inproceedings{mcnallyboleda04,
	Author = {Louise McNally and Gemma Boleda},
	Booktitle = {Empirical Issues in Formal Syntax and Semantics},
	Editor = {Cabredo Hofherr, Patricia and Bonami, Olivier},
	Pages = {179--196},
	Title = {Relational Adjectives as Properties of Kinds},
	Volume = {5},
	Year = {2004}}

@incollection{schenk95,
	Address = {Hillsdale},
	Author = {Schenk, Andr{\'e}},
	Booktitle = {Idioms: {S}tructural and psychological perspectives},
	Chapter = {10},
	Date-Added = {2018-04-25 15:27:20 +0000},
	Date-Modified = {2018-04-25 15:38:36 +0000},
	Editor = {Everaert, Martin and Linden, {Erik-Jan van der} and Schenk, Andr\'{e} and Schreuder, Robert},
	Pages = {253--271},
	Publisher = {L.\ Erlbaum Associates},
	Title = {The syntactic behavior of idioms},
	Year = {1995}}

@book{Comrie1981,
	Address = {Oxford},
	Author = {Bernard Comrie},
	Publisher = {Basil Blackwell},
	Title = {Language Universals and Linguistic Typology},
	Year = {1981}}

@book{Chomsky1957,
	Address = {The Hague},
	Author = {Noam Chomsky},
	Publisher = {Mouton},
	Title = {Syntactic structures},
	Year = {1957}}

@book{Circov1900,
	Address = {The Hague},
	Author = {{\'C}ircov, Boban},
	Publisher = {Mouton},
	Sortname = {Circov},
	Title = {Proceedings of Test Conference TCx3II},
	Year = {1957}}

@article{cserep10,
	Author = {Attila Cser\'{e}p},
	Journal = {Argumentum},
	Pages = {100--112},
	Title = {Premodification in idioms},
	Volume = {6},
	Year = 2010}

@article{egan08,
	Author = {Andrew Egan},
	Doi = {10.1111/j.1468-0068.2008.00686.x},
	Issn = {0029-4624},
	Journal = {No{\^u}s},
	Language = {English},
	Month = Sep,
	Number = {3},
	Pages = {381--409},
	Publisher = {Wiley-Blackwell},
	Title = {Pretense for the Complete Idiom},
	Volume = {42},
	Year = {2008},
	Bdsk-Url-1 = {https://doi.org/10.1111/j.1468-0068.2008.00686.x}}

@article{ernst81,
	Author = {Thomas Ernst},
	Journal = {Journal of Linguistic Research},
	Pages = {51--68},
	Title = {Grist for the linguistic mill: {I}dioms and `extra' adjectives},
	Volume = {1},
	Number = {3},
	Year = 1981}

@article{mcclure11,
	Author = {Scott McClure},
	Journal = {Semantics and Pragmatics},
	Pages = {1--7},
	Title = {Modification in non-combining idioms},
	Volume = {4},
	Year = 2011}

@book{MeierCircovac1900,
	Address = {The Hague},
	Author = {Meier, Hans and {\'C}ircovac, Damir},
	Publisher = {Mouton},
	Title = {Toastbrot},
	Year = {1957}}

@article{Hall73,
	Author = {Robert A. Hall},
	Issn = {00243892, 15309150},
	Journal = {Linguistic Inquiry},
	Number = {1},
	Pages = {92--94},
	Publisher = {The MIT Press},
	Title = {The Transferred Epithet in {P.\ G.\ Wodehouse}},
	Url = {http://www.jstor.org/stable/4177754},
	Volume = {4},
	Year = {1973},
	Bdsk-Url-1 = {http://www.jstor.org/stable/4177754}}

@article{geiszwicky71,
	Author = {Michael Geis and Arnold Zwicky},
	Journal = {Linguistic Inquiry},
	Pages = {561--566},
	Title = {On invited inferences},
	Volume = {2},
	Year = 1971}

@incollection{mittwoch98,
	Address = {Dordrecht},
	Author = {Anita Mittwoch},
	Booktitle = {Events and Grammar},
	Editor = {Susan Rothstein},
	Pages = {309--332},
	Publisher = {Kluwer},
	Title = {Cognate objects as reflections of {D}avidsonian event arguments},
	Year = 1998}

@incollection{mcnally16,
	Address = {Cambridge},
	Author = {Louise McNally},
	Booktitle = {Cambridge Handbook of Semantics},
	Editor = {Maria Aloni and Paul Dekker},
	Pages = {442--466},
	Publisher = {Cambridge University Press},
	Title = {Modification},
	Year = 2016}

@book{morzyckibook,
	Address = {Cambridge},
	Author = {Marcin Morzycki},
	Publisher = {Cambridge University Press},
	Title = {Modification},
	Year = 2015}

@incollection{nicolas95,
	Address = {Hillsdale},
	Author = {Tim Nicolas},
	Booktitle = {Idioms: {S}tructural and psychological perspectives},
	Chapter = {9},
	Date-Modified = {2018-04-25 15:38:36 +0000},
	Editor = {Everaert, Martin and Linden, {Erik-Jan van der} and Schenk, Andr\'{e} and Schreuder, Robert},
	Pages = {233--252},
	Publisher = {L.\ Erlbaum Associates},
	Title = {Semantics of idiom modification},
	Year = 1995}

@article{Nunberg:al:94,
	Author = {Geoffrey Nunberg and Sag, Ivan A. and Thomas Wasow},
	Journal = {Language},
	Pages = {491--538},
	Title = {Idioms},
	Volume = {70},
	Year = {1994}}

@unpublished{sailer17,
	Author = {Manfred Sailer},
	Note = {Paper presented at {EW-HPSG}, {P}aris, March 2017},
	Title = {The multi-dimensional semantics of kinegrams},
	Year = 2017}

@incollection{stathi07,
	Address = {London},
	Author = {Katerina Stathi},
	Booktitle = {Idioms and Collocations: {C}orpus-based Linguistic and Lexicographic Studies},
	Editor = {Christiane Fellbaum},
	Pages = {81--108},
	Publisher = {Continuum},
	Title = {A corpus-based analysis of adjectival modification in {G}erman idioms},
	Year = 2007}
