

@article{abeille2019corpus,
  title={Un corpus annot{\'e} pour le fran{\c{c}}ais: le {French Treebank}},
  author={Abeill{\'e}, Anne and Cl{\'e}ment, Lionel and Li{\'e}geois, Lo{\"\i}c},
  journal={TAL},
  volume={60(2)},
  pages={19--43},
  year={2019}
}




@article{Bates2015,
  author={Bates, Douglas and Kliegl, Reinhold and Vasishth, Shravan and Baayen, Harald},
  title={Parsimonious mixed models},
  journal={arXiv preprint arXiv:1506.04967},
  year={2015}
}



@article{baudiffier2011effect,
  title={The effect of noun animacy on the processing of unambiguous sentences: {Evidence from French} relative clauses},
  author={Baudiffier, Vanessa and Caplan, David and Gaonac'h, Daniel and Chesnet, David},
  journal={Quarterly Journal of Experimental Psychology},
  volume={64},
  number={10},
  pages={1896--1905},
  year={2011}
}


@article{Behaghel,
  title={Beziehungen zwischen {Umfang und Reihenfolge von Satzgliedern}.},
  author={Behaghel, Otto},
  year={1909},
  	pages = {110--142},
	volume = {25},
	journal = {Indogermanische Forschungen}
}

@inbook {Bonami,
	title = {Inversion du sujet, constituance et ordre des mots},
	booktitle = {Cahier Jean-Claude Milner},
	year = {2001},
	pages = {117--174},
	publisher = {Verdier},
	organization = {Verdier},
	address = {Paris},
	author = {Olivier Bonami and Godard, Dani{\`e}le},
	editor = {Jean-Marie Marandin}
}



@article{BoumaSag2001,
  title={Satisfying Constraints on Extraction and Adjunction},
  author={Bouma, Gosse and Malouf, Robert and Sag, Ivan A.},
  journal={Natural Language \& Linguistic Theory},
  volume={19},
  number={1},
  pages={1--65},
  year={2001}}

@book{di2016,
  title={Les musiques du fran{\c{c}}ais parl{\'e}: {Essais} sur l’accentuation, la m{\'e}trique, le rythme, le phras{\'e} prosodique et l’intonation du fran{\c{c}}ais contemporain},
  author={Di Cristo, Albert},
  volume={1},
  year={2016},
  publisher={Berlin: Walter de Gruyter}
}


@article{deprez1990two,
  title={Two ways of moving the verb in {French}},
  author={D{\'e}prez, Viviane},
  journal={MIT working papers in linguistics},
  volume={13},
  pages={47--85},
  year={1990}
}


@misc{drummond2013ibex,
  title={Ibex farm},
  author={Drummond, Alex},
  journal={Online server: http://spellout. net/ibexfarm},
  year={2013}
}




@article{Frauenfelder1980,
  title={Monitoring around the relative clause},
  author={Frauenfelder, Ulrich and Segui, Juan and Mehler, Jacques},
  journal={Journal of Verbal Learning and Verbal Behavior},
  volume={19},
  number={3},
  pages={328--337},
  year={1980}}



@article{Friedmann2009,
  title={Relativized relatives: {Types} of intervention in the acquisition of {A-bar} dependencies},
  author={Friedmann, Naama and Belletti, Adriana and Rizzi, Luigi},
  journal={Lingua},
  volume={119},
  number={1},
  pages={67--88},
  year={2009},
  publisher={Elsevier}
}



@incollection {catherine1997,
	title = {La place du sujet nominal dans les relatives},
	booktitle = {La place du sujet en fran{\c{c}}ais contemporain},
	year = {1997},
	pages = {135--178},
	publisher = {Louvain: Duculot},
	author = {Fuchs, Catherine},
	editor = {Fuchs, Catherine}
}


@incollection {Fuchs2006,
	title = {La place du sujet nominal en fran{\c{c}}ais: {de} la syntaxe {\`a} l’{\'e}nonciation},
	booktitle = {Enonciation et syntaxe},
	year = {2006},
	pages = {9--25},
	publisher = {Editura Echinox},
	author = {Fuchs, Catherine},
	editor = {Hrubaru, F. and Velicu, A.}
}

@incollection {fuchs2006franccais,
	title = {Le fran{\c{c}}ais moderne, entre {V2 et SVO}?},
	booktitle = {Discours, diachronie, stylistique du fran{\c{c}}ais},
	year = {2006},
	pages = {17--35},
	publisher = {Peter Lang},
	author = {Fuchs, Catherine and Le Goffic, Pierre},
	editor = {Bertrand, Olivier and Pr\'{e}vost, Sophie and Charolles, Michel and Fran\c{c}ois, Jacques}
}


@incollection {gibson2000,
	title = {The dependency locality theory: {A} distance-based theory of linguistic complexity},
	booktitle = {Image, language, brain: {Papers} from the first mind articulation project symposium},
	year = {2000},
	pages = {95--126},
	publisher = {Cambridge: MIT Press},
	author = {Gibson, Edward},
	editor = {Marantz, Alec P. and Miyashita, Yasushi and O'Neil, Wayne}
}

@article{Gibson2013,
  title={The need for quantitative methods in syntax and semantics research},
  author={Gibson, Edward and Fedorenko, Evelina},
  journal={Language and Cognitive Processes},
  volume={28},
  number={1-2},
  pages={88--124},
  year={2013},
  publisher={Taylor \& Francis}
}



@article{Holmes1981,
  title={Eye fixation patterns during the reading of relative-clause sentences},
  author={Holmes, Virginia M. and O'Regan, J. Kevin},
  journal={Journal of Verbal Learning and Verbal Behavior},
  volume={20},
  number={4},
  pages={417--430},
  year={1981},
  publisher={Elsevier}
}


@book{HulkPollock2001,
  title={Subject inversion in {Romance and the theory of Universal Grammar}},
  author={Hulk, Aafke C.J. and Pollock, Jean-Yves},
  year={2001},
  publisher={Oxford: Oxford University Press}
}



@article{Jaeger2008,
  title={Categorical data analysis: {A}way from {ANOVA}s (transformation or not) and towards logit mixed models},
  author={Jaeger, T Florian},
  journal={Journal of Memory and Language},
  volume={59},
  number={4},
  pages={434--446},
  year={2008},
  publisher={Elsevier}
}


@incollection {kampers2004,
	title = {Subject {NP} inversion},
	booktitle = {Handbook of {French} semantics},
	year = 2004,
	pages = {553--579},
	publisher = {CSLI Publications},
	address = {Stanford},
	author = {Kampers-Manhe, Brigitte and Marandin, Jean-Marie and Drijkoningen, Frank and Doetjes, Jenny and Hulk, Aafke C.J.},
	editor = {Corblin, Francis and de Swart, Henri\"{e}tte}
}


@article{Kayne1973,
  title={L’inversion du sujet en fran{\c{c}}ais dans les propositions interrogatives},
  author={Kayne, Richard},
  journal={Le fran{\c{c}}ais moderne},
  volume=41,
  number=2,
  pages={131--151},
  year=1973
}


@article{kayne1978,
  title={Stylistic inversion, successive cyclicity, and {Move NP in French}},
  author={Kayne, Richard and Pollock, Jean-Yves},
  journal={Linguistic Inquiry},
  pages={595--621},
  year={1978},
  publisher={JSTOR}
}


@book{Lahousse2011,
  title={Quand passent les cigognes. {Le} sujet nominal postverbal en fran{\c{c}}ais moderne},
  author={Lahousse, Karen},
  year={2011},
  publisher={Presses Universitaires de Vincennes; Paris}
}



@book{LeBidoisR1950,
  title={L'inversion du sujet dans la prose contemporaine (1900-1950): {{\'e}tudi{\'e}e} plus sp{\'e}cialement dans l'oeuvre de {Marcel Proust}},
  author={Le Bidois, Robert},
  year={1952},
  publisher={Artrey}
}


@article{mak2006animacy,
  title={Animacy in processing relative clauses: {The} hikers that rocks crush},
  author={Mak, Willem M and Vonk, Wietske and Schriefers, Herbert},
  journal={Journal of Memory and Language},
  volume={54},
  number={4},
  pages={466--490},
  year={2006},
  publisher={Elsevier}
}



@INPROCEEDINGS{marandin2011,
  AUTHOR = {Marandin, Jean-Marie},
  PUBLISHER = {CSLI Publications},
  BOOKTITLE = {Proceedings of the 18th HPSG conference},
  DATE = {2011},
  PAGES = {327--347},
  TITLE = {Subject inversion in {French}. {The} limits of information structure},
}


@inproceedings{pozniak2015processing,
  title={Processing subject and object relative clauses in {French and Mandarin Chinese}},
  author={Pozniak, C{\'e}line and Hemforth, Barbara},
  location={Poster presentation, CUNY, Los Angeles},
  year={2015}
}


@book{rizzi1990,
  title={Relativized minimality.},
  author={Rizzi, Luigi},
  year={1990},
  publisher={Cambridge: MIT Press}
}


@article{barr2013,
  title={Random effects structure for confirmatory hypothesis testing: {Keep} it maximal},
  author={Barr, Dale J and Levy, Roger and Scheepers, Christoph and Tily, Harry J},
  journal={Journal of Memory and Language},
  volume={68},
  number={3},
  pages={255--278},
  year={2013},
  publisher={Elsevier}
}



@article{sag2010,
  title={English filler-gap constructions},
  author={Sag, Ivan A},
  journal={Language},
  pages={486--545},
  year={2010},
  publisher={JSTOR}
}







@article{buridant1999ordre,
  title={L'ordre Verbe-sujet en ancien fran{\c{c}}ais et son {\'e}volution vers le fran{\c{c}}ais moderne. {Esquisse} de comparaison avec les langues romanes},
  author={Buridant, Claude},
  journal={Linx. Revue des linguistes de l’universit{\'e} Paris X Nanterre},
  number={11},
  pages={167--188},
  year={1999},
  publisher={D{\'e}partement de Sciences du langage, Universit{\'e} Paris Ouest}
}


@article{traxler2002,
  title={Processing subject and object relative clauses: {Evidence} from eye movements},
  author={Traxler, Matthew J and Morris, Robin K. and Seely, Rachel E.},
  journal={Journal of Memory and Language},
  volume={47},
  number={1},
  pages={69--90},
  year={2002},
  publisher={Elsevier}
}



@book{wasow2002postverbal,
  title={Postverbal behavior},
  author={Wasow, Thomas},
  year={2002},
  publisher={Stanford: CSLI Publications}
}

