@PREAMBLE{ "\providecommand{\noopsort}[1]{} \providecommand*{\donothing}[1]{}	   \providecommand*{\printsecond}[2]{#2}" }


@ARTICLE{Bonami:Godard:07,
  AUTHOR = {Bonami, Olivier and Godard, Danièle},
  DATE = {2007},
  DOI = {10.1007/s11168-007-9037-z},
  JOURNALTITLE = {Journal of Research on Language and Computation},
  NOTE = {Special Issue on Semantic Compositionality},
  NUMBER = {4},
  PAGES = {391--413},
  TITLE = {Parentheticals in Underspecified Semantics: {T}he Case of Evaluative Adverbs},
  VOLUME = {5},
}

@INPROCEEDINGS{Bos:96,
  AUTHOR = {Bos, Johan},
  EDITOR = {Dekker, Paul and Stokhof, Martin},
  PUBLISHER = {ILLC/Department of Philosophy, University of Amsterdam},
  BOOKTITLE = {Proceedings of the 10th {A}msterdam {C}olloquium},
  DATE = {1996},
  PAGES = {133--143},
  TITLE = {Predicate Logic Unplugged},
}

@INCOLLECTION{Burnett:al:15,
  AUTHOR = {Burnett, Heather and Tremblay, Mireille and Blondeau, Hélène},
  EDITOR = {Fischer, Sabriya},
  URL = {repository.upenn.edu/pwpl/vol21/iss2/3/},
  BOOKTITLE = {Selected Papers from {NWAV} 43},
  DATE = {2015},
  NUMBER = {2},
  SERIES = {Penn Working Papers in Linguistics},
  TITLE = {The Variable Grammar of {M}ontréal {F}rench Negative Concord},
  VOLUME = {21},
}

@PHDDISSERATION{Chaves:07,
  AUTHOR = {Chaves, Rui P.},
  INSTITUTION = {University of Lisbon},
  URL = {http://www.acsu.buffalo.edu/~rchaves/diss_rpc.pdf},
  DATE = {2007},
  TITLE = {Coordinate Structures: {{C}}onstraint-Based Syntax-Semantics Processing},
  URLDATE = {2020-02-01},
}

@ARTICLE{Chaves:12,
  AUTHOR = {Chaves, Rui P.},
  DATE = {2012},
  DOI = {10.1007/s11049-011-9164-y},
  JOURNALTITLE = {Natural Language and Linguistic Theory},
  NUMBER = {2},
  PAGES = {465--512},
  TITLE = {On the Grammar of Extraction and Coordination},
  VOLUME = {30},
}

@ARTICLE{Copestake:al:05,
  AUTHOR = {Copestake, Ann and Flickinger, Dan and Pollard, Carl and Sag, Ivan A.},
  DATE = {2005},
  JOURNALTITLE = {Journal of Research on Language and Computation},
  PAGES = {281--332},
  TITLE = {{Minimal Recursion Semantics}: {An} Introduction},
  VOLUME = {3},
}

@INPROCEEDINGS{Doetjes:05,
  AUTHOR = {Doetjes, Jenny},
  EDITOR = {Maier, Emar and Bary, Corien and Huitink, Janneke},
  URL = {https://semanticsarchive.net/Archive/zY3ZDk2N/sub9proc.pdf},
  BOOKTITLE = {Proceedings of {S}inn und {B}edeutung 9},
  DATE = {2005},
  PAGES = {72--86},
  TITLE = {The Chameleontic Nature of {F}rench \emph{ni}: {N}egative coordination in a negative concord language},
  URLDATE = {2019-05-19},
}

@ARTICLE{Egg:10,
  AUTHOR = {Egg, Markus},
  DATE = {2010},
  DOI = {https://doi.org/10.1111/j.1749-818X.2010.00188.x},
  JOURNALTITLE = {Language and Linguistics Compass},
  NUMBER = {3},
  PAGES = {166--181},
  TITLE = {Semantic Underspecification},
  VOLUME = {4},
}

@ARTICLE{Evans:77,
  AUTHOR = {Evans, Gareth},
  DATE = {1977},
  JOURNALTITLE = {Canadian Journal of Philosophy},
  NUMBER = {3},
  PAGES = {467--536},
  TITLE = {Pronouns, Quantifiers, and Relative Clauses ({I})},
  VOLUME = {7},
}

@ARTICLE{Evans:80,
  AUTHOR = {Evans, Gareth},
  DATE = {1980},
  JOURNALTITLE = {Linguistic Inquiry},
  NUMBER = {2},
  PAGES = {337--362},
  TITLE = {Pronouns},
  VOLUME = {11},
}

@ARTICLE{Fox:95,
  AUTHOR = {Fox, Danny},
  DATE = {1995},
  DOI = {https://doi.org/10.1007/BF01248820},
  JOURNALTITLE = {Natural Language Semantics},
  NUMBER = {3},
  PAGES = {283--341},
  TITLE = {Economy and Scope},
  VOLUME = {3},
}

@INPROCEEDINGS{Gajic:16,
  AUTHOR = {Gajić, Jovana},
  LOCATION = {Somerville, MA},
  PUBLISHER = {Cascilla Proceedings Project},
  BOOKTITLE = {Proceedings of the {33rd West Coast Conference on Formal Linguistics}},
  DATE = {2016},
  PAGES = {128--136},
  TITLE = {N-words and the Wide Scope Illusion},
}

@INCOLLECTION{Giannakidou:05,
  AUTHOR = {Giannakidou, Anastasia},
  EDITOR = {Everaert, Martin and van Riemsdijk, Henk and Goedemans, Rob and Hollebrandse, Bart},
  LOCATION = {Oxford},
  PUBLISHER = {Blackwell Publishing},
  BOOKTITLE = {The Linguistics Companion},
  DATE = {2005},
  PAGES = {327--391},
  TITLE = {N-Words and Negative Concord},
  VOLUME = {3},
}

@ARTICLE{Groenendijk:Stokhof:91,
  AUTHOR = {Groenendijk, Jeroen and Stokhof, Martin},
  DATE = {1991},
  JOURNALTITLE = {Linguistics and Philosophy},
  NUMBER = {1},
  PAGES = {39--100},
  TITLE = {Dynamic Predicate Logic},
  VOLUME = {14},
}

@INCOLLECTION{Haegeman&Zanuttini:96,
  AUTHOR = {Haegeman, Liliane and Zanuttini, Raffaella},
  EDITOR = {Belletti, Adriana and Rizzi, Luigi},
  PUBLISHER = {Oxford University Press},
  BOOKTITLE = {Parameters and Functional Heads: {E}ssays in Comparative Syntax},
  DATE = {1996},
  PAGES = {117--179},
  TITLE = {Negative Concord in {West Flemish}},
}

@BOOK{Heim:Kratzer:98,
  AUTHOR = {Heim, Irene and Kratzer, Angelika},
  LOCATION = {Malden, M.A.},
  PUBLISHER = {Blackwell},
  DATE = {1998},
  TITLE = {Semantics in Generative Grammar},
}

@INCOLLECTION{Horn:78,
  AUTHOR = {Horn, Laurence R.},
  EDITOR = {Cole, Peter},
  LOCATION = {New York, San Francisco, London},
  PUBLISHER = {Academic Press},
  BOOKTITLE = {Pragmatics},
  DATE = {1978},
  PAGES = {129--220},
  SERIES = {Syntax and Semantics},
  TITLE = {Remarks on Neg-Raising},
  VOLUME = {9},
}

@ARTICLE{Jacobs:80,
  AUTHOR = {Jacobs, Joachim},
  DATE = {1980},
  DOI = {https://doi.org/10.1515/thli.1980.7.1-3.121},
  ISSUE = {1--3},
  JOURNALTITLE = {Theoretical Linguistics},
  PAGES = {121--136},
  TITLE = {Lexical Decomposition in {M}ontague {G}rammar},
  VOLUME = {7},
}

@INCOLLECTION{Kamp:81,
  AUTHOR = {Kamp, Hans},
  EDITOR = {Groenendijk, Jeroen A. G. and Janssen, Theo M. V. and Stokhof, Martin B. J.},
  LOCATION = {Dordrecht},
  PUBLISHER = {Foris},
  BOOKTITLE = {Truth, Representation and Information},
  DATE = {1981},
  PAGES = {277--322},
  TITLE = {A Theory of Truth and Semantic Representation},
}

@BOOK{Kamp:Reyle:93,
  AUTHOR = {Kamp, Hans and Reyle, Uwe},
  LOCATION = {Dordrecht},
  PUBLISHER = {Kluwer Academic Publishers},
  DATE = {1993},
  TITLE = {From Discourse to Logic},
}

@BOOK{Keenan:Faltz:85,
  AUTHOR = {Keenan, Edward L. and Faltz, Leonard M.},
  LOCATION = {Dordrecht},
  PUBLISHER = {Reidel},
  DATE = {1985},
  TITLE = {Boolean Semantics for Natural Language},
}

@INPROCEEDINGS{Lahm:18,
  AUTHOR = {Lahm, David},
  EDITOR = {Müller, Stefan and Richter, Frank},
  LOCATION = {Stanford},
  PUBLISHER = {CSLI Publications},
  URL = {http://web.stanford.edu/group/cslipublications/cslipublications/HPSG/2018/hpsg2018-lahm.pdf},
  BOOKTITLE = {Proceedings of the 25th {International Conference} on {H}ead-{D}riven {P}hrase {S}tructure {G}rammar, {U}niversity of {T}okyo},
  DATE = {2018},
  PAGES = {89--109},
  TITLE = {Plural in {L}exical {R}esource {S}emantics},
  URLDATE = {2020-02-01},
}

@INCOLLECTION{Larrivee:16,
  AUTHOR = {Larrivée, Pierre},
  EDITOR = {Larrivée, Pierre and Lee, Chungmin},
  LOCATION = {Cham},
  PUBLISHER = {Springer},
  BOOKTITLE = {Negation and Polarity: {E}xperimental Perspectives},
  DATE = {2016},
  DOI = {10.1007/978-3-319-17464-8_8},
  JOURNALTITLE = {Language, Cognition, and Mind},
  PAGES = {177--197},
  TITLE = {The Markedness of Double Negation},
  VOLUME = {1},
}



@INPROCEEDINGS{Luecking:Ginzburg:19,
  AUTHOR = {L{ü}cking, Andy and Ginzburg, Jonathan},
  LOCATION = {University of Amsterdam},
  URL = {http://events.illc.uva.nl/AC/AC2019/},
  BOOKTITLE = {Proceedings of the {Amsterdam Colloquium} 2019},
  DATE = {2019},
  FILE = {http://events.illc.uva.nl/AC/AC2019/uploaded_files/inlineitem/L_cking_and_Ginzburg_Not_few_but_all_quantifiers_ca.pdf},
  PAGES = {269--278},
  SERIES = {AC'19},
  TITLE = {Not few but all quantifiers can be negated: {T}owards a referentially transparent semantics of quantified noun phrases},
}

@ARTICLE{Mitrovic:Sauerland:16,
  AUTHOR = {Mitrović, Moreno and Sauerland, Uli},
  URL = {https://akademiai.com/doi/pdf/10.1556/064.2016.63.4.5},
  DATE = {2016},
  DOI = {10.1556/064.2016.63.4.5},
  JOURNALTITLE = {Acta Linguistica Hungarica},
  NUMBER = {4},
  PAGES = {471--494},
  TITLE = {Two Conjunctions Are Better than One},
  URLDATE = {2019-06-25},
  VOLUME = {63},
}

@THESIS{Moltmann:92,
  AUTHOR = {Moltmann, Friederike},
  INSTITUTION = {MIT},
  LOCATION = {Cambridge MA},
  DATE = {1992},
  TITLE = {Coordination and Comparatives},
  TYPE = {phdthesis},
}

@INPROCEEDINGS{Niehren:al:97,
  AUTHOR = {Niehren, Joachim and Pinkal, Manfred and Ruhrberg, Peter},
  URL = {https://hal.inria.fr/file/index/docid/536822},
  BOOKTITLE = {Proceedings of the {International Conference on Automated Deduction}, {T}ownsville, {A}ustralia},
  DATE = {1997},
  TITLE = {On Equality Up-to Constraints over Finite Trees, Context Unification and One-Step Rewriting},
  URLDATE = {2019-05-10},
}

@ARTICLE{Nouwen:03,
  AUTHOR = {Nouwen, Rick},
  DATE = {2003},
  JOURNALTITLE = {Journal of Semantics},
  PAGES = {73--113},
  TITLE = {Complement Anaphora and Interpretation},
  VOLUME = {20},
}

@MISC{Park:al:18,
  AUTHOR = {Park, Sang-Hee and Koenig, Jean-Pierre and Chaves, Rui P.},
  URL = {http://phiz.c.u-tokyo.ac.jp/~hpsg2018/park_et_al.pdf},
  NOTE = {Abstract to a talk at \emph{HPSG 2018}},
  TITLE = {Scope Ambiguities and {L}exical {R}esource {S}emantics: {T}he Case of Gapping},
  URLDATE = {2020-02-01},
}


@BOOK{Penka:11,
  AUTHOR = {Penka, Doris},
  LOCATION = {Oxford},
  PUBLISHER = {Oxford University Press},
  DATE = {2011},
  NUMBER = {32},
  SERIES = {Oxford Studies in Theoretical Linguistics},
  TITLE = {Negative Indefinites},
}

@ARTICLE{Penka:12,
  AUTHOR = {Penka, Doris},
  DATE = {2012},
  JOURNALTITLE = {Journal of Semantics},
  PAGES = {373--402},
  TITLE = {Negative Features on Negative Indefinites: {E}vidence from Split Scope},
  VOLUME = {29},
}

@ARTICLE{Penka:Stechow:01,
  AUTHOR = {Penka, Doris and von Stechow, Arnim},
  DATE = {2001},
  JOURNALTITLE = {Linguistische Berichte},
  PAGES = {263--286},
  TITLE = {{Negative Indefinita unter Modalverben}},
}

@ARTICLE{Penka:Zeijlstra:11,
  AUTHOR = {Penka, Doris and Zeijlstra, Hedde},
  EDITOR = {Penka, Doris and Zeijlstra, Hedde},
  BOOKTITLE = {Special Issue on Negation and Polarity},
  DATE = {2011},
  JOURNALTITLE = {Natural Language and Linguistic Theory},
  NUMBER = {4},
  PAGES = {1--16},
  TITLE = {Negation and Polarity: {A}n Introduction},
  VOLUME = {28},
}

@INPROCEEDINGS{Penn:Richter:04,
  AUTHOR = {Penn, Gerald and Richter, Frank},
  EDITOR = {Müller, Stefan},
  LOCATION = {Stanford},
  PUBLISHER = {CSLI Publications},
  URL = {http://web.stanford.edu/group/cslipublications/cslipublications/HPSG/2004/penn-richter.pdf},
  BOOKTITLE = {Proceedings of the 11th {International Conference} on {H}ead-{D}riven {P}hrase {S}tructure {G}rammar 2004, {L}euven},
  DATE = {2004},
  PAGES = {423--443},
  TITLE = {{L}exical {R}esource {S}emantics: {F}rom Theory to Implementation},
  URLDATE = {2020-02-01},
}

@INPROCEEDINGS{Penn:Richter:05,
  AUTHOR = {Penn, Gerald and Richter, Frank},
  EDITOR = {Christiansen, Henning and Skadhauge, Peter Rossen and Villadsen, J{ø}rgen},
  PUBLISHER = {Springer},
  BOOKTITLE = {Constraint Solving and Language Processing. {F}irst International Workshop, {CSLP} 2004, {R}oskilde, {D}enmark, {S}eptember 1--3, 2004, Revised Selected and Invited Papers},
  DATE = {2005},
  PAGES = {48--73},
  SERIES = {Lecture Notes in Computer Science},
  TITLE = {The Other Syntax: {A}pproaching Natural Language Semantics Through Logical Form Composition},
  VOLUME = {3438},
}

@INPROCEEDINGS{Pinkal:95,
  AUTHOR = {Pinkal, Manfred},
  EDITOR = {Dekker, Paul and Stokhof, Martin},
  PUBLISHER = {ILLC/Department of Philosophy, University of Amsterdam},
  BOOKTITLE = {Proceedings of the 10th {A}msterdam {C}olloquium},
  DATE = {1996},
  PAGES = {587--606},
  TITLE = {Radical Underspecification},
}


@ARTICLE{Puskas:12,
  AUTHOR = {Puskás, Genoveva},
  DATE = {2012},
  JOURNALTITLE = {Natural Language and Linguistic Theory},
  NUMBER = {2},
  PAGES = {611--649},
  TITLE = {Licensing Double Negation in {NC} and non-{NC} languages},
  VOLUME = {30},
}

@INCOLLECTION{Richter:Sailer:01.1,
  AUTHOR = {Richter, Frank and Sailer, Manfred},
  EDITOR = {Meurers, W. Detmar and Kiss, Tibor},
  LOCATION = {Stanford},
  PUBLISHER = {CSLI Publications},
  BOOKTITLE = {Constraint-Based Approaches to {G}ermanic Syntax},
  DATE = {2001},
  PAGES = {257--300},
  TITLE = {On the Left Periphery of {G}erman Finite Sentences},
}

@INCOLLECTION{Richter:Sailer:04,
  AUTHOR = {Richter, Frank and Sailer, Manfred},
  EDITOR = {Beckmann, Arne and Preining, Norbert},
  LOCATION = {Vienna},
  PUBLISHER = {Kurt Gödel Society Wien},
  BOOKTITLE = {{ESSLLI} 2003 -- Course Material {I}},
  DATE = {2004},
  ISBN = {3-901546-00-6},
  PAGES = {87--143},
  SERIES = {Collegium Logicum},
  TITLE = {Basic Concepts of {Lexical Resource Semantics}},
  VOLUME = {5},
}

@INPROCEEDINGS{Richter:Sailer:06,
  AUTHOR = {Richter, Frank and Sailer, Manfred},
  EDITOR = {Müller, Stefan},
  LOCATION = {Stanford},
  PUBLISHER = {CSLI Publications},
  URL = {cslipublications.stanford.edu/HPSG/7/richter-sailer.pdf},
  BOOKTITLE = {Proceedings of the 13th {International Conference} on {H}ead-{D}riven {P}hrase {S}tructure {G}rammar, {V}arna 2006},
  DATE = {2006},
  PAGES = {305--325},
  TITLE = {Modeling Typological Markedness in Semantics: {T}he Case of Negative Concord},
  URLDATE = {2020-02-01},
}

@INPROCEEDINGS{Richter:Soehn:06,
  AUTHOR = {Richter, Frank and Soehn, Jan-Philipp},
  EDITOR = {M{ü}ller, Stefan},
  LOCATION = {Stanford},
  PUBLISHER = {CSLI Publications},
  URL = {http://web.stanford.edu/group/cslipublications/cslipublications/HPSG/2006/richter-soehn.pdf},
  BOOKTITLE = {The Proceedings of the 13th {International Conference on Head-Driven Phrase Structure Grammar}},
  DATE = {2006},
  PAGES = {421--440},
  TITLE = {\emph{Braucht niemanden zu scheren}: A Survey of {NPI} Licensing in {G}erman},
  URLDATE = {2020-02-01},
}

@THESIS{Ross:67,
  AUTHOR = {Ross, John Robert},
  INSTITUTION = {MIT},
  DATE = {1967},
  NOTE = {Published as \cite{Ross:86}},
  TITLE = {Constraints on Variables in Syntax},
  TYPE = {phdthesis},
}

@book{Ross:86,
author = {Ross, John Robert},
title = {Infinite Syntax},
publisher = {Ablex Publishing},
address = {Norwood, New Jersey},
year = 1986
}

@THESIS{Ruys:93,
  AUTHOR = {Ruys, Eddy},
  INSTITUTION = {University of Utrecht},
  DATE = {1993},
  TITLE = {The Scope of Indefnites},
  TYPE = {phdthesis},
}

@ARTICLE{Sabato:Winter:12,
  AUTHOR = {Sabato, Sivan and Winter, Yoad},
  DATE = {2012},
  JOURNALTITLE = {Linguistics and Philosophy},
  NUMBER = {3},
  PAGES = {191--241},
  TITLE = {Relational Domains and the Interpretation of Reciprocals},
  VOLUME = {35},
}


@INPROCEEDINGS{Sailer:04.cssp,
  AUTHOR = {Sailer, Manfred},
  EDITOR = {Bonami, Olivier and Cabredo Hofherr, Patricia},
  URL = {www.cssp.cnrs.fr/eiss5/sailer/index_en.html},
  BOOKTITLE = {Empirical Issues in Formal Syntax and Semantics},
  DATE = {2004},
  PAGES = {197--214},
  TITLE = {Local Semantics in {HPSG}},
  VOLUME = {5},
}

@INPROCEEDINGS{Sailer:04.sub,
  AUTHOR = {Sailer, Manfred},
  EDITOR = {Meier, Cécile and Weisgerber, Matthias},
  LOCATION = {Konstanz},
  URL = {www.ub.uni-konstanz.de/kops/volltexte/2004/1383},
  BOOKTITLE = {Proceedings of {S}inn und {B}edeutung 8},
  DATE = {2004},
  PAGES = {233--248},
  TITLE = {Past Tense Marking in {A}frikaans},
  URLDATE = {2020-02-01},
}

@INPROCEEDINGS{Sailer:05.hpsg,
  AUTHOR = {Sailer, Manfred},
  EDITOR = {Müller, Stefan},
  LOCATION = {Stanford},
  PUBLISHER = {CSLI Publications},
  URL = {cslipublications.stanford.edu/HPSG/5/sailer.pdf},
  BOOKTITLE = {Proceedings of the 11th {International Conference} on {H}ead-{D}riven {P}hrase {S}tructure {G}rammar, {L}euven 2004},
  DATE = {2004},
  PAGES = {223--243},
  TITLE = {Propositional Relative Clauses in {G}erman},
  URLDATE = {2019-07-02},
}

@INCOLLECTION{Sailer:05cssp,
  AUTHOR = {Sailer, Manfred},
  EDITOR = {Bonami, Olivier and Cabredo Hofherr, Patricia},
  LOCATION = {Paris},
  PUBLISHER = {CNRS},
  URL = {www.cssp.cnrs.fr/eiss6/sailer-eiss6.pdf},
  BOOKTITLE = {Empirical Issues in Formal Syntax and Semantics},
  DATE = {2006},
  PAGES = {375--403},
  TITLE = {\emph{Don't Believe} in Underspecified Semantics. {Neg} Raising in Lexical Resource Semantics},
  URLDATE = {2020-02-01},
  VOLUME = {6},
}

@MISC{Sailer:habil,
  AUTHOR = {Sailer, Manfred},
  DATE = {2009},
  NOTE = {Habilitation thesis, Universität Göttingen},
  TITLE = {A Representational Theory of Negative Polarity Item Licensing},
}

@INCOLLECTION{Sailer:10,
  AUTHOR = {Sailer, Manfred},
  EDITOR = {Müller, Stefan},
  LOCATION = {Stanford},
  PUBLISHER = {CSLI Publications},
  URL = {cslipublications.stanford.edu/HPSG/2010/sailer.pdf},
  BOOKTITLE = {Proceedings of the 17th {International Conference} on {H}ead-{D}riven {P}hrase {S}tructure {G}rammar, {P}aris, 2010},
  DATE = {2010},
  PAGES = {191--211},
  TITLE = {The Family of {E}nglish Cognate Object Constructions},
  URLDATE = {2019-07-02},
}

@INCOLLECTION{Sailer:16,
  AUTHOR = {Sailer, Manfred},
  EDITOR = {Aloni, Maria and Dekker, Paul},
  LOCATION = {Cambridge},
  PUBLISHER = {Cambridge University Press},
  BOOKTITLE = {Cambridge Handbook of Formal Semantics},
  DATE = {2016},
  PAGES = {629--663},
  TITLE = {The Syntax-semantics Interface},
}

@ARTICLE{Sailer:18,
  AUTHOR = {Sailer, Manfred},
  DATE = {2018},
  DOI = {https://doi.org/10.1515/ling-2017-0041},
  JOURNALTITLE = {Linguistics},
  NUMBER = {2},
  PAGES = {401--433},
  TITLE = {\emph{Doing the Devil}: {D}eriving the {PPI}-hood of a Negation-expressing Multi-dimensional Idiom},
  VOLUME = {52},
}


@INPROCEEDINGS{Sauerland:03,
  AUTHOR = {Sauerland, Uli},
  EDITOR = {Publications, CLC},
  URL = {http://semanticsarchive.net/Archive/TM0YjdiO/salt03paper.pdf},
  BOOKTITLE = {Salt 13},
  DATE = {2003},
  PAGES = {258--275},
  TITLE = {A New Semantics for Number},
  URLDATE = {2020-02-01},
  VOLUME = {13},
}

@INCOLLECTION{Stechow:93,
  AUTHOR = {\noopsort{Stechow}von Stechow, Arnim},
  EDITOR = {Jacobs, Joachim and von Stechow, Arnim and Sternefeld, Wolfgang and Vennemann, Theo},
  LOCATION = {Berlin and New York},
  PUBLISHER = {de Gruyter},
  BOOKTITLE = {{Syntax. Ein internationales Handbuch zeitgenössischer Forschung}},
  DATE = {1993},
  PAGES = {1--88},
  TITLE = {{Die Aufgaben der Syntax}},
  VOLUME = {1},
}

@ARTICLE{Sternefeld:98,
  AUTHOR = {Sternefeld, Wolfgang},
  DATE = {1998},
  ISSUE = {3},
  JOURNALTITLE = {Natural Language Semantics},
  PAGES = {303--337},
  TITLE = {Reciprocity and Cumulative Predication},
  VOLUME = {6},
}

@INCOLLECTION{deSwart:01ni,
  AUTHOR = {{\noopsort{Swart}}de Swart, Henri{ë}tte},
  EDITOR = {Bok-Bennema, Rijneke and de Jonge, Bob and Kampers-Manhe, Brigitte and Molendijk, Arie},
  LOCATION = {Amsterdam},
  PUBLISHER = {Editions Rodopi},
  BOOKTITLE = {Adverbial Modification},
  DATE = {2001},
  PAGES = {109--124},
  TITLE = {N{é}gation et coordination: la conjonction \textit{ni}},
}

@BOOK{deSwart:10,
  AUTHOR = {{\noopsort{Swart}}de Swart, Henriëtte},
  LOCATION = {Dordrecht},
  PUBLISHER = {Springer},
  DATE = {2010},
  SERIES = {Studies in Natural Language and Linguistic Theory},
  TITLE = {Expression and Interpretation of Negation},
  VOLUME = {77},
}

@ARTICLE{Szabolcsi:Haddican:04,
  AUTHOR = {Szabolcsi, Anna and Haddican, Bill},
  DATE = {2004},
  DOI = {https://doi.org/10.1093/jos/21.3.219},
  JOURNALTITLE = {Journal of Semantics},
  NUMBER = {3},
  PAGES = {219--249},
  TITLE = {Conjunction Meets Negation: {A} Study in Cross-linguistic Variation},
  VOLUME = {21},
}

@BOOK{Winter:01,
  AUTHOR = {Winter, Yoad},
  LOCATION = {Cambridge, MA},
  PUBLISHER = {MIT Press},
  DATE = {2001},
  TITLE = {Flexibility Principles in Boolean Semantics: {{C}}oordination, plurality and scope in natural language},
}

@INPROCEEDINGS{Winter:16,
  AUTHOR = {Winter, Yoad},
  EDITOR = {Pi{ñ}{ó}n, Christopher},
  LOCATION = {Paris},
  PUBLISHER = {CSSP},
  URL = {http://www.cssp.cnrs.fr/eiss11/},
  BOOKTITLE = {Empirical Issues in Syntax and Semantics 11},
  DATE = {2016},
  PAGES = {245--274},
  TITLE = {The Reciprocity-Symmetry Generalization: {P}rotopredicates and the Organization of Lexical Meanings},
}

@INPROCEEDINGS{Zeijlstra:04,
  AUTHOR = {Zeijlstra, Hedde},
  EDITOR = {Meier, Cécile and Weisgerber, Matthias},
  LOCATION = {Konstanz},
  URL = {www.ub.uni-konstanz.de/kops/volltexte/2004/1383},
  BOOKTITLE = {Proceedings of {S}inn und {B}edeutung 8},
  DATE = {2004},
  PAGES = {333--348},
  TITLE = {Syntactic vs.\ Semantic Negation},
}

@INCOLLECTION{Zeijlstra:15,
  AUTHOR = {Zeijlstra, Hedde},
  EDITOR = {Kosta, Peter and Franks, Steven L. and Radeva-Bork, Teodora and Schürcks, Lilia},
  LOCATION = {Amsterdam and Philadelphia},
  PUBLISHER = {Benjamins},
  BOOKTITLE = {Minimalism and Beyond: {R}adicalizing the Interfaces},
  DATE = {2014},
  PAGES = {109--129},
  TITLE = {On the Uninterpretability of Interpretable Features},
}

@ARTICLE{Zeijlstra:16,
  AUTHOR = {Zeijlstra, Hedde},
  DATE = {2016},
  DOI = {10.1146/annurev-linguist-030514-125126},
  JOURNALTITLE = {Annual Review of Linguistics},
  NUMBER = {2},
  PAGES = {17.1--17.22},
  TITLE = {Negation and Negative Dependencies},
}

@ARTICLE{Zeijlstra:17,
  AUTHOR = {Zeijlstra, Hedde},
  DATE = {2017},
  DOI = {10.1007/s11245-017-9461-0},
  JOURNALTITLE = {Topoi},
  TITLE = {Does Neg-Raising Involve Neg-Raising?},
}

