@book{langsci-current-book, author = {Ingrid Paulsen}, title = {{{The} {emergence} {of} {American} {English} {as} {a} {discursive} {variety} }}, subtitle = {{Tracing {enregisterment} {processes} {in} {nineteenth-century} {U.S.} {newspapers}}},year = {2022}, series = {Language Variation}, number = {7}, location = {Berlin}, publisher = {Language Science Press}, options = {dataonly=true} } 
