% Encoding: UTF-8
@techreport{Zeit2007,
	author = {ZEIT},
	pages = {4},
	title = {{Der Weg zum Journalistischen Schreiben}},
	url = {https://gymwil.files.wordpress.com/2007/10/zeit-journalistentipps5.pdf},
	year = {2007}
}

@techreport{LommelDePalma2016,
	address = {Boston},
	author = {Arle Lommel and Donald A. DePalma},
	ids = {Lommel2016EuropesMT},
	publisher = {Common Sense Advisory},
	title = {Europe’s leading role in Machine Translation: {{H}}ow {{{{Europe}}}} is driving the shift to {{MT}}},
	url = {http://cracker-project.eu},
	year = {2016}
}

@techreport{Gonzalez2014,
	author = {Gonzàlez, Meritxell and Giménez, Jesús},
	title = {An Open Toolkit for Automatic Machine Translation (Meta-) Evaluation},
	url = {http://asiya.lsi.upc.edu/Asiya_technical_manual_v3.0.pdf},
	year = {2014}
}

@techreport{GesellschaftfurTechnischeKommunikation2013,
	address = {Stuttgart},
	author = {{Gesellschaft für Technische Kommunikation, Tekom e.V.}},
	edition = {2},
	publisher = {Tekom},
	title = {{Leitlinie {\grqq}Regelbasiertes Schreiben{\grqq} {{Deutsch}} für die Technische Kommunikation}},
	year = {2013}
}

@report{lommel_d3.1:_2015,
	address = {Saarbrücken},
	author = {Lommel, Arle and Görög, Attila and Melby, Alan and Uszkoreit, Hans and Burchardt, Aljoscha and Popović, Maja},
	title = {D3.1: {{H}}armonised Metric: {{Q}}uality Translation 21},
	year = {2015}
}

@phdthesis{rothe2002caracteristicas,
	author = {Rui Rothe-Neves},
	school = {Federal University of Minas Gerais},
	title = {Características cognitivas e desempenho em tradu{\c{c}}ão: {{I}}nvestiga{\c{c}}ão em tempo real},
	year = {2002}
}

@phdthesis{pavlovic2007directionality,
	author = {Nataša Pavlović},
	school = {Universitat Rovira i Virgili},
	title = {Directionality in Collaborative Translation Processes},
	year = {2007}
}

@phdthesis{orrego-carmona_reception_2015,
	author = {Orrego-Carmona, David},
	school = {Universitat Rovira i Virgili},
	title = {The reception of (non) professional subtitling},
	year = {2015}
}

@phdthesis{lapshinova-koltunski_german_2009,
	author = {Lapshinova-Koltunski, Ekaterina},
	pagetotal = {290},
	school = {University of Stuttgart},
	title = {German Clause-Embedding Predicates: {{A}}n Extraction and Classification Approach},
	year = {2009}
}

@phdthesis{ferreira2013direcionalidade,
	author = {Aline Alves Ferreira},
	school = {Federal University of Minas Gerais},
	title = {Direcionalidade em tradu{\c{c}}ão: {O} papel da subcompet{\^e}ncia bil{\'\i}ngue em tarefas de tradu{\c{c}}ão {L1} e {L2}},
	year = {2013}
}

@phdthesis{daems2016translation,
	author = {Daems, Joke},
	school = {Ghent University},
	title = {A translation robot for each translator?: {{A}} comparative study of manual translation and post-editing of machine translations: {{P}}rocess, quality and translator attitude},
	year = {2016}
}

@phdthesis{Winhart2005,
	author = {Winhart, Heike},
	school = {Universität Tübingen},
	title = {{Funktionsverbgefüge im {{Deutschen}} Zur Verbindung von {{Verben}} und Nominalisierungen}},
	url = {https://publikationen.uni-tuebingen.de/xmlui/bitstream/handle/10900/46248/pdf/Dissertation-Drive.pdf},
	year = {2005}
}

@phdthesis{North2005,
	author = {North, Ryan},
	school = {University of Toronto},
	title = {Computational measures of the acceptability of light verb constructions},
	year = {2005}
}

@phdthesis{Mitchell2015CommunityPO,
	author = {Linda G. Mitchell},
	school = {Dublin City University},
	title = {Community post-editing of machine-translated user-generated content},
	year = {2015}
}

@phdthesis{Kuhn1994,
	author = {Kuhn, Jonas},
	school = {University of Stuttgart},
	title = {{Die Behandlung von Funktionsverbgefügen in einem {{HPSG}}-basierten Übersetzungsansatz}},
	year = {1994}
}

@phdthesis{Koponen2016b,
	author = {Koponen, Maarit},
	month = {3},
	school = {University of Eastern Finland},
	title = {Machine Translation Post-editing and Effort: {Empirical} Studies on the Post-editing Process},
	year = {2016}
}

@phdthesis{De_almeida2013,
	author = {De Almeida, Giselle},
	school = {Dublin City University},
	title = {Translating the post-editor: {{A}}n investigation of post-editing changes and correlations with professional experience across two {{Romance}} languages},
	url = {http://doras.dcu.ie/17732/1/THESIS_G_de_Almeida.pdf},
	year = {2013}
}

@misc{team2019r,
	address = {{V}ienna},
	author = {{R Development Core Team}},
	publisher = {{R} Foundation for Statistical Computing; 2013},
	title = {R: {{A}} language and environment for statistical computing, version 3.0.2.},
	year = {2019}
}

@misc{netflix2018timed,
	author = {Netflix},
	journal = {Netflix {\textbar} Partner Help Center},
	title = {Timed text style guide: {{G}}eneral requirements},
	url = {https://partnerhelp.netflixstudios.com/hc/en-us/articles/215758617-Timed-Text-Style-Guide-General-Requirements},
	urldate = {2020-03-11},
	year = {2018}
}

@misc{lenth_emmeans_2019,
	author = {Lenth, Russell and Singmann, Henrik and Love, Jonathon and Buerkner, Paul and Herve, Maxime},
	shorttitle = {emmeans},
	title = {emmeans: {{{E}}}stimated Marginal Means, aka Least-Squares Means},
	url = {https://CRAN.R-project.org/package=emmeans},
	year = {2019}
}

@misc{cho2014properties,
	archiveprefix = {arXiv},
	author = {Kyunghyun Cho and Bart van Merrienboer and Dzmitry Bahdanau and Yoshua Bengio},
	eprint = {1409.1259},
	primaryclass = {cs.CL},
	title = {On the Properties of Neural Machine Translation: {{E}}ncoder-Decoder Approaches},
	year = {2014}
}

@misc{bundesministerium_der_justiz_und_fur_verbraucherschutz_gesetz_2002,
	author = {Bundesministerium der Justiz und für Verbraucherschutz},
	month = {5},
	title = {{Gesetz zur {{Gleichstellung}} von Menschen mit Behinderungen (Behindertengleichstellungsgesetz, {{BGG}})}},
	year = {2002}
}

@misc{barton2019package,
	author = {Bartoń, Kamil},
	title = {{{MuMI}n}: {M}ulti-model inference},
	url = {https://cran.r-project.org/package=MuMIn},
	year = {2009}
}

@misc{TAUS2016,
	author = {TAUS},
	title = {{{TAUS}} Post-Editing Guidelines},
	url = {https://www.taus.net/think-tank/articles/postedit-articles/taus-post-editing-guidelines},
	year = {2016}
}

@misc{O’Brien2010,
	author = {O’Brien, Sharon},
	title = {Introduction to Post-Editing: {{W}}ho, What, How and Where to Next},
	url = {http://amta2010.amtaweb.org/AMTA/papers/6-01-ObrienPostEdit.pdf},
	year = {2010}
}

@misc{Mesa-Lao2013,
	author = {Bartolomé Mesa-Lao},
	title = {Introduction to post-editing: {{T}}he {{{CasM}aCat} {{GUI}}}},
	url = {http://bridge.cbs.dk/projects/seecat/material/hand-out_post-editing_bmesa-lao.pdf},
	year = {2013}
}

@misc{Hao:gidmaps:2014,
	author = {Hao, Zengchao and AghaKouchak, Amir and Nakhjiri, Navid and Farahmand, Alireza},
	doi = {10.6084/m9.figshare.853801},
	howpublished = {\emph{figshare}},
	title = {Global Integrated Drought Monitoring and Prediction System ({{GIDM}a{PS}}) Data Sets},
	year = {2014}
}

@misc{HansenSchirraMaass,
	author = {Silvia Hansen-Schirra and Christiane Maaß},
	doi = {10.25528/015},
	pages = {1--9},
	sortname = {Silvia Hansen-Schirra and Christiane Maass},
	title = {Translation proper: {{K}}ommunikationsbarrieren überwinden},
	url = {http://nbn-resolving.de/urn:nbn:de:gbv:hil2-opus4-9687},
	year = {2019}
}

@misc{Densmer2014,
	author = {Densmer, Lee},
	title = {Light and Full {{{MT}}} Post-Editing Explained},
	url = {http://info.moravia.com/blog/bid/353532/Light-and-Full-MT-Post-Editing-Explained},
	year = {2014}
}

@mastersthesis{de2007indagando,
	author = {Camila Braga},
	school = {Federal University of Minas Gerais},
	title = {Indagando o perfil de tradutores em forma{\c{c}}ão: {{{U}}}m estudo de caso},
	year = {2007}
}

@manual{R,
	address = {Vienna, Austria},
	author = {{R Core Team}},
	organization = {R Foundation for Statistical Computing},
	title = {R: {{A}} Language and Environment for Statistical Computing},
	url = {http://www.R-project.org/},
	year = {2019}
}

@inproceedings{yamakoshi2008feasibility,
	author = {Yamakoshi, Takehiro and Yamakoshi, Ken-ichi and Tanaka, Shinobu and Nogawa, Masamichi and Park, Sang-Bum and Shibata, Mariko and Sawada, Yoshito and Rolfe, Peter and Hirose, Yasuo},
	booktitle = {Engineering in Medicine and Biology Society},
	organization = {IEEE},
	pages = {1076--1079},
	title = {Feasibility study on driver's stress detection from differential skin temperature measurement},
	year = {2008}
}

@inproceedings{wmt:2017,
	address = {Copenhagen, Denmark},
	author = {Bojar, Ond\v{r}ej and Graham, Yvette and Kamran, Amir},
	booktitle = {Proceedings of the Second Conference on Machine Translation},
	volume = {Volume 2: {S}hared Task Papers},
	month = {September},
	pages = {489--513},
	publisher = {Association for Computational Linguistics},
	title = {Results of the {{{WMT}}17} Metrics Shared Task},
	url = {http://www.aclweb.org/anthology/W17-4755},
	year = {2017}
}

@inproceedings{wmt:2016,
	address = {Berlin, Germany},
	author = {Bojar, Ond\v{r}ej and Graham, Yvette and Kamran, Amir and Stanojević, Milo\v{s}},
	booktitle = {Proceedings of the First Conference on Machine Translation},
	month = {August},
	pages = {199--231},
	publisher = {Association for Computational Linguistics},
	title = {Results of the {{{WMT}}16} Metrics Shared Task},
	url = {http://www.aclweb.org/anthology/W/W16/W16-2302},
	year = {2016}
}

@inproceedings{wmt:2013,
	booktitle = {Proceedings of the 8th Workshop on Statistical Machine Translation ({WMT})},
	editor = {Ond\v{r}ej Bojar and Christian Buck and Chris Callison-Burch and Barry Haddow and Philipp Koehn and Christof Monz and Matt Post and Herv\'{e} Saint-Amand and Radu Soricut and Lucia Specia},
	pages = {1--44},
	publisher = {ACL},
	sortname = {Ondrej Bojar and Christian Buck and Chris Callison-Burch and Barry Haddow and Philipp Koehn and Christof Monz and Matt Post and Herve Saint-Amand and Radu Soricut and Lucia Specia},
	title = {Proceedings of the 8th Workshop on Statistical Machine Translation ({WMT})},
	year = {2013}
}

@inproceedings{tiedemann2012parallel,
	author = {Tiedemann, Jörg},
	booktitle = {Lrec},
	pages = {2214--2218},
	title = {Parallel Data, Tools and Interfaces in {{OPUS}}},
	volume = {2012},
	year = {2012}
}

@inproceedings{tiedemann2009news,
	author = {Tiedemann, Jörg},
	booktitle = {Recent advances in natural language processing},
	pages = {237--248},
	title = {News from {{OPUS}}: {{A}} Collection of Multilingual Parallel Corpora with Tools and Interfaces},
	volume = {5},
	year = {2009}
}

@inproceedings{temnikova2010cognitive,
	author = {Temnikova, Irina P.},
	booktitle = {Proceedings of the International Conference on Language Resources and Evaluation},
	title = {Cognitive Evaluation Approach for a Controlled Language Post-Editing Experiment},
	year = {2010}
}

@inproceedings{tatsumi2009correlation,
	author = {Tatsumi, Midori},
	booktitle = {The Twelfth Machine Translation Summit},
	pages = {332--339},
	title = {Correlation between automatic evaluation metric scores, post-editing speed, and some other factors},
	year = {2009}
}

@inproceedings{soukupova2016real,
	author = {Soukupova, Tereza and Cech, Jan},
	booktitle = {21st Computer Vision Winter Workshop},
	pages = {1--8},
	title = {Real-time eye blink detection using facial landmarks},
	year = {2016}
}

@inproceedings{solovey2012brainput,
	author = {Solovey, Erin and Schermerhorn, Paul and Scheutz, Matthias and Sassaroli, Angelo and Fantini, Sergio and Jacob, Robert},
	booktitle = {Proceedings of the Conference on Human Factors in Computing Systems},
	organization = {ACM},
	pages = {2193--2202},
	title = {Brainput: {Enhancing} interactive systems with streaming {f{{NIRS}}} brain input},
	year = {2012}
}

@inproceedings{shi2007galvanic,
	author = {Shi, Yu and Ruiz, Natalie and Taib, Ronnie and Choi, Eric and Chen, Fang},
	booktitle = {Extended abstracts on human factors in computing systems},
	pages = {2651--2656},
	title = {Galvanic skin response ({{{GSR}}}) as an index of cognitive load},
	year = {2007}
}

@inproceedings{sennrich-EtAl:2017:WMT,
	author = {Sennrich, Rico and Birch, Alexandra and Currey, Anna and Germann, Ulrich and Haddow, Barry and Heafield, Kenneth and Miceli Barone, Antonio Valerio and Williams, Philip},
	booktitle = {Proceedings of the Second Conference on Machine Translation},
	volume = {Volume 2: {{S}}hared Task Papers},
	month = {September},
	pages = {389--399},
	title = {The {University of Edinburgh's} Neural {{{MT}}} Systems for {{{WMT}}17}},
	year = {2017}
}

@inproceedings{rowe1998heart,
	author = {Rowe, Dennis W. and Sibert, John and Irwin, Don},
	booktitle = {Proceedings of the Conference on Human Factors in Computing Systems},
	pages = {480--487},
	title = {Heart rate variability: {{I}}ndicator of user state as an aid to human-computer interaction},
	year = {1998}
}

@inproceedings{popovic2014relations,
	author = {Popovic, Maja and Lommel, Arle and Burchardt, Aljoscha and Avramidis, Eleftherios and Uszkoreit, Hans},
	booktitle = {Proceedings of the 17th Annual Conference of the {{European}} Association for Machine Translation},
	pages = {191--198},
	title = {Relations between different types of post-editing operations, cognitive effort and temporal effort},
	year = {2014}
}

@inproceedings{moorkens-obrien-2015-post,
	address = {Antalya, Turkey},
	author = {Moorkens, Joss and O{'}Brien, Sharon},
	booktitle = {Proceedings of the 18th Annual Conference of the {{{E}}}uropean Association for Machine Translation},
	editor = {İIknur Durgar El‐Kahlout and Mehmed Özkan and Felipe Sánchez‐Martínez and Gema Ramírez‐Sánchez and Fred Hollowood and Andy Way},
	month = {5},
	pages = {75--81},
	title = {Post-Editing Evaluations: {{T}}rade-offs between Novice and Professional Participants},
	year = {2015}
}

@inproceedings{laubli_assessing_2013,
	author = {Läubli, Samuel and Fishel, Mark and Massey, Gary and Ehrensberger-Dow, Maureen and Volk, Martin},
	booktitle = {Proceedings of {{{MT}}} Summit {{{XIV}}} Workshop on Post-editing Technology and Practice},
	pages = {83--91},
	title = {Assessing post-editing efficiency in a realistic translation environment},
	year = {2013}
}

@inproceedings{lapshinova-koltunski_exploration_2015,
	address = {Lisbon, Portugal},
	author = {Lapshinova-Koltunski, Ekaterina},
	booktitle = {Proceedings of the Second {{{WO}}rkshop} on Discourse in Machine Translation ({{{DiscoMT}}})},
	eventtitle = {Workshop on Discourse in Machine Translation ({DiscoMT})},
	pages = {158--167},
	publisher = {Association for Computational Linguistics},
	title = {Exploration of Inter- and Intralingual Variation of Discourse Phenomena},
	urlyear = {2018-10-21},
	year = {2015}
}

@inproceedings{lacruz2012average,
	author = {Lacruz, Isabel and Shreve, Gregory M. and Angelone, Erik},
	booktitle = {{AMTA} Workshop on Post-Editing Technology and Practice},
	pages = {21--30},
	title = {Average pause ratio as an indicator of cognitive effort in post-editing: {{A}} case study},
	year = {2012}
}

@inproceedings{koponen2012post,
	author = {Koponen, Maarit and Aziz, Wilker and Ramos, Luciana and Specia, Lucia},
	booktitle = {{AMTA} Workshop on Post-Editing Technology and Practice},
	pages = {11--20},
	title = {Post-editing time as a measure of cognitive effort},
	year = {2012}
}

@inproceedings{koehn2005europarl,
	author = {Koehn, Philipp},
	booktitle = {Procedings of the {Xth} {MT} Summit},
	pages = {79--86},
	title = {Europarl: {{A}} parallel corpus for statistical machine translation},
	volume = {5},
	year = {2005}
}

@inproceedings{iqbal2004task,
	author = {Iqbal, Shamsi T. and Zheng, Xianjun Sam and Bailey, Brian P.},
	booktitle = {Extended Abstracts on Human Factors in Computing Systems},
	organization = {ACM},
	pages = {1477--1480},
	title = {Task-evoked pupillary response to mental workload in human-computer interaction},
	year = {2004}
}

@inproceedings{hu-cadwell-2016-comparative,
	author = {Hu, Ke and Cadwell, Patrick},
	booktitle = {Proceedings of the 19th Annual Conference of the {European} Association for Machine Translation},
	pages = {346--353},
	title = {A Comparative Study of Post-editing Guidelines},
	year = {2016}
}

@inproceedings{hosseini2010emotional,
	author = {Hosseini, Seyyed Abed and Khalilzadeh, Mohammad Ali},
	booktitle = {International Conference on Biomedical Engineering and Computer Science},
	organization = {IEEE},
	pages = {1--6},
	title = {Emotional stress recognition system using {{{EEG}}} and psychophysiological signals: {{{{U}}}}sing new labelling process of {{{EEG}}} signals in emotional stress state},
	year = {2010}
}

@inproceedings{hossain2014understanding,
	author = {Hossain, Gahangir and Yeasin, Mohammed},
	booktitle = {Proceedings of the {{IEEE}} Conference on Computer Vision and Pattern Recognition Workshops},
	pages = {375--380},
	title = {Understanding effects of cognitive load from pupillary responses using {H}ilbert analytic phase},
	year = {2014}
}

@inproceedings{herbig2019chi,
	author = {Herbig, Nico and Pal, Santanu and van Genabith, Josef and Krüger, Antonio},
	booktitle = {Proceedings of the 2019 {{CHI}} Conference on Human Factors in Computing Systems},
	organization = {ACM},
	pages = {1--11},
	title = {Multi-Modal Approaches for Post-Editing Machine Translation},
	year = {2019}
}

@inproceedings{hansen-schirra-etal2019,
	author = {Hansen-Schirra, Silvia and Tardel, Anke and Gutermuth, Silke and Schaeffer, Moritz and Denkel, Volker and Hagmann-Schlatterbeck, Miriam},
	booktitle = {9th {AIETI} International Conference ({{AIETI}9})},
	title = {Computer-aided subtitling: {{S}}plit attention and cognitive effort},
	year = {2019}
}

@inproceedings{haapalainen2010psycho,
	author = {Haapalainen, Eija and Kim, SeungJun and Forlizzi, Jodi F. and Dey, Anind K.},
	booktitle = {Proceedings of the 12th {{ACM}} international conference on Ubiquitous computing},
	organization = {ACM},
	pages = {301--310},
	title = {Psycho-physiological measures for assessing cognitive load},
	year = {2010}
}

@inproceedings{de2010analysing,
	author = {De Almeida, Giselle and O’Brien, Sharon},
	booktitle = {Proceedings of the 14th annual conference of the {{European}} association for machine translation},
	pages = {26--28},
	title = {Analysing post-editing performance: {{C}}orrelations with years of translation experience},
	year = {2010}
}

@inproceedings{cumbreno2019comparison,
	author = {Cumbreno, Cristina and Aranberri, Nora},
	booktitle = {Proceedings of the Second {{MEMENTO}} workshop on Modelling Parameters of Cognitive Effort in Translation Production},
	pages = {5--6},
	title = {Comparison of temporal, technical and cognitive dimension measurements for post-editing effort},
	year = {2019}
}

@inproceedings{chen2014systematic,
	author = {Chen, Boxing and Cherry, Colin},
	booktitle = {Proceedings of the Ninth Workshop on Statistical Machine Translation},
	pages = {362--367},
	title = {A systematic comparison of smoothing techniques for sentence-level bleu},
	year = {2014}
}

@inproceedings{chanel2008boredom,
	author = {Chanel, Guillaume and Rebetez, Cyril and Bétrancourt, Mireille and Pun, Thierry},
	booktitle = {Proceedings of the 12th International Conference on Entertainment and Media in the Ubiquitous Era},
	organization = {ACM},
	pages = {13--17},
	title = {Boredom, engagement and anxiety as indicators for adaptation to difficulty in games},
	year = {2008}
}

@inproceedings{carl-2012-translog,
	address = {Istanbul, Turkey},
	author = {Carl, Michael},
	booktitle = {Proceedings of the Eighth International Conference on Language Resources and Evaluation ({LREC}'12)},
	month = {5},
	pages = {4108--4112},
	publisher = {European Language Resources Association (ELRA)},
	title = {Translog-{{{II}}}: {{A}} Program for Recording User Activity Data for Empirical Reading and Writing Research},
	url = {http://www.lrec-conf.org/proceedings/lrec2012/pdf/614_Paper.pdf},
	year = {2012}
}

@inproceedings{callison2010findings,
	author = {Callison-Burch, Chris and Koehn, Philipp and Monz, Christof and Peterson, Kay and Przybocki, Mark and Zaidan, Omar F.},
	booktitle = {Proceedings of the Joint Fifth Workshop on Statistical Machine Translation and Metrics},
	organization = {Association for Computational Linguistics},
	pages = {17--53},
	title = {Findings of the 2010 joint workshop on statistical machine translation and metrics for machine translation},
	year = {2010}
}

@inproceedings{bulling2011recognition,
	author = {Bulling, Andreas and Roggen, Daniel},
	booktitle = {Proceedings of the 13th international conference on Ubiquitous computing},
	organization = {ACM},
	pages = {455--464},
	title = {Recognition of visual memory recall processes using eye movement analysis},
	year = {2011}
}

@inproceedings{buettner2013,
	author = {Buettner, Ricardo},
	booktitle = {Lecture Notes in Artificial Intelligence ({{LNAI}})},
	pages = {37--48},
	publisher = {Springer},
	title = {Cognitive Workload of Humans Using Artificial Intelligence Systems: {{T}}owards Objective Measurement Applying Eye-Tracking Technology},
	year = {2013}
}

@inproceedings{bojar-etal-2016-findings,
	address = {Berlin, Germany},
	author = {Bojar, Ond{\v{r}}ej and Chatterjee, Rajen and Federmann, Christian and Graham, Yvette and Haddow, Barry and Huck, Matthias and Jimeno Yepes, Antonio and Koehn, Philipp and Logacheva, Varvara and Monz, Christof and Negri, Matteo and Névéol, Aurélie and Neves, Mariana and Popel, Martin and Post, Matt and Rubino, Raphael and Scarton, Carolina and Specia, Lucia and Turchi, Marco and Verspoor, Karin and Zampieri, Marcos},
	booktitle = {Proceedings of the First Conference on Machine Translation},
	volume = {Volume 2: {Shared} Task Papers},
	doi = {10.18653/v1/W16-2301},
	month = {8},
	pages = {131--198},
	publisher = {Association for Computational Linguistics},
	title = {Findings of the 2016 Conference on Machine Translation},
	year = {2016}
}

@inproceedings{arshad2013analysing,
	author = {Arshad, Syed and Wang, Yang and Chen, Fang},
	booktitle = {Proceedings of the 25th {{Australian}} Computer-Human Interaction Conference: {{A}}ugmentation, Application, Innovation, Collaboration},
	organization = {ACM},
	pages = {115--118},
	title = {Analysing mouse activity for cognitive load detection},
	year = {2013}
}

@inproceedings{Zampieri:2014,
	author = {Marcos Zampieri and Mihaela Vela},
	booktitle = {Proceedings of the {{EACL}} Workshop on Humans and Computer-assisted Translation},
	location = {Gothenburg, Sweden},
	month = {April},
	pages = {93--98},
	title = {Quantifying the Influence of {{{MT}}} Output in the Translators' Performance: {A} Case Study in Technical Translation},
	year = {2014}
}

@inproceedings{Vilar2006,
	address = {Genoa, Italy},
	author = {Vilar, David and Xu, Jia and D'Haro, Luis Fernando and Ney, Hermann},
	journal = {Proceedings of the 5th International Conference on Language Resources and Evaluation, LREC 2006},
	pages = {697--702},
	publisher = {European Language Resources Association ({ELRA})},
	sortname = {Vilar, David and Xu, Jia and D'Haro, Luis Fernando and Ney, Hermann},
	title = {Error analysis of statistical machine translation output},
	year = {2006}
}

@inproceedings{Verta:2014,
	address = {Baltimore, Maryland, USA},
	author = {Comelles, Elisabet and Atserias, Jordi},
	booktitle = {Proceedings of the 9th Workshop on Statistical Machine Translation ({WMT})},
	month = {June},
	pages = {368--375},
	publisher = {Association for Computational Linguistics},
	title = {{VERT}a Participation in the {{{WMT}}14} Metrics Task},
	year = {2014}
}

@inproceedings{Vela:2015c,
	address = {Miami, Florida},
	author = {Mihaela Vela and Ekaterina Lapshinova-Koltunski},
	booktitle = {Proceedings of the 15th Machine Translation Summit},
	month = {November},
	pages = {215--228},
	publisher = {Association for Machine Translations in the Americas},
	title = {Register-Based Machine Translation Evaluation with Text Classification Techniques},
	year = {2015}
}

@inproceedings{Vela:2015b,
	address = {Lisboa, Portugal},
	author = {Mihaela Vela and Liling Tan},
	booktitle = {Proceedings of the 10th Workshop on Statistical Machine Translation},
	month = {September},
	pages = {382--390},
	publisher = {Association for Computational Linguistics},
	title = {Predicting Machine Translation Adequacy with Document Embeddings},
	year = {2015}
}

@inproceedings{Vela:2015a,
	author = {Mihaela Vela and Josef van Genabith},
	booktitle = {Proceedings of the 18th Annual Conference of the {{European}} Association for Machine Translation ({EAMT})},
	location = {Antalya, Turkey},
	title = {Re-assessing the {{{WMT}}2013} Human Evaluation with Professional Translators Trainees},
	year = {2015}
}

@inproceedings{Vela:2014b,
	address = {Reykjavik, Iceland},
	author = {Vela, Mihaela and Schumann, Anne-Kathrin and Wurm, Andrea},
	booktitle = {Proceedings of {MTE} Workshop at {LREC} 2014},
	month = {May},
	publisher = {European Language Resources Association (ELRA)},
	title = {Human Translation Evaluation and its Coverage by Automatic Scores},
	url = {http://mte2014.github.io/},
	year = {2014}
}

@inproceedings{Vela:2014a,
	address = {Gothenburg, Sweden},
	author = {Vela, Mihaela and Schumann, Anne-Kathrin and Wurm, Andrea},
	booktitle = {Proceedings of the {{EACL}} 2014 Workshop on Humans and Computer-assisted Translation},
	month = {April},
	pages = {47--56},
	publisher = {Association for Computational Linguistics},
	title = {Beyond Linguistic Equivalence. {A}n Empirical Study of Translation Evaluation in a Translation Learner Corpus},
	url = {http://www.aclweb.org/anthology/W14-0308},
	year = {2014}
}

@inproceedings{TERp:2009,
	author = {Snover, Matthew and Madnani, Nitin and Dorr, Bonnie and Schwartz, Richard},
	booktitle = {Proceedings of the 4th Workshop on Statistical Machine Translation},
	pages = {259--268},
	title = {Fluency, Adequacy, or {{{HT}{{{E}}}R}}? {{{{E}}}}xploring Different Human Judgments with a Tunable {{{MT}}} Metric},
	year = {2009}
}

@inproceedings{TER:2006,
	author = {Snover, Matthew and Dorr, Bonnie and Schwartz, Richard and Micciulla, Linnea and Makhoul,John},
	booktitle = {Proceedings of the Association for Machine Translation in the {Americas}},
	pages = {223--231},
	title = {A Study of Translation Edit Rate with Targeted Human Annotation},
	year = {2006}
}

@inproceedings{Specia2011a,
	author = {Specia, Lucia},
	booktitle = {Proceedings of the 15th conference of the {{European}} Association for Machine Translation},
	pages = {73--80},
	title = {Exploiting Objective Annotations for Measuring Translation Post-editing Effort},
	url = {http://www.mt-archive.info/EAMT-2011-Specia.pdf},
	year = {2011}
}

@inproceedings{Specia2010a,
	author = {Specia, Lucia and Farzindar, Atefeh},
	booktitle = {{AMTA} Workshop Bringing {{MT}} to the User: {{MT}} Research and the Translation Industry, {Denver}, {Colorado}},
	title = {Estimating Machine Translation Post-Editing Effort with {{HTER}}},
	year = {2010}
}

@inproceedings{Specia2010,
	author = {Specia, Lucia},
	booktitle = {The Ninth Conference of the Association for Machine Translation in the {Americas}},
	title = {Combining Confidence Estimation and Reference-based Metrics for Segment-level {{MT}} Evaluation},
	url = {https://amta2010.amtaweb.org/AMTA/papers/2-03-BanerjeeDuEtal.pdf},
	year = {2010}
}

@inproceedings{Snover2009,
	author = {Snover, Matthew and Madnani, Nitin and Dorr, Bonnie J. and Schwartz, Richard},
	booktitle = {{{WMT}}},
	pages = {259–268},
	title = {Fluency, Adequacy, or {{HT{E}R}}? {{{E}}}xploring Different Human Judgments with a Tunable {{MT}} Metric},
	url = {http://www.aclweb.org/anthology/W09-0441},
	volume = {30},
	year = {2009}
}

@inproceedings{Skandina,
	address = {Taipei, Taiwan},
	author = {Skadina, Inguna and Pinnis, M{\={a}}rcis},
	booktitle = {Proceedings of the Eighth International Joint Conference on {Natural Language Processing} (Volume 1: {{L}}ong Papers)},
	pages = {373--383},
	publisher = {Asian Federation of Natural Language Processing},
	title = {{{NMT}} or {{SMT}}: {{C}}ase Study of a Narrow-domain {{English}}-{{Latvian}} Post-editing Project},
	url = {http://aclweb.org/anthology/I17-1038},
	year = {2017}
}

@inproceedings{Sennrich:2016ACL,
	author = {Rico Sennrich and Barry Haddow and Alexandra Birch},
	booktitle = {Proceedings of the 54th Annual Meeting of the {Association for Computational Linguistics}},
	title = {Neural Machine Translation of Rare Words with Subword Units},
	year = {2016}
}

@inproceedings{Sanchez-Torron,
	author = {Sanchez-Torron, Marina and Koehn, Phillipp},
	booktitle = {Proceedings of {{AMTA}} 2016},
	pages = {16--26},
	title = {Machine Translation Quality and Post-Editor Productivity},
	url = {https://researchspace.auckland.ac.nz/handle/2292/31486},
	year = {2016}
}

@inproceedings{Rosener2010,
	author = {Rösener, Christoph},
	booktitle = {Proceedings of the {{NAACL}} {{HLT}} 2010 Workshop on Computational Linguistics and Writing},
	number = {June},
	pages = {1--6},
	publisher = {Association for Computational Linguistics},
	title = {Computational Linguistics in the Translator's Workflow: {{C}}ombining Authoring Tools and Translation Memory Systems},
	year = {2010}
}

@inproceedings{RaptisGiagkou2016,
	address = {Partas, Greece},
	author = {Raptis, Spyros and Giagkou, Maria},
	booktitle = {Proceedings of the 20th Pan-{Hellenic} Conference on Informatics ({{PCI}}) with International Participation},
	doi = {10.1145/3003733.3003814},
	month = {11},
	publisher = {ACM Digital Library, International Conference Proceedings Series},
	title = {From capturing to generating human behavior: {{C}}losing the interaction loop at the {{HUBIC}} Lab},
	year = {2016}
}

@inproceedings{PER:1997,
	author = {Tillmann, Christoph and Vogel,Stephan and Ney, Hermann and Zubiaga, Alexander and Sawaf,Hassan},
	booktitle = {{Proceedings of {{EUROSPEECH}}}},
	pages = {2667--2670},
	title = {Accelerated {{{DP}}} Based Search For Statistical Translation},
	year = {1997}
}

@inproceedings{NIST:2002,
	address = {San Francisco, California},
	author = {Doddington, George},
	booktitle = {Proceedings of the 2nd International Conference on {HLT}},
	pages = {138--145},
	title = {Automatic Evaluation of Machine Translation Quality Using N-gram Co-Occurrence Statistics},
	year = {2002}
}

@inproceedings{Moorkens2013,
	author = {Moorkens, Joss and O'Brien, Sharon},
	booktitle = {Proceedings of machine translation summit {{XIV}}: {{S}}econd workshop on post-editing technology and practice, {Nice}, {France}},
	pages = {19--25},
	title = {User Attitudes to the post-editing interface},
	url = {http://www.mt-archive.info/10/MTS-2013-W2-Moorkens.pdf},
	year = {2013}
}

@inproceedings{METEOR:2014,
	author = {Michael Denkowski and Alon Lavie},
	booktitle = {Proceedings of the {{EACL}} 2014 Workshop on Statistical Machine Translation},
	title = {Meteor {Universal}: {L}anguage Specific Translation Evaluation for Any Target Language},
	year = {2014}
}

@inproceedings{METEOR:2011,
	author = {Michael Denkowski and Alon Lavie},
	booktitle = {Proceedings of the 6th Workshop on {SMT}},
	pages = {85--91},
	title = {{M}eteor 1.3: {A}utomatic Metric for Reliable Optimization and Evaluation of Machine Translation Systems},
	year = {2011}
}

@inproceedings{Lin:2004:AEM:1218955.1219032,
	acmid = {1219032},
	address = {Barcelona, Spain},
	articleno = {605},
	author = {Lin, Chin-Yew and Och, Franz J.},
	booktitle = {Proceedings of the 42nd Annual Meeting of the {Association for Computational Linguistics}},
	title = {Automatic Evaluation of Machine Translation Quality Using Longest Common Subsequence and Skip-bigram Statistics},
	year = {2004}
}

@inproceedings{Lavie:2007,
	author = {Lavie, Alon and Agarwal, Abhaya},
	booktitle = {Proceedings of the Second Workshop on Statistical Machine Translation},
	title = {Meteor: {{A}}n Automatic Metric for {{{MT}}} Evaluation with High Levels of Correlation with Human Judgments},
	year = {2007}
}

@inproceedings{Lafferty:2001:CRF,
	author = {Lafferty, John D. and McCallum, Andrew and Pereira, Fernando C. N.},
	booktitle = {Proceedings of the Eighteenth International Conference on Machine Learning},
	isbn = {1-55860-778-1},
	numpages = {8},
	pages = {282--289},
	title = {Conditional Random Fields: {{P}}robabilistic Models for Segmenting and Labeling Sequence Data},
	year = {2001}
}

@inproceedings{Heine2017,
	address = {Brussels},
	author = {Heine, Antje},
	booktitle = {International Conference – Light Verb Constructions in {{Germanic}} Languages},
	publisher = {Université Saint-Louis},
	title = {{Zwischen {{Grammatik}} und {{Lexikon}}: Ein forschungsgeschichtlicher {{Blick}} auf Funktionsverbgefüge}},
	url = {http://centres.fusl.ac.be/LING10_08/document/Linguistics_site/SeSLa/documents/lightverbs/Book of Abstracts_20171023_FINAL.pdf},
	year = {2017}
}

@inproceedings{Han2013,
	author = {Han, Aaron Li-feng and Wong, Derek F. and Chao, Lidia S. and He, Liangye and Lu, Yi and Xing, Junwen and Zeng, Xiaodong},
	booktitle = {Proceedings of the {XIV} Machine Translation Summit},
	editor = {Sima'an, Khalil and Forcada, Mikel L. and Grasmick, Daniel and Depraetere, Heidi and Way, Andy},
	organization = {International Association for Machine Translation Press},
	pages = {215--222},
	title = {Language-independent Model for Machine Translation Evaluation with Reinforced Factors},
	year = {2013}
}

@inproceedings{Gupta:2015,
	address = {Lisbon, Portugal},
	author = {Gupta, Rohit and Or\u{a}san, Constantin and van Genabith, Josef},
	booktitle = {Proceedings of the 2015 Conference on Empirical Methods in {Natural Language Processing} ({EMNLP})},
	title = {{R}e{V}al: {A} Simple and Effective Machine Translation Evaluation Metric Based on Recurrent Neural Networks},
	year = {2015}
}

@inproceedings{Guerberof2009a,
	address = {Ottawa, Canada},
	author = {Guerberof, Ana},
	booktitle = {Proceedings of {{MT}} {Summit} {{XII}}: {Beyond} {Translation} {Memories}: {New} {Tools} for {Translators} {{MT}}},
	pages = {1--9},
	publisher = {AMTA},
	title = {Productivity and Quality in {{MT}} Post-editing},
	url = {http://www.mt-archive.info/MTS-2009-Guerberof.pdf},
	year = {2009}
}

@inproceedings{Graham:2014,
	address = {Gothenburg, Sweden},
	author = {Yvette Graham and Timothy Baldwin and Alistair Moffat and Justin Zobel},
	booktitle = {Proceedings of the 14th Conference of the {{European}} Chapter of the {Association for Computational Linguistics}},
	month = {4},
	pages = {443--451},
	publisher = {Association for Computational Linguistics},
	title = {Is Machine Translation Getting Better over Time?},
	year = {2014}
}

@inproceedings{Graham:2013,
	address = {Sofia, Bulgaria},
	author = {Yvette Graham and Timothy Baldwin and Alistair Moffat and Justin Zobel},
	booktitle = {Proceedings of the 7th Linguistic Annotation Workshop and Interoperability with Discourse},
	pages = {33--41},
	publisher = {ACL},
	title = {Continuous Measurement Scales in Human Evaluation of Machine Translation},
	year = 2013
}

@inproceedings{Gehring:2017:fair,
	author = {Jonas Gehring and Michael Auli and David Grangier and Denis Yarats and Yann N. Dauphin},
	booktitle = {Proceedings of the 34th International Conference on Machine Learning},
	pages = {1243--1252},
	title = {Convolutional Sequence to Sequence Learning},
	volume = {70},
	year = {2017}
}

@inproceedings{GaspariWay2014,
	address = {Vancouver},
	author = {Gaspari, Federico and Antonio Toral and Sudip Kumar Naskar and Declan Groves and Andy Way},
	booktitle = {Proceedings of {{{AMTA}}} workshop on post-editing technology and practice},
	pages = {60--72},
	title = {Perception vs reality: {{M}}easuring machine translation post-editing productivity},
	year = {2014},
}

@inproceedings{Depraetere2010,
	address = {Saint-Raphaël, France},
	author = {Depraetere, Ilse},
	booktitle = {{EAMT} 2010: {{P}}roceedings of the 14th annual conference of the {{European}} association for machine translation},
	title = {What counts as useful advice in a university post-editing training context? {{R}}eport on a case study},
	year = 2010
}

@inproceedings{Cho2014OnApproaches,
	address = {Doha, Qatar},
	author = {Cho, Kyunghyun and van Merri{\"e}nboer, Bart and Bahdanau, Dzmitry and Bengio, Yoshua},
	booktitle = {Proceedings of {{SSST}}-8: {Eighth} Workshop on Syntax, Semantics and Structure in Statistical Translation},
	doi = {10.3115/v1/W14-4012},
	month = {10},
	pages = {103--111},
	publisher = {Association for Computational Linguistics},
	title = {On the Properties of Neural Machine Translation: {{{E}}}ncoder{--}Decoder Approaches},
	year = {2014}
}

@inproceedings{Cherry:2012,
	author = {Cherry, Colin and Foster, George},
	booktitle = {Proceedings of the 2012 Conference of the {{North}} {{American}} Chapter of the {Association for Computational Linguistics}: {{H}}uman Language Technologies},
	location = {Montreal, Canada},
	pages = {427--436},
	title = {Batch Tuning Strategies for Statistical Machine Translation},
	year = {2012}
}

@inproceedings{Castillo2017,
	author = {Sheila Castilho and Joss Moorkens and Federico Gaspari and Rico Sennrich and Vilelmini Sosoni and Yota Georgakopoulou and Pintu Lohar and Andy Way and Miceli Barone and Maria Gialama},
	booktitle = {Proceedings of {{MT}} Summit {{XVI}}, vol.1: {{R}}esearch Track},
	journal = {MT Summit XVI},
	pages = {116--131},
	title = {A Comparative Quality Evaluation of {{PBSMT}} and {{NMT}} using Professional Translators},
	year = {2017}
}

@inproceedings{CastilhoGialama2017b,
	address = {Nagoya, Japan},
	author = {Castilho, Sheila and Moorkens, Joss and Gaspari, Federico and Sennrich, Rico and Sosoni, Vilelmini and Georgakopoulou, Yota and Lohar, Pintu and Way, Andy and Valerio, Antonio and Miceli Barone, Antonio Valerio and Gialama, Maria},
	booktitle = {Proceedings of Machine Translation Summit {{XVI}}},
	month = {9},
	title = {A Comparative Quality Evaluation of {{PBSMT}} and {{NMT}} using Professional Translators},
	year = {2017}
}

@inproceedings{Castilho2014,
	address = {Dubrovnik, Croatia},
	author = {Castilho, Sheila and O{'}Brien, Sharon and Alves, Fabio and O{'}Brien, Morgan},
	booktitle = {Proceedings of the 17th Annual conference of the {European} Association for Machine Translation},
	month = {6},
	pages = {183--190},
	publisher = {European Association for Machine Translation},
	title = {Does post-editing increase usability? {{A}} study with {B}razilian {P}ortuguese as target language},
	url = {https://www.aclweb.org/anthology/2014.eamt-1.40},
	year = {2014}
}

@inproceedings{CarlBuch-Kromann2010,
	address = {Saint-Raphael, France},
	author = {Michael Carl and Matthias Buch-Kromann},
	booktitle = {Proceedings of {{{EAMT}}}},
	title = {Correlating Translation Product and Translation Process Data of Professional and Student Translators},
	url = {http://www.lanaconsult.com/eamt2010/},
	year = {2010}
}

@inproceedings{Burch:2006,
	author = {Chris Callison-Burch and Miles Osborne and Philipp Koehn},
	booktitle = {Proceedings of the 11th Conference of the {{European}} Chapter of the {Association for Computational Linguistics}},
	pages = {249--256},
	title = {Re-Evaluation the Role of Bleu in Machine Translation Research},
	year = {2006}
}

@inproceedings{Bojar2017,
	author = {Bojar, Ondřej and Chatterjee, Rajen and Federmann, Christian and Graham, Yvette and Haddow, Barry and Huang, Shujian and Huck, Matthias and Munich, Lmu and Koehn, Philipp and Edinburgh, Jhu / and Liu, Qun and Logacheva, Varvara and Moscow, Mipt and Monz, Christof and Fbk, Matteo Negri and Post, Matt and Hopkins, Johns and Rubino, Univ Raphael and Turchi Fbk, Marco},
	booktitle = {Second Conference on Machine Translation},
	organization = {The Association for Computational Linguistics},
	pages = {169--214},
	title = {Findings of the 2017 Conference on Machine Translation ({{WMT}}17)},
	url = {http://www.aclweb.org/anthology/W17-4717},
	year = {2017}
}

@inproceedings{Bojar,
	author = {Bojar, Ondřej and Federmann, Christian and Fishel, Mark and Graham, Yvette and Haddow, Barry and Huck, Matthias and Koehn, Philipp and Monz, Christof},
	booktitle = {Proceedings of the Third Conference on Machine Translation},
	organization = {The Association for Computational Linguistics},
	pages = {272--303},
	title = {Findings of the 2018 Conference on Machine Translation ({WMT}18)},
	url = {http://aclweb.org/anthology/W18-6401.pdf},
	year = {2018}
}

@inproceedings{Beer:2014,
	address = {Baltimore, Maryland, USA},
	author = {Stanojević, Milo\v{s} and Sima'an, Khalil},
	booktitle = {Proceedings of the Ninth Workshop on Statistical Machine Translation},
	month = {June},
	pages = {414--419},
	publisher = {Association for Computational Linguistics},
	title = {{BEER}: {BE}tter {E}valuation as {R}anking},
	year = {2014}
}

@inproceedings{BLEU:2002,
	address = {Philadelphia, Pennsylvania},
	author = {Kishore Papineni and Salim Roukos and Todd Ward and Wei-Jing Zhu},
	booktitle = {Proceedings of the 40th Annual Meeting of the {ACL}},
	numpages = {8},
	pages = {311--318},
	title = {{{BLEU}}: {A} Method for Automatic Evaluation of Machine Translation},
	year = {2002}
}

@inproceedings{Aziz,
	author = {Wilker Aziz and Sheila C. M. De Sousa and Lucia Specia},
	booktitle = {In Proceedings of the Eight International Conference on Language Resources and Evaluation ({{LREC}}’12},
	pages = {3982--3987},
	title = {{{PET}}: {A} Tool for Post-editing and Assessing Machine Translation},
	year = {2012}
}

@inproceedings{Asyia:2014,
	address = {Baltimore, Maryland, USA},
	author = {Gonzàlez, Meritxell and Barrón-Cedeño, Alberto and Màrquez, Lluís},
	booktitle = {Proceedings of the 9th Workshop on Statistical Machine Translation ({WMT})},
	month = {June},
	pages = {394--401},
	publisher = {Association for Computational Linguistics},
	title = {{{IPA}} and {{STOUT}}: {L}everaging linguistic and source-based features for machine translation evaluation},
	year = {2014}
}

@incollection{winther_balling_production_2014,
	address = {Newcastle upon Tyne},
	author = {Balling, Laura Winther and Carl, Michael},
	booktitle = {Psycholinguistic and cognitive inquiries in translation and interpretation studies},
	editor = {Ferreira, Aline and Schwieter, John},
	pages = {239--268},
	publisher = {Cambridge Scholars Publishing},
	title = {Production Time Across Languages and Tasks: {{A}} Large-Scale Analysis Using the {{{CRITT}}} Translation Process Database},
	year = {2014}
}

@incollection{storrer_sprachliche_2001,
	address = {Stuttgart},
	author = {Storrer, Angelika},
	booktitle = {{Chat-Kommunikation. {{S}}prache, {{Interaktion}}, Sozialität \& Identität in synchroner computervermittelter Kommunikation. {{P}}erspektiven auf ein interdisziplinäres Forschungsfeld}},
	editor = {Beißwenger, Michael},
	langid = {german},
	pages = {3--24},
	publisher = {ibidem},
	title = {{Sprachliche Besonderheiten getippter {{Gespräche}}: {{S}}precherwechsel und sprachliches Zeigen in der Chat-Kommunikation}},
	year = {2001}
}

@incollection{schaffner_preparing_2005,
	address = {Frankfurt am Main ; New York},
	author = {Christina Schäffner},
	booktitle = {On the relationships between translation theory and translation practice},
	editor = {Jean Peeters},
	note = {{OCLC}: ocm57670186},
	number = {Bd. 19},
	pages = {237--248},
	publisher = {Peter Lang},
	series = {Studien zur romanischen Sprachwissenschaft und interkulturellen Kommunikation},
	sortname = {Christina Schaffner},
	title = {Preparing students of translation for the real world: {{N}}eeds, meethods, constraints},
	year = {2005}
}

@incollection{pokorn2004challenging,
	address = {Amsterdam},
	author = {Pokorn, Nike K.},
	booktitle = {Claims, Changes and Challenges in Translation Studies},
	doi = {10.1075/btl.50.10pok},
	editor = {Hansen, Gyde and Malmkj{\ae}r, Kirsten and Gile, Daniel},
	pages = {113----124},
	publisher = {\biberror{no publisher}},
	title = {Challenging the myth of native speaker competence in translation theory},
	year = {2004}
}

@incollection{pavlovic2009eye,
	address = {Tarragona},
	author = {Pavlović, Nataša and Jensen, Kristian},
	booktitle = {Translation Research Projects},
	chapter = {2},
	editor = {Anthony Pym and Alexander Perekrestenko},
	pages = {93--109},
	publisher = {Intercultural Studies Group},
	series = {2},
	sortname = {Pavlovic, Natasa and Jensen, Kristian},
	title = {Eye Tracking Translation Directionality},
	year = {2009}
}

@incollection{lobin_14._2018,
	address = {Berlin, Boston},
	author = {Beißwenger, Michael},
	booktitle = {{Digitale Infrastrukturen für die germanistische {{Forschung}}}},
	doi = {10.1515/9783110538663-015},
	editor = {Lobin, Henning and Schneider, Roman and Witt, Andreas},
	pages = {307--350},
	publisher = {De Gruyter},
	shorttitle = {{14. Internetbasierte Kommunikation und Korpuslinguistik}},
	sortname = {Beisswenger, Michael},
	title = {{14. {{I}}nternetbasierte Kommunikation und Korpuslinguistik: {{R}}epräsentation basaler Interaktionsformate in {{{TEI}}}}},
	urlyear = {2019-03-19},
	year = {2018}
}

@incollection{lapshinova-koltunski_investigating_2016,
	address = {Saarbrücken},
	author = {Lapshinova-Koltunski, Ekaterina and Zampieri, Marcos},
	booktitle = {Inter- and Intralingual Variation in a Multilingual Context: {{D}}imensions, Interactions, and their Implications},
	editor = {\biberror{no editor}},
	pages = {192--199},
	publisher = {Universität des Saarlandes},
	title = {Investigating Genre and Method Variation in Translation Using Text Classification},
	url = {https://www.uni-saarland.de/fileadmin/user_upload/Fachrichtungen/lst/staff/Katja_L/Habilitation-katja.pdf},
	urlyear = {2018-10-21},
	year = {2016}
}

@incollection{lapshinova-koltunski_exploratory_2017,
	address = {Berlin ; Boston},
	author = {Lapshinova-Koltunski, Ekaterina},
	booktitle = {Empirical translation studies: {{N}}ew methodological and theoretical traditions},
	editor = {Gert De Sutter, Marie-Aude Lefer and Isabelle Delaere},
	number = {volume 300},
	pages = {207--234},
	publisher = {de Gruyter Mouton},
	series = {Trends in linguistics. Studies and monographs},
	title = {Exploratory analysis of dimensions influencing variation in translation. {{T}}he case of text register and translation method},
	year = {2017}
}

@incollection{lacruz2014chapter,
	address = {Newcastle upon Tyne},
	author = {Lacruz, Isabel and Shreve, Gregory M.},
	booktitle = {Post-editing of machine translation: {{P}}rocesses and applications},
	chapter = {11},
	editor = {Sharon O'Brien and Laura W. Balling and Michael Carl and Michel Simard and Lucia Specia},
	pages = {246--274},
	publisher = {Cambridge Scholars Publishing},
	title = {Pauses and Cognitive Effort in Post-Editing},
	year = {2014}
}

@incollection{kruger2018multimodal,
	address = {Amsterdam},
	author = {Kruger, Jan-Louis and Doherty, Stephen and Fox, Wendy and De Lissa, Peter},
	booktitle = {Innovation and Expansion in Translation Process Research},
	editor = {Isabel Lacruz , Riitta Jääskeläinen},
	pages = {267--294},
	publisher = {John Benjamins Publishing Company},
	title = {Multimodal measurement of cognitive load during subtitle processing},
	year = {2018}
}

@incollection{kramer1991physiological,
	address = {Oxfordshire},
	author = {Kramer, Arthur F.},
	booktitle = {Multiple-task performance},
	chapter = {11},
	editor = {Diane L. Damos},
	pages = {279--328},
	publisher = {Taylor \& Francis},
	title = {Physiological metrics of mental workload: {{A}} review of recent progress},
	year = {1991}
}

@incollection{jakobsen_reading_2017,
	address = {Amsterdam},
	author = {Schaeffer, Moritz and Paterson, Kevin B. and {McGowan}, Victoria A. and White, Sarah J. and Malmkjær, Kirsten},
	booktitle = {Translation in Transition: {{B}}etween cognition, computing and technology},
	doi = {10.1075/btl.133},
	editor = {Jakobsen, Arnt Lykke and Mesa-Lao, Bartolomé},
	langid = {english},
	pages = {17--53},
	publisher = {John Benjamins Publishing Company},
	series = {Benjamins Translation Library},
	sortname = {Schaeffer, Moritz and Paterson, Kevin B. and {McGowan}, Victoria A. and White, Sarah J. and Malmkjaer, Kirsten},
	title = {Reading for translation},
	url = {http://www.jbe-platform.com/content/books/9789027265371},
	urlyear = {2019-02-14},
	volume = {133},
	year = {2017}
}

@incollection{jakobsen_eye_2008,
	address = {Copenhagen},
	author = {Jakobsen, Arnt Lykke and Jensen, Kristian {TH}},
	booktitle = {Looking at eyes: {{{{E}}}}ye-tracking studies of reading and translation processing},
	editor = {Jakobsen, Arnt Lykke and Göpferich, Susanne and Mees, Inger Margrethe},
	pages = {103--124},
	publisher = {Samfundslitteratur},
	title = {Eye movement behaviour across four different types of reading task},
	year = {2008}
}

@incollection{jakobsen_chapter_2017,
	address = {Amsterdam},
	author = {Hvelplund, Kristian Tangsgaard},
	booktitle = {Translation in Transition: {{B}}etween cognition, computing and technology},
	doi = {10.1075/btl.133.02hve},
	editor = {Jakobsen, Arnt Lykke and Mesa-Lao, Bartolomé},
	langid = {english},
	pages = {56--78},
	publisher = {John Benjamins Publishing Company},
	title = {Chapter 2. {{F}}our fundamental types of reading during translation},
	url = {https://benjamins.com/catalog/btl.133.02hve},
	urlyear = {2019-02-14},
	volume = {133},
	year = {2017}
}

@incollection{jakobsen2003effects,
	address = {Amsterdam and Philadelphia},
	author = {Jakobsen, Arnt Lykke},
	booktitle = {Triangulating Translation: {P}erspectives in Process Oriented Research},
	editor = {Fabio Alves},
	number = {45},
	pages = {69--95},
	publisher = {John Benjamins Publishing Company},
	series = {Benjamins Translation Library},
	title = {Effects of think aloud on translation speed, revision and segmentation},
	year = {2003}
}

@incollection{grosjean2001bilingual,
	address = {\biberror{no address}},
	author = {Grosjean, François},
	booktitle = {One mind, two languages: {B}ilingual language processing},
	editor = {\biberror{no editor}},
	pages = {1--22},
	publisher = {Malden, MA},
	sortname = {Grosjean, Francois},
	title = {The bilingual’s language modes},
	year = {2001}
}

@incollection{fiser_whatsapp_2017,
	address = {Ljubljana},
	author = {Verheijen, Lieke},
	booktitle = {Investigating computer-mediated communication: {{C}}orpus-based approaches to language in the digital world},
	edition = {1},
	editor = {Fišer, Darja and Beißwenger, Michael},
	pages = {72--101},
	publisher = {Ljubljana University Press},
	series = {Book series translation studies and applied Linguistics},
	title = {{WhatsApp} with social media slang? {Y}outh language use in {{Dutch}} written computer-mediated communication},
	url = {https://e-knjige.ff.uni-lj.si/},
	urlyear = {2017-10-27},
	year = {2017}
}

@incollection{ferreira2017directionality,
	address = {Hoboken},
	author = {Ferreira, Aline and Schwieter, John W.},
	booktitle = {The {H}andbook of {T}ranslation and {C}ognition},
	chapter = {5},
	editor = {\biberror{no editor}},
	pages = {90--105},
	publisher = {John Wiley \& Sons, Ltd},
	title = {Directionality in Translation},
	year = {2017}
}

@incollection{ferreira2014underlying,
	address = {Newcastle upon Tyne},
	author = {Ferreira, Aline and Schwieter, John W.},
	booktitle = {The {Development} of {Translation} {Competence}: {Theories} and {Methodologies} from {Psycholinguistics} and {Cognitive} {Science}},
	editor = {Schwieter, John W. and Ferreira, Aline},
	pages = {87--106},
	publisher = {Cambridge Scholars Publishing},
	title = {Underlying processes of {L1} and {L3} wordtranslation: {Exploring} the semantic relatedness effect.},
	year = {2014}
}

@incollection{ehrensberger2014cognitive,
	address = {Cambridge},
	author = {Ehrensberger-Dow, Maureen and Massey, Gary},
	booktitle = {The development of translation competence: {{T}}heories and methodologies from psycholinguistics and cognitive science},
	editor = {Schwieter, John W. and Ferreira, Aline},
	pages = {58--86},
	publisher = {Cambridge Scholars Publishing},
	title = {Cognitive ergonomic issues in professional translation},
	year = {2014}
}

@incollection{cintas2003audiovisual,
	address = {Clevedon ; Buffalo, N.Y},
	author = {Cintas, Jorge D{\'\i}az},
	booktitle = {Translation today: {{T}}rends and perspectives},
	editor = {Anderman, Gunilla M. and Rogers, Margaret},
	isbn = {978-1-85359-618-6},
	pages = {192--204},
	publisher = {Multilingual Matters},
	sortname = {Cintas, Jorge D{\'\i}az},
	title = {Audiovisual translation in the third millennium},
	year = {2003}
}

@incollection{carl_sketch_2017,
	address = {Berlin},
	author = {Carl, Michael and Schaeffer, Moritz},
	booktitle = {Empirical modelling of translation and interpreting},
	doi = {10.5281/zenodo.1090954},
	editor = {Hansen-Schirra, Silvia and Czulo, Oliver and Hofmann, Sascha},
	pages = {71--116},
	publisher = {Language Science Press},
	title = {Sketch of a {noisy} {channel} {model} for the {translation} {process}},
	volume = {7},
	year = {2017}
}

@incollection{carl2016computational,
	address = {Amsterdam and Philadelphia},
	author = {Carl, Michael and Bangalore, Srinivas and Schaeffer, Moritz J.},
	booktitle = {Border {Crossings}. {Translation} {Studies} and other disciplines},
	doi = {10.1075/btl.126.11car},
	editor = {Gambier, Yves and Doorslaer, Luc van},
	note = {Series Title: BLT 126},
	pages = {225--244},
	publisher = {John Benjamins},
	title = {Computational linguistics and translation studies},
	year = {2016}
}

@incollection{bergstrom_chapter_2014,
	address = {Amsterdam ; Boston},
	author = {Everdell, Ian},
	booktitle = {Eye tracking in user experience design},
	editor = {Bergstrom, Jennifer Romano and Schall, Andrew Jonathan},
	pages = {163--186},
	publisher = {Elsevier},
	title = {Chapter 7: {Web} Content},
	url = {https://ebookcentral.proquest.com/lib/leip/detail.action?docID=1651794#goto_toc},
	year = {2014}
}

@incollection{beisswenger_empirische_2017,
	address = {Berlin, Boston},
	author = {Kienle, Andrea and Beißwenger, Michael and Cedli, Linda and Holmer, Torsten and Schlieker-Steens, Philipp and Schlösser, Christian},
	booktitle = {{Empirische {Erforschung} internetbasierter Kommunikation}},
	editor = {Beisswenger, Michael},
	pages = {143--174},
	publisher = {De Gruyter},
	sortname = {Kienle, Andrea and Beisswenger, Michael and Cedli, Linda and Holmer, Torsten and Schlieker-Steens, Philipp and Schlosser, Christian},
	title = {{Eyetracking als Ressource zur Unterstützung des Interaktionsmanagements in synchroner Schriftkommunikation}},
	year = {2017}
}

@incollection{bartlomiejczyk2004simultaneous,
	address = {Amsterdam},
	author = {Bartłomiejczyk, Magdalena},
	booktitle = {Claims, Changes and Challenges in Translation Studies},
	editor = {Hansen, Gyde and Malmkjaer, Kirsten and Gile, Daniel},
	pages = {239--249},
	publisher = {John Benjamins},
	sortname = {Bartlomiejczyk, Magdalena},
	title = {Simultaneous interpreting {A-B} vs. {B-A} from the interpreters's standpoint},
	url = {https://www.jbe-platform.com/content/books/9789027295552-btl.50.20bar},
	year = {2004}
}

@incollection{Wilutzky2011,
	address = {Paderborn},
	author = {Wilutzky, Wendy and Walter, Sven and Stephan, Achim},
	booktitle = {Affektive {Intentionalität}. {{{Beiträge}}} zur welterschließenden {{{Funktion}}} der menschlichen {Gefühle}},
	editor = {Slaby, Jan and Stephan, Achim and Walter, Henrik and Walter, Sven},
	pages = {283--320},
	publisher = {mentis},
	title = {Situierte {Affektivität}},
	year = {2011}
}

@incollection{Storrer2007,
	address = {London},
	author = {Storrer, Angelika},
	booktitle = {Collocations and Idioms: {{L}inguistic, lexicographic, and computational aspects}},
	editor = {Fellbaum, C.},
	number = {March},
	pages = {164--187},
	publisher = {Continuum Press},
	title = {Corpus-based investigations on {{German}} support verb constructions},
	url = {http://www.studiger.tu-dortmund.de/images/Storrer_2007_Corpus-based_investigations_on_german_support-verb_constructions.pdf},
	year = {2007}
}

@incollection{Storrer2006a,
	address = {Tübingen},
	author = {Storrer, Angelika},
	booktitle = {{Von der {I}ntentionalität zur {B}edeutung konventionalisierter {Z}eichen}},
	editor = {Prost, Kristel and Winkler, Edeltraud},
	pages = {147--178},
	publisher = {Narr},
	title = {{Funktionen von Nominalisierungsverbgefügen im Text: {{{E}}}ine corpusbasierte {{Fallstudie}}}},
	year = {2006}
}

@incollection{Snover2006AAnnotation,
	author = {Snover, Matthew and Dorr, Bonnie and Schwartz, Richard and Micciulla, Linnea and Makhoul, John},
	booktitle = {Proceedings of Association for Machine Translation in the {{Americas}}},
	doi = {10.1.1.129.4369},
	number = {August},
	pages = {223--231},
	title = {A Study of Translation Edit Rate with Targeted Human Annotation},
	url = {https://www.cs.umd.edu/~snover/pub/amta06/ter_amta.pdf http://citeseerx.ist.psu.edu/viewdoc/download?doi=10.1.1.129.4369&amp;rep=rep1&amp;type=pdf},
	year = {2006}
}

@incollection{RojoLópez2016,
	address = {Amsterdam, Philadelphia},
	author = {Rojo, Ana and Ramos, Marina},
	booktitle = {Reembedding {Translation} {Process} {Research}},
	editor = {Muñoz Martín, Ricardo},
	pages = {107--129},
	publisher = {John Benjamins},
	series = {Benjamins Translation Library},
	title = {Can emotion stir translation skill? {Defining} the impact of positive and negative emotions on translation performance},
	volume = {128},
	year = {2016}
}

@incollection{OBrien2009,
	address = {Copenhagen},
	author = {O’Brien, Sharon},
	booktitle = {Methodology, technology and innovation in translation process research: {{A}} tribute to {Arnt Lykke Jakobsen}},
	editor = {Mees, Inger M. and Alves, Fabio and Göpferich, Susanne},
	pages = {251--266},
	publisher = {Samfundslitteratur},
	series = {Copenhagen studies in language},
	sortname = {O’Brien, Sharon},
	title = {Eye tracking in translation process research: {{M}}ethodological challenges and solutions},
	volume = {38},
	year = {2009}
}

@incollection{Kußmaul1991,
	address = {Amsterdam},
	author = {Kußmaul, Paul},
	booktitle = {Translation {Studies}: {The} {State} of the {Art}. {Proceedings} of the {First} {{{James}}} {S} {Holmes} {Symposium} on {Translation} {Studies}},
	editor = {Van Leuven-Zwart, Kitty M. and Naaijkens, Ton},
	pages = {91--101},
	publisher = {Rodopi},
	sortname = {Kussmaul, Paul},
	title = {Creativity in the {Translation} {Process}: {Empirical} {Approaches}},
	year = {1991}
}

@incollection{Jakobson1959,
	address = {\biberror{no address}},
	author = {Jakobson, Roman},
	booktitle = {On {Translation}},
	editor = {Brower, Reuben},
	pages = {\biberror{no pages}},
	publisher = {Harvard University Press},
	title = {On {Linguistic} {Aspects} of {Translation}},
	year = {1959}
}

@incollection{Jakobsen2002,
	address = {Copenhagen},
	author = {Jakobsen, Arnt Lykke},
	booktitle = {Empirical {Translation} {Studies}: {{P}}rocess and product},
	editor = {Hansen, Gyde},
	pages = {191--204},
	publisher = {Samfundslitteratur},
	title = {Translation drafting by professional translators and by translation students},
	year = {2002}
}

@incollection{Helfferich2014,
	address = {Wiesbaden},
	author = {Helfferich, Cornelia},
	booktitle = {{{Handbuch}} {{{Methoden}}} der empirischen {Sozialforschung}},
	editor = {Baur, Nina and Blasius, Jörg},
	pages = {559--574},
	publisher = {Springer VS},
	title = {Leitfaden- und {Experteninterviews}},
	year = {2014}
}

@incollection{Hansen-Schirra2018,
	address = {Winterthur},
	author = {Hansen-Schirra, Silvia and Gutermuth, Silke},
	booktitle = {{Barrieren abbauen, {{Sprache}} gestalten}},
	editor = {Jekat, Susanne and Kappus, Martin and Schubert, Klaus},
	pages = {7--23},
	publisher = {ZHAW Zürcher Hochschule für Angewandte Wissenschaften},
	title = {{Modellierung und Messung Einfacher und Leichter {{Sprache}}}},
	year = {2018}
}

@incollection{Hansen-Schirra2016,
	address = {Berlin},
	author = {Hansen-Schirra, Silvia and Grucza, Sambor},
	booktitle = {Eyetracking and Applied Linguistics (Translation and Multilingual Natural Language Processing 2)},
	chapter = {Eyetracking and Applied Linguistics},
	doi = {10.17169/LANGSCI.B108.232},
	editor = {Hansen-Schirra, Silvia and Grucza, Sambor},
	pages = {1--3},
	publisher = {Langsci Press},
	title = {Eyetracking and {Applied Linguistics}},
	year = {2016}
}

@incollection{Griffiths2009,
	address = {Cambridge, New York, Melbourne, Madrid, Cape Town, Singapore, São Paulo, Delhi},
	author = {Griffiths, Paul and Scarantino, Andrea},
	booktitle = {The {{{Cambridge}}} {Handbook} of {Situated} {Cognition}},
	editor = {Robbins, Philip and Aydede, Murat},
	pages = {437--453},
	publisher = {Cambridge University Press},
	title = {Emotions in the {Wild}: {The} {Situated} {Perspective} on {Emotion}},
	year = {2009}
}

@incollection{Glatz2006,
	address = {Tübingen},
	author = {Glatz, Daniel},
	booktitle = {{Domänen der {L}exikalisierung kommunikativer {K}onzepte}},
	editor = {Proost, Kristel and Harras, Gisela and Glatz, Daniel},
	pages = {129--178},
	publisher = {Narr},
	title = {{Funktionsverbgefüge – semantische {D}oubletten von einfachen {V}erben oder mehr?}},
	year = {2006}
}

@incollection{Ekkekakis2012,
	address = {Champaign},
	author = {Ekkekakis, Panteleimon},
	booktitle = {Measurement in sport and exercise psychology},
	editor = {Tenenbaum, Gershon and Eklund, Robert C. and Kamata, Akihito},
	pages = {321--332},
	publisher = {Human Kinetics},
	title = {Affect, {Mood}, and {Emotion}},
	year = {2012}
}

@incollection{Ehrensberger-Dow2018,
	address = {Oxon},
	author = {Ehrensberger-Dow, Maureen and Jääskeläinen, Riitta},
	booktitle = {Moving boundaries in translation studies},
	editor = {Dam, Helle V. and Brøgger, Matilde Nisbeth and Zethsen, Karen Korning},
	pages = {132--150},
	publisher = {Routledge},
	sortname = {Ehrensberger-Dow, Maureen and Jaaskelainen, Riitta},
	title = {Ergonomics of translation: {{M}}ethodological, practical, and educational implications},
	year = {2018}
}

@incollection{Chmiel2013,
	address = {Amsterdam},
	author = {Chmiel, Agnieszka and Mazur, Iwona},
	booktitle = {Tracks and Treks in Translation Studies: {Selected} papers from the {EST} Congress, Leuven 2010},
	doi = {10.1075/btl.108.10chm},
	editor = {Way, Catherine and Vandepitte, Sonia and Meylaerts, Reine and Bartłomiejczyk, Magdalena},
	pages = {189--205},
	publisher = {John Benjamins Publishing Company},
	title = {Eye tracking sight translation performed by trainee interpreters},
	year = {2013}
}

@incollection{Allen2003,
	address = {Amsterdam},
	author = {Allen, Jeffrey H.},
	booktitle = {Computers and Translation: {{A}} translator's guide},
	doi = {10.1075/btl.35.19all},
	editor = {Sommer, Harold},
	pages = {297--317},
	publisher = {John Benjamins},
	title = {Post-editing},
	year = {2003}
}

@inbook{lorscher1991thinking,
	address = {Tübingen},
	author = {L{\"o}rscher, Wolfgang},
	booktitle = {Empirical research in translation and intercultural studies},
	pages = {67--77},
	publisher = {Gunter Narr},
	title = {Thinking-aloud as a method for collecting data on translation processes},
	year = {1991}
}

@inbook{lapshinova-koltunski_vartra:_2016,
	address = {Saarbrücken},
	author = {Lapshinova-Koltunski, Ekaterina},
	booktitle = {Inter- and Intralingual Variation in a Multilingual Context: {{D}}imensions, Interactions, and their Implications},
	pages = {64--71},
	publisher = {Universität des Saarlandes},
	title = {{{VARTRA}}: {{A}} Comparable Corpus for Analysis of Translation Variation},
	url = {https://www.uni-saarland.de/fileadmin/user_upload/Fachrichtungen/lst/staff/Katja_L/Habilitation-katja.pdf},
	urlyear = {2018-10-21},
	year = {2016}
}

@inbook{lapshinova-koltunski_variation_2015,
	address = {Berlin},
	author = {Lapshinova-Koltunski, Ekaterina},
	bookauthor = {Fantinuoli, Claudio and Zanettin, Federico},
	booktitle = {New directions in corpus-based translation studies},
	pages = {93--114},
	publisher = {Language Science Press},
	title = {Variation in translation: {{{{E}}}}vidence from corpora},
	urlyear = {2018-10-21},
	year = {2015}
}

@inbook{SharminJakobsen2008,
	author = {Selina Sharmin and Oleg Spakov and Kari-Jouko Räihä and {Lykke Jakobsen}, Arnt},
	booktitle = {Looking at {{{E}}}yes: {{{{{E}}}}}ye-Tracking Studies of Reading and Translation Processing},
	editor = {Susanne Göpferich; Arnt Lykke Jakobsen; Inger M. Mees},
	journal = {Copenhagen Studies in Language},
	pages = {31--51},
	publisher = {Samfundslitteratur},
	title = {Where on the screen do translation students look while translating, and for how long?},
	volume = {36},
	year = {2008}
}

@inbook{PavlovićJensen2009,
	author = {Natasa Pavlović and Jensen, Kristian Tangsgaard Hvelplund},
	booktitle = {Translation Research Projects 2},
	editor = {Anthony Pym and Alexander Perekrestenko},
	isbn = {9788461316199},
	pages = {93--109},
	publisher = {Intercultural Studies Group},
	title = {Eye Tracking Translation Directionality},
	volume = {2},
	year = {2009}
}

@inbook{Moorkens2018c,
	address = {Amsterdam},
	author = {Moorkens, Joss},
	booktitle = {Eye tracking and multidisciplinary studies on translation},
	doi = {10.1075/btl.143.04moo},
	editor = {Walker Calum and Federico M. Federici},
	journal = {Benjamins Translation Library},
	month = {9},
	pages = {55--70},
	title = {Eye tracking as a measure of cognitive effort for post-editing of machine translation},
	year = {2018}
}

@inbook{Mesa-Lao2014,
	address = {United Kingdom},
	author = {Bartolomé Mesa-Lao},
	booktitle = {Post-editing of Machine Translation},
	editor = {O'Brien, Sharon and Balling, {Laura Winther} and Michael Carl and Simard, Michel  and Specia, Lucia},
	pages = {219--245},
	publisher = {Cambridge Scholars Publishing},
	title = {Gaze Behaviour on Source Texts: {{A}}n Exploratory Study Comparing Translation and Post-editing},
	year = {2014}
}

@inbook{Kaiser-Cooke1994,
	address = {Amsterdam, Philadelphia},
	author = {Kaiser-Cooke, Michèle},
	booktitle = {Translation studies. {{A}}n interdiscipline},
	editor = {Mary Snell-Hornby and Franz Pöchhacker and Klaus Kaindl},
	pages = {135-–139},
	publisher = {John Benjamins Publishing Company},
	title = {Translatorial expertise: {{A}} cross-cultural phenomenon from an interdisciplinary perspective},
	year = {1994}
}

@inbook{GöpferichStadlober2011,
	address = {London},
	author = {Göpferich, Susanne and Bayer-Hohenwarter, Gerrit and Prassl, Friederike and Johanna, Stadlober},
	booktitle = {Cognitive Explorations of Translation},
	editor = {Sharon O’Brien},
	month = {1},
	pages = {57--86},
	publisher = {Continuum Studies in Translation},
	title = {Exploring translation competence acquisition: {{C}}riteria of analysis put to the test},
	year = {2011}
}

@inbook{ElmingCarl2014,
	address = {United Kingdom},
	author = {Jakob Elming and Balling, {Laura Winther} and Michael Carl},
	booktitle = {Post-editing of Machine Translation},
	editor = {O'Brien, Sharon and Balling, {Laura Winther} and Michael Carl and Simard, {Michel} and Specia, {Lucia}},
	isbn = {9781443854764},
	pages = {147--169},
	publisher = {Cambridge Scholars Publishing},
	title = {Investigating User Behaviour in Post-editing and Translation using the {{CASMACAT}} Workbench},
	year = {2014}
}

@inbook{CarlHansen-Schirra2015,
	address = {Netherlands},
	author = {Michael Carl and Silke Gutermuth and Silvia Hansen-Schirra},
	booktitle = {Psycholinguistic and Cognitive Inquiries into Translation and Interpreting},
	editor = {Aline Ferreira and Schwieter, {John W.}},
	isbn = {9789027258557},
	pages = {145--174},
	publisher = {John Benjamins Publishing Company},
	title = {Post-{{{E}}}diting Machine Translation: {{{{{E}}}}}fficiency, Strategies, and Revision Processes in Professional Translation Settings},
	year = {2015}
}

@conference{CarlJensen2010,
	author = {Michael Carl and Martin Kay and Jensen, {Kristian Tangsgaard Hvelplund}},
	note = {Fremlagt p{\aa} konferencen CICLing-2010, Iaşi, Romania, March 21--27},
	title = {Long Distance Revisions in Drafting and Post-editing},
	year = {2010}
}

@collection{fiser_investigating_2017,
	address = {Ljubljana},
	booktitle = {Investigating computer-mediated communication: {{C}}orpus-based approaches to language in the digital world},
	edition = {1},
	editor = {Fišer, Darja and Beißwenger, Michael},
	pagetotal = {236},
	publisher = {Ljubljana University Press},
	series = {Book series translation studies and applied Linguistics},
	title = {Investigating computer-mediated communication: {{C}}orpus-based approaches to language in the digital world},
	url = {https://e-knjige.ff.uni-lj.si/},
	urlyear = {2017-10-27},
	year = {2017}
}

@book{wmt:2014,
	address = {Baltimore, Maryland, USA},
	booktitle = {Proceedings of the Ninth Workshop on Statistical Machine Translation},
	editor = {Ond\v{r}ej Bojar and Christian Buck and Christian Federmann and Barry Haddow and Philipp Koehn and Christof Monz and Matt Post and Lucia Specia},
	month = {June},
	publisher = {Association for Computational Linguistics},
	sortname = {Ondrej Bojar and Christian Buck and Christian Federmann and Barry Haddow and Philipp Koehn and Christof Monz and Matt Post and Lucia Specia},
	title = {Proceedings of the Ninth Workshop on Statistical Machine Translation},
	year = {2014}
}

@book{vonPolenz1963,
	address = {Düsseldorf},
	author = {von Polenz, Peter},
	publisher = {Schwann},
	series = {Wirkendes Wort},
	title = {{Funktionsverben im heutigen {{Deutsch}}}},
	year = {1963}
}

@book{ubhd-67957969,
	address = {Berlin},
	author = {Bredel, Ursula and Maaß, Christiane},
	publisher = {Dudenverlag},
	series = {Sprache im Blick},
	sortname = {Bredel, Ursula and Maass, Christiane},
	title = {{Leichte {Sprache}: {{T}}heoretische {Grundlagen}. {{O}}rientierung für die Praxis}},
	year = {2016}
}

@book{ubhd-67954849,
	address = {Berlin, Heidelberg},
	author = {Baumert, Andreas and Verhein-Jarren, Annette},
	doi = {10.1007/978-3-662-47410-5},
	publisher = {Springer Vieweg},
	title = {{Texten für die {{Technik}}}},
	year = {2012}
}

@book{samuelsson-brown_managing_2006,
	address = {Clevedon, {UK} ; Buffalo, {NY}},
	author = {Samuelsson-Brown, Geoffrey},
	note = {{OCLC}: ocm67383414},
	number = {32},
	pagetotal = {162},
	publisher = {Multilingual Matters},
	series = {Topics in translation},
	title = {Managing translation services},
	year = {2006}
}

@book{ramlow_maschinelle_2009,
	address = {Berlin},
	author = {Ramlow, Markus},
	note = {{OCLC}: 553597343},
	number = {27},
	pagetotal = {357},
	publisher = {Frank \& Timme},
	series = {{TransÜD}},
	shorttitle = {Die maschinelle Simulierbarkeit des Humanübersetzens},
	title = {Die maschinelle Simulierbarkeit des Humanübersetzens: {{{{E}}}}valuation von Mensch-Maschine-{{Interaktion}} und der Translatqualität der {{Technik}}},
	year = {2009}
}

@book{r_development_core_team_r_2019,
	address = {Vienna, Austria},
	author = {{R Core Team}},
	publisher = {R Foundation for Statistical Computing},
	title = {R: {{A}} Language and Environment for Statistical Computing},
	url = {http://www.R-project.org},
	year = {2019}
}

@book{pokorn2005challenging,
	address = {Amsterdam},
	author = {Pokorn, Nike K.},
	publisher = {John Benjamins Publishing},
	title = {Challenging the traditional axioms: {{T}}ranslation into a non-mother tongue},
	volume = {62},
	year = {2005}
}

@book{nielsen_eyetracking_2010,
	address = {Thousand Oaks},
	author = {Nielsen, Jakob and Pernice, Kara},
	publisher = {New Riders},
	title = {Eyetracking web usability},
	year = {2010}
}

@book{newmark1988textbook,
	address = {New York},
	author = {Newmark, Peter},
	publisher = {Prentice hall New York},
	title = {A textbook of translation},
	volume = {66},
	year = {1988}
}

@book{mellinger2014computer,
	address = {Kent, OH},
	author = {Mellinger, Christopher Davey},
	publisher = {Kent State University},
	title = {Computer-Assisted Translation: {{A}}n Empirical Investigation of Cognitive Effort},
	year = {2014}
}

@book{lorscher1991translation,
	address = {Tübingen},
	author = {Lörscher, Wolfgang},
	publisher = {G. Narr},
	sortname = {Lorscher, Wolfgang},
	title = {Translation performance, translation process, and translation strategies: {{A}} psycholinguistic investigation},
	volume = {4},
	year = {1991}
}

@book{lapshinova-koltunski_inter-_2016,
	address = {Saarbrücken},
	author = {Lapshinova-Koltunski, Ekaterina},
	pagetotal = {279},
	publisher = {Universität des Saarlandes},
	title = {Inter- and Intralingual Variation in a Multilingual Context: {{D}}imensions, Interactions, and their Implications},
	url = {https://www.uni-saarland.de/fileadmin/user_upload/Fachrichtungen/lst/staff/Katja_L/Habilitation-katja.pdf},
	urlyear = {2018-10-21},
	year = {2016}
}

@book{khawaja2010cognitive,
	address = {Sydney},
	author = {Khawaja, Muhammad Asif},
	publisher = {University of New South Wales},
	title = {Cognitive Load Measurement using Speech and Linguistic Features},
	year = {2010}
}

@book{jolliffe2011principal,
	address = {NY},
	author = {Jolliffe, Ian},
	publisher = {Springer},
	title = {Principal component analysis},
	year = {2011}
}

@book{holmqvist2011eye,
	address = {Oxford},
	author = {Holmqvist, Kenneth and Nyström, Marcus and Andersson, Richard and Dewhurst, Richard and Jarodzka, Halszka and Van de Weijer, Joost},
	publisher = {OUP Oxford},
	sortname = {Holmqvist, Kenneth and Nystrom, Marcus and Andersson, Richard and Dewhurst, Richard and Jarodzka, Halszka and Van de Weijer, Joost},
	title = {Eye tracking: {{A}} comprehensive guide to methods and measures},
	year = {2011}
}

@book{halliday2014introduction,
	address = {London},
	author = {Halliday, Michael and Matthiessen, Christian M. I.M.},
	publisher = {Routledge},
	title = {An {I}ntroduction to {F}unctional {G}rammar},
	year = {2014}
}

@book{fox_can_2018,
	address = {Berlin},
	author = {Fox, Wendy},
	publisher = {Language Science Press},
	title = {Can integrated titles improve the viewing experience?: {{I}}nvestigating the impact of subtitling on the reception and enjoyment of film using eye tracking and questionnaire data},
	year = {2018}
}

@book{fox2019r,
	address = {Thousand Oaks, CA},
	author = {Fox, John and Weisberg, Sanford},
	publisher = {Sage},
	title = {An {{R}} Companion to Applied Regression},
	year = {2019}
}

@book{corder2009,
	address = {Hoboken},
	author = {Corder, Gregory W. and Foreman, Dale I.},
	citeulike-article-id = {9670296},
	posted-at = {2011-08-15 15:21:51},
	priority = {2},
	publisher = {Wiley},
	title = {Nonparametric Statistics for Non-Statisticians: {A} Step-by-Step Approach},
	year = {2009}
}

@book{chomsky19651965,
	address = {\biberror{no address}},
	author = {Chomsky, N.},
	isbn = {9780262530071},
	lccn = {65019080},
	publisher = {M.I.T. Press},
	series = {MIT Research Laboratory of Electronics : special technical report},
	title = {Aspects of the Theory of Syntax},
	year = {1965}
}

@book{chen2016robust,
	address = {Cham},
	author = {Chen, Fang and Zhou, Jianlong and Wang, Yang and Yu, Kun and Arshad, Syed Z. and Khawaji, Ahmad and Conway, Dan},
	publisher = {Springer International Publishing},
	title = {Robust Multimodal Cognitive Load Measurement},
	year = {2016}
}

@book{bowker_machine_2019,
	address = {Bingley, {UK}},
	author = {Bowker, Lynne and Ciro, Jairo Buitrago},
	note = {{OCLC}: on1075580986},
	pagetotal = {111},
	publisher = {Emerald Publishing},
	shorttitle = {Machine translation and global research},
	title = {Machine translation and global research: {{T}}owards improved machine translation literacy in the scholarly community},
	year = {2019}
}

@book{beiswenger_sprachhandlungskoordination_2007,
	address = {Berlin},
	author = {Beißwenger, Michael},
	number = {26},
	pagetotal = {516},
	publisher = {W. de Gruyter},
	series = {Linguistik, Impulse \& Tendenzen},
	sortname = {Beisswenger, Michael},
	title = {Sprachhandlungskoordination in der Chat-Kommunikation},
	year = {2007}
}

@book{Zifonun1997,
	address = {Berlin},
	author = {Zifonun, Gisela and Hoffmann, Ludger and Strecker, Bruno},
	publisher = {Walter de Gruyter},
	title = {{{{Grammatik}} der deutschen {{Sprache}}}},
	year = {1997}
}

@book{Pollard1994,
	address = {Chiacgo},
	author = {Pollard, Carl Jesse and Sag, Ivan A.},
	publisher = {University of Chicago Press},
	series = {Studies in contemporary linguistics},
	title = {Head-driven phrase structure grammar},
	year = {1994}
}

@book{Palumbo2009,
	address = {London},
	author = {Palumbo, Giuseppe},
	isbn = {978-0826498250},
	month = {04},
	publisher = {Continuum},
	title = {{Key} Terms in Translation Studies},
	year = {2009}
}

@book{O’BrienSpecia2014,
	address = {Newcastle upon Tyne},
	author = {Sharon O’Brien and Laura Winther Balling and Carl Michael and Michel Simard and Lucia Specia},
	publisher = {Cambridge Schoolars Publishing},
	sortname = {Sharon O’Brien and Laura Winther Balling and Carl Michael and Michel Simard and Lucia Specia},
	title = {Post-editing of machine translation: {{P}}rocesses and applications},
	year = {2014}
}

@book{Mayring2002,
	address = {Weinheim, Basel},
	author = {Mayring, Philipp},
	edition = {5},
	publisher = {Beltz Verlag},
	title = {{{Einführung}} in die qualitative {Sozialforschung}. {Eine} {Anleitung} zu qualitativem {Denken}},
	year = {2002}
}

@book{Lehr2014,
	address = {Université de Genève},
	author = {Lehr, Caroline},
	publisher = {Dissertation},
	title = {The influence of emotion on language performance: {{S}}tudy of a neglected determinant of decision-making in professional translators},
	year = {2014}
}

@book{Kokanova2016,
	address = {Arkhangelsk},
	author = {Elena Kokanova},
	publisher = {Northern (Arctic) Federal University},
	title = {Practicum po perevodu s lista [{S}ite translation study guide ({R}ussian-{{E}}nglish)]},
	year = {2016}
}

@book{Jespersen1964,
	address = {Alabama},
	author = {Jespersen, Otto},
	publisher = {University of Alabama Press},
	title = {Essentials of {{English}} grammar},
	year = {1964}
}

@book{Jespersen1942,
	address = {Copenhagen},
	author = {Jespersen, Otto},
	edition = {Part VI},
	publisher = {Ejnar Munksgaard},
	title = {A modern {{English}} grammar on historical principles},
	year = {1942}
}

@book{Hvelplund2011,
	address = {Denmark},
	author = {Hvelplund, {Kristian Tangsgaard}},
	number = {10.2011},
	publisher = {Samfundslitteratur},
	series = {PhD series},
	title = {Allocation of Cognitive Resources in Translation: {{A}}n Eye-tracking and {{Key}}-logging Study},
	year = {2011}
}

@book{Hutchins1992,
	address = {Cambridge},
	author = {Hutchins, William J. and Somers, Harold L.},
	publisher = {Academic Press},
	title = {An introduction to machine translation},
	year = {1992}
}

@book{Gläser2009,
	address = {Wiesbaden},
	author = {Gläser, Jochen and Laudel, Grit},
	edition = {3},
	publisher = {VS Verlag für Sozialwissenschaften},
	sortname = {Glaser, Jochen and Laudel, Grit},
	title = {Experteninterviews und qualitative {Inhaltsanalyse} als {Instrumente} rekonstruierender {{{Untersuchungen}}}},
	year = {2009}
}

@book{Flick2002,
	address = {Reinbek bei Hamburg},
	author = {Flick, Uwe},
	edition = {6},
	publisher = {Rowohlt (Rowohlts Enzyklopädie 55654)},
	title = {Qualitative {Sozialforschung}: {{{{{E}}}}}ine {{{{E}}}inführung}},
	year = {2002}
}

@book{Daniels1963,
	address = {Düsseldorf},
	author = {Daniels, Karlheinz},
	publisher = {Schwann},
	series = {Sprache und Gemeinschaft},
	title = {{Substantivierungstendenzen in der deutschen {{Gegenwartssprache}}: {{N}ominaler Ausbau des verbalen Denkkreises}}},
	year = {1963}
}

@book{Damasio1999,
	address = {New York},
	author = {Antonio R. Damasio},
	publisher = {Harcourt Brace},
	title = {The feeling of what happens. {Body} and emotion in the making of consciousness},
	year = {1999}
}

@book{Damasio1994,
	address = {New York},
	author = {Antonio R. Damasio},
	publisher = {Putnam},
	title = {Descartes' error: {Emotion}, reason, and the human brain},
	year = {1994}
}

@book{Circov1900,
	address = {The Hague},
	author = {Ćircov, Boban},
	publisher = {Mouton},
	sortname = {Circov, Boban},
	title = {Test book},
	year = {1957}
}

@book{Chomsky1957,
	address = {The Hague},
	author = {Noam Chomsky},
	publisher = {Mouton},
	title = {Syntactic structures},
	year = {1957}
}

@book{Bruker2013,
	address = {Hamburg},
	author = {Bruker, Astrid},
	publisher = {Bachelor Master Publ.},
	title = {{Funktionsverbgefüge im {{Deutschen}}: {{C}omputerlexikographische {{Probleme}} und Lösungsansätze}}},
	year = {2013}
}

@article{wood2001validaccao,
	author = {Wood, Guilherme Maia de Oliveira and Carvalho, Maria Raquel Santos and Rothe-Neves, Rui and Haase, Vitor Geraldi},
	journal = {Psicologia: Reflexão e Crítica},
	number = {2},
	pages = {325--341},
	publisher = {SciELO Brasil},
	title = {Validação da bateria de avaliação da memória de trabalho ({{BAMT}}-{{UFMG}})},
	volume = {14},
	year = {2001}
}

@article{whyatt2018old,
	author = {Whyatt, Bogus{\l}awa},
	journal = {Mi{\k{e}}dzy Orygina{\l}em a Przek{\l}adem},
	pages = {89--112},
	sortname = {Whyatt, Bogus{\l}awa},
	title = {Old Habits Die Hard: {{T}}owards Understanding L2 Translation},
	volume = {41},
	year = {2018}
}

@article{whyatt2013translation,
	author = {Whyatt, Bogus{\l}awa and Ko{\'s}ciuczuk, Tomasz},
	journal = {mTm Translation Journal},
	pages = {60--79},
	sortname = {Whyatt, Bogus{\l}awa and Ko{s}ciuczuk, Tomasz},
	title = {Translation into a non-native language: {{T}}he double life of the native-speakership axiom},
	volume = {5},
	year = {2013}
}

@article{wang2018adult,
	author = {Wang, Jingxin and Li, Lin and Li, Sha and Xie, Fang and Chang, Min and Paterson, Kevin B. and White, Sarah J. and McGowan, Victoria A.},
	doi = {10.12797/MOaP.24.2018.41.05},
	journal = {The Journals of Gerontology: Series B},
	number = {4},
	pages = {584--593},
	publisher = {Oxford University Press US},
	title = {Adult age differences in eye movements during reading: {{T}}he evidence from {{Chinese}}},
	volume = {73},
	year = {2018}
}

@article{walker2017looking,
	author = {Walker, Francesco and Bucker, Berno and Anderson, Nicola C. and Schreij, Daniel and Theeuwes, Jan},
	journal = {PloS One},
	number = {6},
	pages = {e0178912},
	publisher = {Public Library of Science},
	title = {Looking at paintings in the Vincent {{Van}} Gogh Museum: {{{{E}}}}ye movement patterns of children and adults},
	volume = {12},
	year = {2017}
}

@article{waibel_sprachbarrieren_2015,
	author = {Waibel, Alexander},
	journal = {Nova Acta Leopoldina},
	number = {410},
	pages = {101--123},
	title = {Sprachbarrieren durchbrechen: {{T}}raum oder Wirklichkeit},
	volume = {122},
	year = {2015}
}

@article{waibel_interactive_1996,
	author = {Waibel, Alexander},
	doi = {10.1109/2.511967},
	journal = {Computer},
	number = {7},
	pages = {41--48},
	title = {Interactive translation of conversational speech},
	url = {http://ieeexplore.ieee.org/document/511967/},
	urlyear = {2019-02-24},
	volume = {29},
	year = {1996}
}

@article{villarejo2012stress,
	author = {Villarejo, María Viqueira and Zapirain, Begoña García and Zorrilla, Amaia Méndez},
	journal = {Sensors},
	number = {5},
	pages = {6075--6101},
	publisher = {Molecular Diversity Preservation International},
	sortname = {Villarejo, Maria Viqueira and Zapirain, Begona Garcia and Zorrilla, Amaia Mendez},
	title = {A stress sensor based on Galvanic Skin Response ({{{GSR}}}) controlled by {{{ZigB}}ee}},
	volume = {12},
	year = {2012}
}

@article{vieira2016measures,
	author = {Vieira, Lucas Nunes},
	journal = {Machine Translation},
	number = {1--2},
	pages = {41--62},
	publisher = {Springer},
	title = {How do measures of cognitive effort relate to each other? {A} multivariate analysis of post-editing process data},
	volume = {30},
	year = {2016}
}

@article{vieira2014indices,
	author = {Vieira, Lucas Nunes},
	journal = {Machine Translation},
	number = {3--4},
	pages = {187--216},
	publisher = {Springer},
	title = {Indices of cognitive effort in machine translation post-editing},
	volume = {28},
	year = {2014}
}

@article{van2018normal,
	author = {van den Berg, Marten and Rijnbeek, Peter and Niemeijer, Maartje and Hofman, Albert and van Herpen, Gerard and Bots, Michiel and Hillege, Hans and Swenne, Kees and Eijgelsheim, Mark and Stricker, Bruno and Kors, Jan},
	journal = {Frontiers in Physiology},
	pages = {1--9},
	publisher = {Frontiers},
	title = {Normal values of corrected heart-rate variability in 10-second electrocardiograms for all ages},
	volume = {9},
	year = {2018}
}

@article{van2001eye,
	author = {Van Orden, Karl F. and Limbert, Wendy and Makeig, Scott and Jung, Tzyy-Ping},
	journal = {Human Factors},
	number = {1},
	pages = {111--121},
	publisher = {SAGE Publications Sage CA: Los Angeles, CA},
	title = {Eye activity correlates of workload during a visuospatial memory task},
	volume = {43},
	year = {2001}
}

@article{torgrimson2005sex,
	author = {Torgrimson, Britta N. and Minson, Christopher T.},
	doi = {https://doi.org/10.1152/japplphysiol.00376.2005},
	issue = {9},
	journal = {Journal of {A}pplied {P}hysiology},
	pages = {785--787},
	title = {Sex and gender: {{W}}hat is the difference?},
	volume = {3},
	year = {2005}
}

@article{tatler2016looking,
	author = {Tatler, Benjamin W. and Macdonald, Ross G. and Hamling, Tara and Richardson, Catherine},
	journal = {Textile History},
	number = {1},
	pages = {94--118},
	publisher = {Taylor \& Francis},
	title = {Looking at domestic textiles: {{A}}n eye-tracking experiment analysing influences on viewing behaviour at Owlpen Manor},
	volume = {47},
	year = {2016}
}

@article{taboada2006rhetorical,
	author = {Taboada, Maite and Mann, William C.},
	journal = {Discourse {S}tudies},
	number = {3},
	pages = {423--459},
	publisher = {SAGE publications London, Thousand Oaks, CA and New Delhi},
	title = {Rhetorical structure theory: {{L}}ooking back and moving ahead},
	volume = {8},
	year = {2006}
}

@article{sweller1998cognitive,
	author = {Sweller, John and Van Merrienboer, Jeroen JG and Paas, Fred GWC},
	journal = {Educational Psychology Review},
	number = {3},
	pages = {251--296},
	publisher = {Springer},
	title = {Cognitive architecture and instructional design},
	volume = {10},
	year = {1998}
}

@article{sweller1988cognitive,
	author = {Sweller, John},
	journal = {Cognitive Science},
	number = {2},
	pages = {257--285},
	publisher = {Wiley Online Library},
	title = {Cognitive load during problem solving: {{{{E}}}}ffects on learning},
	volume = {12},
	year = {1988}
}

@article{stuyven2000effect,
	author = {Stuyven, Els and Van der Goten, Koen and Vandierendonck, André and Claeys, Kristl and Crevits, Luc},
	journal = {Acta Psychologica},
	number = {1},
	pages = {69--85},
	publisher = {Elsevier},
	sortname = {Stuyven, Els and Van der Goten, Koen and Vandierendonck, Andre and Claeys, Kristl and Crevits, Luc},
	title = {The effect of cognitive load on saccadic eye movements},
	volume = {104},
	year = {2000}
}

@article{stivers_universals_2009,
	author = {Stivers, T. and Enfield, N. J. and Brown, P. and Englert, C. and Hayashi, M. and Heinemann, T. and Hoymann, G. and Rossano, F. and de Ruiter, J. P. and Yoon, K.-E. and Levinson, S. C.},
	doi = {10.1073/pnas.0903616106},
	journal = {Proceedings of the National Academy of Sciences},
	langid = {english},
	number = {26},
	pages = {10587--10592},
	title = {Universals and cultural variation in turn-taking in conversation},
	url = {http://www.pnas.org/cgi/doi/10.1073/pnas.0903616106},
	urlyear = {2019-02-04},
	volume = {106},
	year = {2009}
}

@article{specia2010machine,
	author = {Specia, Lucia and Raj, Dhwaj and Turchi, Marco},
	journal = {Machine Translation},
	number = {1},
	pages = {39--50},
	publisher = {Springer},
	title = {Machine translation evaluation versus quality estimation},
	volume = {24},
	year = {2010}
}

@article{smith1999aging,
	author = {Smith, Michael W. and Sharit, Joseph and Czaja, Sara J.},
	journal = {Human {F}actors},
	number = {3},
	pages = {389--396},
	publisher = {SAGE Publications Sage CA: Los Angeles, CA},
	title = {Aging, motor control, and the performance of computer mouse tasks},
	volume = {41},
	year = {1999}
}

@article{shreve2006deliberate,
	author = {Shreve, Gregory M.},
	journal = {Journal of {T}ranslation {S}tudies},
	number = {1},
	pages = {27--42},
	title = {The deliberate practice: {{T}}ranslation and expertise},
	volume = {9},
	year = {2006}
}

@article{shen2012top,
	author = {Shen, John and Itti, Laurent},
	journal = {Vision {R}esearch},
	pages = {62--76},
	publisher = {Elsevier},
	title = {Top-down influences on visual attention during listening are modulated by observer sex},
	volume = {65},
	year = {2012}
}

@article{shaffer2017overview,
	author = {Shaffer, Fred and Ginsberg, Jay P.},
	journal = {Frontiers in Public Health},
	pages = {1--7},
	publisher = {Frontiers},
	title = {An overview of heart rate variability metrics and norms},
	volume = {5},
	year = {2017}
}

@article{schaeffer-etal2019,
	author = {Schaeffer, Moritz and Halverson, Sandra and Hansen-Schirra, Silvia},
	journal = {Translation, Cognition and Behavior},
	pages = {1--33},
	title = {``{Monitoring}'' in translation. {{T}}he role of visual feedback},
	volume = {2(1)},
	year = {2019}
}

@article{rayner2013eye,
	author = {Rayner, Keith and Yang, Jinmian and Schuett, Susanne and Slattery, Timothy J.},
	journal = {Experimental Psychology},
	pages = {354--361},
	publisher = {Hogrefe Publishing},
	title = {Eye movements of older and younger readers when reading unspaced text},
	volume = {60},
	year = {2013}
}

@article{rayner2009eye,
	author = {Rayner, Keith and Castelhano, Monica S. and Yang, Jinmian},
	journal = {Psychology and aging},
	number = {3},
	pages = {755},
	publisher = {American Psychological Association},
	title = {Eye movements and the perceptual span in older and younger readers},
	volume = {24},
	year = {2009}
}

@article{quaresima2002lateral,
	author = {Quaresima, Valentina and Ferrari, Marco and van der Sluijs, Marco C. P. and Menssen, Jan and Colier, Willy N. J.M.},
	journal = {Brain research bulletin},
	number = {3},
	pages = {235--243},
	publisher = {Elsevier},
	title = {Lateral frontal cortex oxygenation changes during translation and language switching revealed by non-invasive near-infrared multi-point measurements},
	volume = {59},
	year = {2002}
}

@article{price1999functional,
	author = {Price, Cathy J. and Green, David W. and Von Studnitz, Roswitha},
	journal = {Brain},
	number = {12},
	pages = {2221--2235},
	publisher = {Oxford University Press},
	title = {A functional imaging study of translation and language switching},
	volume = {122},
	year = {1999}
}

@article{peltsch2011age,
	author = {Peltsch, A. and Hemraj, A. and Garcia, A. and Munoz, DP},
	journal = {Neurobiology of {A}ging},
	number = {4},
	pages = {669--679},
	publisher = {Elsevier},
	title = {Age-related trends in saccade characteristics among the elderly},
	volume = {32},
	year = {2011}
}

@article{pedersen2017far,
	author = {Pedersen, Jan},
	journal = {Journal of Specialised Translation},
	pages = {210--229},
	title = {The {{FAR}} model: {{A}}ssessing quality in interlingual subtitling},
	volume = {28},
	year = {2017}
}

@article{pavlovic2010were,
	author = {Nataša Pavlović},
	journal = {Journal of Language and Communication Studies},
	pages = {63–87},
	sortname = {Natasa Pavlovic},
	title = {What {Were} They Thinking?! {S}tudents’ Decision Making in {L1} and {L2} Translation Processes},
	volume = {44},
	year = {2010}
}

@article{paradis1985representation,
	author = {Paradis, Michel},
	journal = {Language Sciences},
	number = {1},
	pages = {1--39},
	publisher = {Elsevier},
	title = {On the representation of two languages in one brain},
	volume = {7},
	year = {1985}
}

@article{paas2003cognitive,
	author = {Paas, Fred and Tuovinen, Juhani E. and Tabbers, Huib and Van Gerven, Pascal WM},
	journal = {Educational Psychologist},
	number = {1},
	pages = {63--71},
	publisher = {Taylor \& Francis},
	title = {Cognitive load measurement as a means to advance cognitive load theory},
	volume = {38},
	year = {2003}
}

@article{paas1994instructional,
	author = {Paas, Fred GWC and Van Merriënboer, Jeroen JG},
	journal = {Educational Psychology Review},
	number = {4},
	pages = {351--371},
	publisher = {Springer},
	sortname = {Paas, Fred GWC and Van Merrienboer, Jeroen JG},
	title = {Instructional control of cognitive load in the training of complex cognitive tasks},
	volume = {6},
	year = {1994}
}

@article{orrego2018using,
	author = {Orrego-Car\-mo\-na, David and Dutka, {\L}ukasz and Szarkowska, Agnieszka},
	journal = {JoSTrans: The Journal of Specialised Translation},
	pages = {150--180},
	publisher = {Roehampton University},
	sortname = {Orrego-Car\-mo\-na, David and Dutka, {\L}ukasz and Szarkowska, Agnieszka},
	title = {Using translation process research to explore the creation of subtitles: {{A}}n eye-tracking study comparing professional and trainee subtitlers},
	volume = {30},
	year = {2018}
}

@article{o2009eye,
	author = {O'Brien, Sharon},
	journal = {Methodology, Technology and Innovation in Translation Process Research},
	pages = {251--266},
	publisher = {Samfundslitteratur},
	sortname = {O'Brien, Sharon},
	title = {Eye tracking in translation process research: {{M}}ethodological challenges and solutions},
	volume = {38},
	year = {2009}
}

@article{o2006pauses,
	author = {O'Brien, Sharon},
	journal = {Across Languages and Cultures},
	number = {1},
	pages = {1--21},
	publisher = {Akadémiai Kiadó},
	sortname = {O'Brien, Sharon},
	title = {Pauses as indicators of cognitive effort in post-editing machine translation output},
	volume = {7},
	year = {2006}
}

@article{o2005methodologies,
	author = {O'Brien, Sharon},
	journal = {Machine Translation},
	number = {1},
	pages = {37--58},
	publisher = {Springer},
	sortname = {O'Brien, Sharon},
	title = {Methodologies for measuring the correlations between post-editing effort and machine translatability},
	volume = {19},
	year = {2005}
}

@article{mulder1992measurement,
	author = {Mulder, Lambertus J. M.},
	journal = {Biological Psychology},
	number = {2},
	pages = {205--236},
	publisher = {Elsevier},
	title = {Measurement and analysis methods of heart rate and respiration for use in applied environments},
	volume = {34},
	year = {1992}
}

@article{malmkjaer2009translation,
	author = {Malmkj{\ae}r, Kirsten},
	journal = {Revue française de linguistique appliquée},
	number = {1},
	pages = {121--134},
	publisher = {Pub. linguistiques},
	sortname = {Malmkj{\ae}r, Kirsten},
	title = {What is translation competence?},
	volume = {14},
	year = {2009}
}

@article{mack2017effect,
	author = {Mack, David J. and Belfanti, Sandro and Schwarz, Urs},
	journal = {Behavior Research Methods},
	number = {6},
	pages = {2146--2162},
	publisher = {Springer},
	title = {The effect of sampling rate and lowpass filters on saccades--a modeling approach},
	volume = {49},
	year = {2017}
}

@article{macizo2006reading,
	author = {Macizo, Pedro and Bajo, M. Teresa},
	journal = {Cognition},
	number = {1},
	pages = {1--34},
	publisher = {Elsevier},
	title = {Reading for repetition and reading for translation: {{D}}o they involve the same processes?},
	volume = {99},
	year = {2006}
}

@article{lykke_jakobsen_eye_2008,
	author = {Lykke Jakobsen, Arnt and Jensen, Kristian Tangsgaard Hvelplund},
	journal = {Copenhagen Studies in Language},
	pages = {103--124},
	title = {Eye Movement Behaviour Across Four Different Types of Reading Task},
	volume = {36},
	year = {2008}
}

@article{lykke2002translation,
	author = {Jakobsen, Arnt Lykke},
	journal = {Copenhagen {S}tudies in {L}anguage},
	pages = {191--204},
	title = {Translation drafting by professional translators and by translation students},
	volume = {27},
	year = {2002}
}

@article{lorscher2012bilingualism,
	author = {Lörscher, Wolfgang},
	journal = {A Journal of Professional Communication},
	pages = {3--15},
	sortname = {Lorscher, Wolfgang},
	title = {{SYNAPS}: {B}ilingualism and Translation Competence},
	volume = {27},
	year = {2012}
}

@article{lopez2018facil,
	author = {López, Belem G. and Vaid, Jyotsna},
	journal = {Bilingualism: Language and cognition},
	number = {2},
	pages = {340--354},
	publisher = {Cambridge University Press},
	sortname = {Lopez, Belem G. and Vaid, Jyotsna},
	title = {Fácil or {{A}} piece of cake: {{D}}oes variability in bilingual language brokering experience affect idiom comprehension?},
	volume = {21},
	year = {2018}
}

@article{larsen2018looking,
	author = {Larsen-Freeman, Diane},
	journal = {Foreign {L}anguage {A}nnals},
	number = {1},
	pages = {55--72},
	publisher = {Wiley Online Library},
	title = {Looking ahead: {{F}}uture directions in, and future research into, second language acquisition},
	volume = {51},
	year = {2018}
}

@article{la1996nonverbal,
	author = {La Heij, Wido and Hooglander, Andre and Kerling, Robert and Van Der Velden, Esther},
	journal = {Journal of Memory and Language},
	number = {5},
	pages = {648--665},
	publisher = {Elsevier},
	title = {Nonverbal context effects in forward and backward word translation: {{{{E}}}}vidence for concept mediation},
	volume = {35},
	year = {1996}
}

@article{kruger2016measuring,
	author = {Kruger, Jan-Louis and Doherty, Stephen},
	journal = {Australasian Journal of Educational Technology},
	number = {6},
	pages = {19--31},
	title = {Measuring cognitive load in the presence of educational video: {{T}}owards a multimodal methodology},
	volume = {32},
	year = {2016}
}

@article{kroll2008juggling,
	author = {Kroll, Judith F.},
	journal = {Psychological Science Agenda, American Psychological Association},
	number = {1},
	title = {Juggling two languages in one mind},
	url = {https://www.apa.org/science/about/psa/2008/01/kroll},
	volume = {22},
	year = {2008}
}

@article{kroll1994category,
	author = {Kroll, Judith F. and Stewart, Erika},
	journal = {Journal of {M}emory and {L}anguage},
	number = {2},
	pages = {149--174},
	publisher = {Academic Press},
	title = {Category interference in translation and picture naming: {{{{E}}}}vidence for asymmetric connections between bilingual memory representations},
	volume = {33},
	year = {1994}
}

@article{koglin2015empirical,
	author = {Koglin, Arlene},
	journal = {The International Journal for Translation \& Interpreting},
	number = {1},
	pages = {126--141},
	publisher = {Western Sydney University},
	title = {An empirical investigation of cognitive effort required to post-edit machine translated metaphors compared to the translation of metaphors},
	volume = {7},
	year = {2015}
}

@article{klein1995neural,
	author = {Klein, Denise and Milner, Brenda and Zatorre, Robert J. and Meyer, Ernst and Evans, Alan C.},
	journal = {Proceedings of the National Academy of Sciences},
	number = {7},
	pages = {2899--2903},
	publisher = {National Acad Sciences},
	title = {The neural substrates underlying word generation: {{A}} bilingual functional-imaging study},
	volume = {92},
	year = {1995}
}

@article{kitchener1983cognition,
	author = {Kitchener, Karen Strohm},
	journal = {Human development},
	number = {4},
	pages = {222--232},
	publisher = {Karger Publishers},
	title = {Cognition, metacognition, and epistemic cognition},
	volume = {26},
	year = {1983}
}

@article{kibler2016conceptualizing,
	author = {Kibler, Amanda K. and Valdes, Guadalupe},
	journal = {The Modern Language Journal},
	number = {S1},
	pages = {96--116},
	publisher = {Wiley Online Library},
	title = {Conceptualizing language learners: {{S}}ocioinstitutional mechanisms and their consequences},
	volume = {100},
	year = {2016}
}

@article{khawaja2014measuring,
	author = {Khawaja, M. Asif and Chen, Fang and Marcus, Nadine},
	journal = {International Journal of Human-Computer Interaction},
	number = {5},
	pages = {343--368},
	publisher = {Taylor \& Francis},
	title = {Measuring cognitive load using linguistic features: {{I}}mplications for usability evaluation and adaptive interaction design},
	volume = {30},
	year = {2014}
}

@article{kahou2016emonets,
	author = {Kahou, Samira Ebrahimi and Bouthillier, Xavier and Lamblin, Pascal and Gulcehre, Caglar and Michalski, Vincent and Konda, Kishore and Jean, Sébastien and Froumenty, Pierre and Dauphin, Yann and Boulanger-Lewandowski, Nicolas and Chandias Ferrari, Raul and Mirza, Mehdi and Warde-Farley, David and Courville, Aaron and Vincent, Pascal and Memisevic, Roland and Pal, Christopher and Bengio, Yoshua},
	journal = {Journal on Multimodal User Interfaces},
	number = {2},
	pages = {99--111},
	publisher = {Springer},
	sortname = {Kahou, Samira Ebrahimi and Bouthillier, Xavier and Lamblin, Pascal and Gulcehre, Caglar and Michalski, Vincent and Konda, Kishore and Jean, Sebastien and Froumenty, Pierre and Dauphin, Yann and Boulanger-Lewandowski, Nicolas and Chandias Ferrari, Raul and Mirza, Mehdi and Warde-Farley, David and Courville, Aaron and Vincent, Pascal and Memisevic, Roland and Pal, Christopher and Bengio, Yoshua},
	title = {Emo{N}ets: {{M}}ultimodal deep learning approaches for emotion recognition in video},
	volume = {10},
	year = {2016}
}

@article{just1980theory,
	author = {Just, Marcel A. and Carpenter, Patricia A.},
	journal = {Psychological review},
	number = {4},
	pages = {329},
	publisher = {American Psychological Association},
	title = {A theory of reading: {{F}}rom eye fixations to comprehension},
	volume = {87},
	year = {1980}
}

@article{jakobsen_are_2016,
	author = {Jakobsen, Arnt Lykke},
	doi = {10.1515/psicl-2016-0015},
	journal = {Poznan Studies in Contemporary Linguistics},
	number = {2},
	title = {Are gaze shifts a key to a translator’s text segmentation?},
	url = {http://www.degruyter.com/view/j/psicl.2016.52.issue-2/psicl-2016-0015/psicl-2016-0015.xml},
	urlyear = {2018-05-08},
	volume = {52},
	year = {2016}
}

@article{ipsen-dam2016,
	author = {Ipsen, Helene and Dam, Helle V.},
	journal = {Hermes},
	pages = {143--156},
	title = {Translation Revision: {{C}}orrelating Revision Procedure and Error Detection},
	volume = {55},
	year = {2016}
}

@article{iani2004effects,
	author = {Iani, Cristina and Gopher, Daniel and Lavie, Peretz},
	journal = {Psychophysiology},
	number = {5},
	pages = {789--798},
	publisher = {Wiley Online Library},
	title = {Effects of task difficulty and invested mental effort on peripheral vasoconstriction},
	volume = {41},
	year = {2004}
}

@article{hockey1997compensatory,
	author = {Hockey, Robert},
	journal = {Biological Psychology},
	number = {1},
	pages = {73--93},
	publisher = {Elsevier},
	title = {Compensatory control in the regulation of human performance under stress and high workload: {{A}} cognitive-energetical framework},
	volume = {45},
	year = {1997}
}

@article{herbig2019mt,
	author = {Herbig, Nico and Pal, Santanu and Vela, Mihaela and Krüger, Antonio and van Genabith, Josef},
	journal = {Machine Translation},
	number = {1--2},
	pages = {91--115},
	publisher = {Springer},
	sortname = {Herbig, Nico and Pal, Santanu and Vela, Mihaela and Kruger, Antonio and van Genabith, Josef},
	title = {Multi-modal indicators for estimating perceived cognitive load in post-editing of machine translation},
	volume = {33},
	year = {2019}
}

@article{hart1988development,
	author = {Hart, Sandra G. and Staveland, Lowell E.},
	booktitle = {Advances in Psychology},
	journal = {\biberror{no journal}},
	pages = {139--183},
	publisher = {Elsevier},
	title = {Development of {{{NASA}}-{{TLX}} (Task Load Index)}: {{R}}esults of empirical and theoretical research},
	volume = {52},
	year = {1988}
}

@article{guasch2008translation,
	author = {Guasch, Marc and Sánchez-Casas, Rosa and Ferré, Pilar and García-Albea, José E.},
	journal = {The Mental Lexicon},
	number = {3},
	pages = {289--308},
	publisher = {John Benjamins},
	sortname = {Guasch, Marc and Sanchez-Casas, Rosa and Ferre, Pilar and Garcia-Albea, Jose E.},
	title = {Translation performance of beginning, intermediate and proficient {{Spanish}}-{{Catalan}} bilinguals: {{{{E}}}}ffects of form and semantic relations},
	volume = {3},
	year = {2008}
}

@article{gopferich2009towards,
	author = {Göpferich, Susanne},
	journal = {Behind the mind: Methods, models and results in translation process research},
	number = {4},
	pages = {11--37},
	publisher = {Samfundslitteratur Copenhagen},
	sortname = {Gopferich, Susanne},
	title = {Towards a model of translation competence and its acquisition: {{T}}he longitudinal study {{TransC}}omp},
	volume = {4},
	year = {2009}
}

@article{goldberg1999computer,
	author = {Goldberg, Joseph H. and Kotval, Xerxes P.},
	journal = {International Journal of Industrial Ergonomics},
	number = {6},
	pages = {631--645},
	publisher = {Elsevier},
	title = {Computer interface evaluation using eye movements: {Methods} and constructs},
	volume = {24},
	year = {1999}
}

@article{germann2016modern,
	author = {Ulrich Germann and E. Barbu and M. Bentivoglio and Nikolay Bogoychev and C. Buck and D. Caroselli and L. Carvalho and A. Cattelan and R. Cattoni and M. Cettolo and M. Federico and Barry Haddow and David Madl and L. Mastrostefano and P. Mathur and A. Ruopp and A. Samiotou and V. Sudharshan and M. Trombetti and {van der Meer}, J.},
	journal = {Baltic Journal of Modern Computing},
	pages = {397--397},
	title = {Modern {{MT}}: {{A}} New Open-Source Machine Translation Platform for the Translation Industry},
	volume = {4},
	year = {2016}
}

@article{gerhards_kult_2011,
	author = {Gerhards, Jürgen},
	doi = {10.1007/s11578-011-0118-x},
	journal = {Leviathan},
	langid = {german},
	number = {2},
	pages = {165--186},
	sortname = {Gerhards, Jurgen},
	title = {Der Kult der Minderheitensprachen},
	url = {http://link.springer.com/10.1007/s11578-011-0118-x},
	urlyear = {2018-11-26},
	volume = {39},
	year = {2011}
}

@article{garcia2015psycholinguistic,
	author = {García, Adolfo M.},
	journal = {Translation Spaces},
	number = {1},
	pages = {9--28},
	sortname = {Garcia, Adolfo M.},
	title = {Psycholinguistic explorations of lexical translation equivalents},
	volume = {4},
	year = {2015}
}

@article{garcia2014word,
	author = {García, Adolfo M. and Ibáñez, Agustín and Huepe, David and Houck, Alexander L. and Michon, Maëva and Lezama, Carlos G. and Chadha, Sumeer and Rivera-Rei, {\'A}lvaro},
	journal = {Frontiers in {P}sychology},
	pages = {1302},
	publisher = {Frontiers},
	sortname = {Garcia, Adolfo M. and Ibanez, Agustin and Huepe, David and Houck, Alexander L. and Michon, Maeva and Lezama, Carlos G. and Chadha, Sumeer and Rivera-Rei, {A}lvaro},
	title = {Word reading and translation in bilinguals: {{T}}he impact of formal and informal translation expertise},
	volume = {5},
	year = {2014}
}

@article{forcada2011apertium,
	author = {Forcada, Mikel L. and Ginestí-Rosell, Mireia and Nordfalk, Jacob and O’Regan, Jim and Ortiz-Rojas, Sergio and Pérez-Ortiz, Juan Antonio and Sánchez-Martínez, Felipe and Ramírez-Sánchez, Gema and Tyers, Francis M.},
	journal = {Machine translation},
	number = {2},
	pages = {127--144},
	publisher = {Springer},
	sortname = {Forcada, Mikel L. and Ginesti-Rosell, Mireia and Nordfalk, Jacob and O’Regan, Jim and Ortiz-Rojas, Sergio and Perez-Ortiz, Juan Antonio and Sanchez-Martinez, Felipe and Ramirez-Sanchez, Gema and Tyers, Francis M.},
	title = {Apertium: {{A}} free/open-source platform for rule-based machine translation},
	volume = {25},
	year = {2011}
}

@article{fleiss1971,
	added-at = {2009-03-31T11:05:45.000+0200},
	author = {Fleiss, Joseph L.},
	journal = {Psychological Bulletin},
	number = {5},
	pages = {378--382},
	title = {Measuring nominal scale agreement among many raters},
	volume = {76},
	year = {1971},
}

@article{ferreira2018decision,
	author = {Ferreira, Aline and Gottardo, Alexandra and Schwieter, John W.},
	journal = {Translation, Cognition \& Behavior},
	number = {1},
	pages = {98--118},
	publisher = {John Benjamins},
	title = {Decision-making processes in direct and inverse translation through retrospective protocols},
	volume = {1},
	year = {2018}
}

@article{ferreira2016cognitive,
	author = {Ferreira, Aline and Schwieter, John W. and Gottardo, Alexandra and Jones, Jefferey},
	journal = {Cadernos de Tradução},
	number = {3},
	pages = {60--80},
	publisher = {Scielo Brasil},
	title = {Cognitive effort in direct and inverse translation performance: {{I}}nsight from eye-tracking technology},
	volume = {36},
	year = {2016}
}

@article{eskenazi_regressions_2017,
	author = {Eskenazi, Michael A. and Folk, Jocelyn R.},
	doi = {10.3758/s13423-016-1200-9},
	journal = {Psychonomic Bulletin \& Review},
	langid = {english},
	number = {4},
	pages = {1211--1216},
	shortjournal = {Psychon Bull Rev},
	shorttitle = {Regressions during reading},
	title = {Regressions during reading: {{T}}he cost depends on the cause},
	url = {http://link.springer.com/10.3758/s13423-016-1200-9},
	urlyear = {2020-01-28},
	volume = {24},
	year = {2017}
}

@article{eghbal2016use,
	author = {Eghbal-Azar, Kira and Merkt, Martin and Bahnmueller, Julia and Schwan, Stephan},
	journal = {Computers in Human Behavior},
	pages = {133--142},
	publisher = {Elsevier},
	title = {Use of digital guides in museum galleries: {{D}}eterminants of information selection},
	volume = {57},
	year = {2016}
}

@article{duyck2004forward,
	author = {Duyck, Wouter and Brysbaert, Marc},
	journal = {Journal of Experimental Psychology: Human Perception and Performance},
	number = {5},
	pages = {889--906},
	publisher = {American Psychological Association},
	title = {Forward and backward number translation requires conceptual mediation in both balanced and unbalanced bilinguals},
	volume = {30},
	year = {2004}
}

@article{dowling_crowd-sourcing_2017,
	author = {Dowling, Meghan and Lynn, Teresa and Way, Andy},
	journal = {The Prague Bulletin of Mathematical Linguistics},
	pages = {1--12},
	title = {A Crowd-sourcing Approach for Translations of Minority Language User-Generated Content ({{{UGC}}})},
	volume = {18},
	year = {2017}
}

@article{dietterich1998approximate,
	author = {Dietterich, Thomas G.},
	journal = {Neural Computation},
	number = {7},
	pages = {1895--1923},
	publisher = {MIT Press},
	title = {Approximate statistical tests for comparing supervised classification learning algorithms},
	volume = {10},
	year = {1998}
}

@article{demberg2016frequency,
	author = {Demberg, Vera and Sayeed, Asad},
	journal = {PloS One},
	number = {1},
	pages = {1--29},
	publisher = {Public Library of Science},
	title = {The frequency of rapid pupil dilations as a measure of linguistic processing difficulty},
	volume = {11},
	year = {2016}
}

@article{cop_2015_eye,
	author = {Cop, Uschi and Drieghe, Denis and Duyck, Wouter},
	journal = {PloS one},
	number = {8},
	pages = {1--38},
	publisher = {Public Library of Science},
	title = {Eye movement patterns in natural reading: {{A}} comparison of monolingual and bilingual reading of a novel},
	volume = {10},
	year = {2015}
}

@article{christoffels2003basic,
	author = {Christoffels, Ingrid K. and De Groot, Annette MB and Waldorp, Lourens J.},
	journal = {Bilingualism: Language and Cognition},
	number = {3},
	pages = {201--211},
	publisher = {Cambridge University Press},
	title = {Basic skills in a complex task: {{A}} graphical model relating memory and lexical retrieval to simultaneous interpreting},
	volume = {6},
	year = {2003}
}

@article{chen2013automatic,
	author = {Chen, Siyuan and Epps, Julien},
	journal = {Computer Methods and Programs in Biomedicine},
	number = {2},
	pages = {111--124},
	publisher = {Elsevier},
	title = {Automatic classification of eye activity for cognitive load measurement with emotion interference},
	volume = {110},
	year = {2013}
}

@article{carl2011process,
	author = {Carl, Michael and Dragsted, Barbara and Elming, Jakob and Hardt, Daniel and Jakobsen, Arnt Lykke},
	journal = {Copenhagen Studies in Language},
	pages = {131--142},
	publisher = {Samfundslitteratur},
	title = {The process of post-editing: {{A}} pilot study},
	volume = {41},
	year = {2011}
}

@article{carl-dragsted2012,
	author = {Carl, Michael and Dragsted, Barbara},
	journal = {Translation: Corpora, Computation, Cognition},
	pages = {127--145},
	title = {Inside the monitor model: {{P}}rocesses of default and challenged translation production},
	volume = {2},
	year = {2012}
}

@article{benedek2010ledalabCDA,
	author = {Benedek, Mathias and Kaernbach, Christian},
	journal = {Journal of Neuroscience Methods},
	number = {1},
	pages = {80--91},
	publisher = {Elsevier},
	title = {A continuous measure of phasic electrodermal activity},
	volume = {190},
	year = {2010}
}

@article{benedek2010dda,
	author = {Benedek, Mathias and Kaernbach, Christian},
	journal = {Psychophysiology},
	number = {4},
	pages = {647--658},
	publisher = {Wiley Online Library},
	title = {Decomposition of skin conductance data by means of nonnegative deconvolution},
	volume = {47},
	year = {2010}
}

@article{beeby2005investigating,
	author = {PACTE},
	journal = {Meta: journal des traducteurs},
	number = {2},
	pages = {609--619},
	title = {Investigating translation competence: {{C}}onceptual and methodological issues},
	volume = {50},
	year = {2005}
}

@article{balling_evidence_2014,
	author = {Balling, Laura Winther and Hvelplund, Kristian Tangsgaard and Sjørup, Annette C.},
	doi = {10.7202/1027474ar},
	journal = {Meta},
	number = {2},
	pages = {234--259},
	shortjournal = {meta},
	sortname = {Balling, Laura Winther and Hvelplund, Kristian Tangsgaard and Sjorup, Annette C.},
	title = {Evidence of Parallel Processing During Translation},
	url = {http://id.erudit.org/iderudit/1027474ar},
	urlyear = {2020-02-17},
	volume = {59},
	year = {2014}
}

@article{baayen2019package,
	author = {Baayen, R Harald},
	journal = {\biberror{no journal}},
	publisher = {Cambridge University Press},
	title = {Package {languageR}: {{A}}nalyzing Linguistic Data: {{A}} Practical Introduction to Statistics},
	url = {http://www.cran.r-project.org/web/packages/languageR/},
	version = {1.5.0},
	volume = {\biberror{no volume}},
	year = {2008}
}

@article{asteriadis2009estimation,
	author = {Asteriadis, Stylianos and Tzouveli, Paraskevi and Karpouzis, Kostas and Kollias, Stefanos},
	journal = {Multimedia Tools and Applications},
	number = {3},
	pages = {469--493},
	publisher = {Springer},
	title = {Estimation of behavioral user state based on eye gaze and head pose: {{A}}pplication in an e-learning environment},
	volume = {41},
	year = {2009}
}

@article{articlev,
	author = {Villegas, Marta and Intxaurrondo, Ander and Gonzalez-Agirre, Aitor and Marimon, Montserrat and Krallinger, Martin},
	journal = {Language Resources and Evaluation},
	month = {5},
	pages = {32--39},
	title = {The {{MeS}}p{{EN}} Resource for {{English}}-{{Spanish}} Medical Machine Translation and Terminologies: {{C}}ensus of Parallel Corpora, Glossaries and Term Translations},
	volume = {\biberror{no volume}},
	year = {2018}
}

@article{annette1994forward,
	author = {De Groot, Annette and Dannenburg, Lucia and Van Hell, Janet G.},
	journal = {Journal of {Memory} and {L}anguage},
	number = {5},
	pages = {600--629},
	title = {Forward and backward word translation by bilinguals},
	volume = {33},
	year = {1994}
}

@article{Yamada2019,
	author = {Yamada, Masaru},
	journal = {The Journal of Specialised Translation},
	month = {2},
	pages = {87--106},
	title = {The impact of Google Neural Machine Translation on Post-editing by student translators},
	volume = {31},
	year = {2019}
}

@article{Yamada2015,
	address = {USA},
	author = {Yamada, Masaru},
	doi = {10.1007/s10590-014-9167-7},
	issue_year = {March 2015},
	journal = {Machine Translation},
	month = {3},
	number = {1},
	numpages = {19},
	pages = {49–-67},
	publisher = {Kluwer Academic Publishers},
	title = {Can College Students {{Be}} Post-Editors? {{A}}n Investigation into Employing Language Learners in Machine Translation plus Post-Editing Settings},
	volume = {29},
	year = {2015}
}

@article{Wagner1985,
	author = {Wagner, Emma},
	journal = {Terminologie et Traduction},
	pages = {1--7},
	title = {Post-editing Systran – {{A}} Challenge for Commission Translators},
	volume = {3},
	year = {1985}
}

@article{WER:1966,
	author = {Levenshtein, Vladimir Iosifovich},
	journal = {Soviet Physics Doklady},
	number = {8},
	pages = {707--710},
	title = {Binary Codes Capable of Correcting Deletions, Insertions and Reversals},
	volume = {10},
	year = {1966}
}

@article{VieiraBywood2019,
	author = {Lucas Nunes Vieira and Alonso, Elisa and Bywood, Lindsay},
	journal = {The Journal of Specialised Translation},
	month = {1},
	pages = {2--13},
	title = {Introduction: {{P}}ost-editing in practice – Process, product and networks},
	volume = {31},
	year = {2019}
}

@article{Tirkkonen-Condit1996,
	author = {Tirkkonen-Condit, Sonja and Laukkanen, Johanna},
	doi = {10.7202/002360ar},
	journal = {Meta},
	number = {1},
	pages = {45--59},
	sortname = {Tirkkonen1996},
	title = {Evaluations – a {{{Key}}} {Towards} {Understanding} the {Affective} {Dimension} of {Translational} {Decisions}},
	volume = {41},
	year = {1996}
}

@article{Thawabteh2015,
	author = {Thawabteh, Mohammad Ahmad},
	journal = {Current Trends in Translation Teaching and Learning E},
	pages = {171-- 195},
	title = {Difficulties of {Sight} {Translation}: {Training} {Translators} to {Sight} {Translate}},
	volume = {2},
	year = {2015}
}

@article{Tatsumi2009,
	author = {Tatsumi, Midori},
	journal = {Proceedings of MT Summit XII},
	pages = {332--339},
	title = {Correlation Between Automatic Evaluation Metric Scores, Post-editing Speed, and Some Other Factors},
	url = {http://www.mt-archive.info/MTS-2009-Tatsumi.pdf},
	volume = {2001},
	year = {2009}
}

@article{Stephan2014,
	author = {Stephan, Achim and Walter, Sven and Wilutzky, Wendy},
	doi = {10.1080/09515089.2013.828376},
	journal = {Philosophical Psychology},
	number = {1},
	pages = {65--81},
	sortname = {Stephan2014},
	title = {Emotions beyond brain and body},
	volume = {27},
	year = {2014}
}

@article{Snover2006,
	author = {Snover, Matthew and Dorr, Bonnie and Schwartz, Richard and Micciulla, Linnea and Makhoul, John},
	journal = {AMTA 2006: {Proceedings} of the 7th Conference of the Association for Machine Translation of the Americas: Visions for the Future of Machine Translation},
	organization = {Cambridge, MA},
	pages = {223--231},
	title = {A study of translation edit rate with targeted human annotation},
	volume = {1},
	year = {2006}
}

@article{Selting2011,
	author = {Selting, Margret and Auer, Peter and Barth-Weingarten, Dagmar and Bergmann, Jörg and Bergmann, Pia and Birkner, Karin and Couper-Kuhlen, Elizabeth and Deppermann, Arnulf and Gilles, Peter and Günthner, Susanne and Hartung, Martin and Kern, Friederike and Mertzlufft, Christine and Meyer, Christian and Morek, Miriam and Oberzaucher, Frank and Peters, Jörg and Quasthoff, Uta and Schütte, Wilfried and Stukenbrock, Anja and Uhmann, Susanne},
	journal = {Gesprächsforschung: Online-Zeitschrift zur verbalen Interaktion},
	pages = {1--51},
	sortname = {Selting, Margret and Auer, Peter and Barth-Weingarten, Dagmar and Bergmann, Jorg and Bergmann, Pia and Birkner, Karin and Couper-Kuhlen, Elizabeth and Deppermann, Arnulf and Gilles, Peter and Gunthner, Susanne and Hartung, Martin and Kern, Friederike and Mertzlufft, Christine and Meyer, Christian and Morek, Miriam and Oberzaucher, Frank and Peters, Jorg and Quasthoff, Uta and Schutte, Wilfried and Stukenbrock, Anja and Uhmann, Susanne},
	title = {A system for transcribing talk-in-interaction: {{{GAT}}} 2 (translated and adapted for {{{English}}} by {Elizabeth} {Couper-Kuhlen} and {Dagmar} {Barth-Weingarten})},
	url = {http://www.gespraechsforschung-ozs.de/heft2009/px-gat2.pdf},
	volume = {12},
	year = {2011}
}

@article{Schnitzer2006,
	author = {Schnitzer, Brian S. and Kowler, Eileen},
	journal = {Vision Research},
	pages = {1611--1632},
	title = {Eye movements during multiple readings of the same text},
	volume = {46},
	year = {2006}
}

@article{Scherer2005,
	author = {Scherer, Klaus},
	doi = {10.1177/0539018405058216},
	journal = {Social Science Information},
	number = {4},
	pages = {695--729},
	sortname = {Scherer2005},
	title = {What are emotions? {And} how can they be measured?},
	volume = {44},
	year = {2005}
}

@article{SchaltzGarcia2015,
	author = {Schmaltz, Marcia and da Silva, Igor and Alves, Fabio and Pagano, Adriana and Wong, Derek and Chao, Lidia and Leal, Ana and Quaresma, Paulo and Garcia, Caio},
	doi = {10.1075/ts.4.1.07sil},
	journal = {Translation Spaces},
	month = {10},
	pages = {145--169},
	title = {Translating and Post-Editing in the {{Chinese}}-{{Portuguese}} Language Pair: {{I}}nsights from an Exploratory Study of {{Key}} Logging and Eye Tracking},
	volume = {4},
	year = {2015}
}

@article{SchaefferHansen-Schirra2019,
	author = {Moritz Schaeffer and Jean Nitzke and Anke Tardel and Katharina Oster and Silke Gutermuth and Silvia Hansen-Schirra},
	doi = {10.1080/0907676X.2019.1597138},
	journal = {Perspectives},
	number = {4},
	pages = {589--603},
	publisher = {Routledge},
	title = {Eye-tracking revision processes of translation students and professional translators},
	volume = {27},
	year = {2019}
}

@article{Ruokonen2017,
	author = {Ruokonen, Minna and Koskinen, Kaisa},
	doi = {10.1080/13556509.2017.1301846},
	journal = {The Translator},
	number = {3},
	pages = {310--323},
	sortname = {Ruokonen2017},
	title = {Dancing with technology: {{T}}ranslators’ narratives on the dance of human and machinic agency in translation work},
	volume = {23},
	year = {2017}
}

@article{RojoLópez2014,
	author = {Rojo, Ana and Ramos, Marina},
	doi = {10.6035/MonTI.2014.ne1.8},
	journal = {Minding Translation: MonTI Special Issue},
	pages = {247--271},
	sortname = {Rojo2014},
	title = {The impact of translators’ ideology on the translation process: {A} reaction time experiment},
	volume = {1},
	year = {2014}
}

@article{Risku2013,
	author = {Risku, Hanna and Windhager, Florian and Apfelthaler, Matthias},
	doi = {10.1075/ts.2.08ris},
	journal = {Translation Spaces},
	pages = {151--182},
	sortname = {Risku2013},
	title = {A dynamic network model of translatorial cognition and action},
	volume = {2},
	year = {2013}
}

@article{Rayner2009,
	author = {Rayner, Keith},
	doi = {10.1080/17470210902816461},
	journal = {Quarterly Journal of Experimental Psychology},
	month = {8},
	number = {8},
	pages = {1457--506},
	pmid = {19449261},
	title = {Eye Movements and Attention in Reading, Scene Perception, and Visual Search},
	urlyear = {2010-09-17},
	volume = {62},
	year = {2009}
}

@article{Popovic2018,
	author = {Popovi{ć}, Maja},
	doi = {10.1007/s10590-018-9219-5},
	journal = {Machine Translation},
	number = {3},
	pages = {237--253},
	sortname = {Popovi{c}, Maja},
	title = {Language-related issues for {{NMT}} and {{PBMT}} for {{{{English}}}}–{{German}} and {{{{English}}}}–{{Serbian}}},
	volume = {32},
	year = {2018}
}

@article{Plitt2010,
	author = {Plitt, Mirko and Masselot, François},
	doi = {10.2478/v10108-010-0010-x},
	journal = {The Prague bulletin of mathematical linguistics},
	pages = {7--16},
	sortname = {Plitt, Mirko and Masselot, Francois},
	title = {A Productivity Test of Statistical Machine Translation Post-Editing in a Typical Localisation Context},
	url = {https://ufal.mff.cuni.cz/pbml/93/art-plitt-masselot.pdf},
	volume = {93},
	year = {2010}
}

@article{ParraEscartin2015,
	author = {Parra Escart{í}n, Carla and Arcedillo, Manuel},
	journal = {Proceedings of the ACL 2015 Fourth Workshop on Hybrid Approaches to Translation (HyTra)},
	number = {2010},
	pages = {40--45},
	sortname = {Parra Escart{i}n, Carla and Arcedillo, Manuel},
	title = {A fuzzier approach to machine translation evaluation: {{A}} pilot study on post-editing productivity and automated metrics in commercial settings},
	url = {https://aclweb.org/anthology/W/W15/W15-4107.pdf},
	volume = {1},
	year = {2015}
}

@article{Papineni2002,
	arxivid = {1702.00764},
	author = {Papineni, Kishore and Roukos, Salim and Ward, Todd and Zhu, Wj},
	doi = {10.3115/1073083.1073135},
	isbn = {1-55860-883-4},
	journal = {Proceedings of the 40th Annual Meeting on Machine Translation},
	pages = {311--318},
	title = {{{BLEU}}: {{A}} method for automatic evaluation of machine translation},
	url = {https://www.aclweb.org/anthology/P02-1040.pdf},
	volume = {July},
	year = {2002}
}

@article{O’BrienSimard2014,
	address = {USA},
	author = {O’Brien, Sharon and Simard, Michel},
	doi = {10.1007/s10590-014-9166-8},
	issue_year = {December 2014},
	journal = {Machine Translation},
	number = {3–4},
	pages = {159–164},
	publisher = {Kluwer Academic Publishers},
	sortname = {O’Brien, Sharon and Simard, Michel},
	title = {Introduction to Special Issue on Post-Editing},
	volume = {28},
	year = {2014}
}

@article{OBrien2011,
	author = {O'Brien, Sharon},
	journal = {Machine Translation},
	number = {3},
	pages = {197--215},
	sortname = {O'Brien, Sharon},
	title = {Towards predicting post-editing productivity},
	volume = {25},
	year = {2011}
}

@article{Moorkens2018,
	author = {Moorkens, Joss and Toral, Antonio and Castilho, Sheila and Way, Andy},
	doi = {10.1075/ts.18014.moo},
	journal = {Translation Spaces},
	pages = {240--262},
	title = {Translators' Perceptions of Literary Post-editing using Statistical and Neural Machine Translation},
	volume = {7},
	year = {2018}
}

@article{Marzouk2019,
	author = {Marzouk, Shaimaa and Hansen-Schirra, Silvia},
	doi = {10.1007/s10590-019-09233-w},
	isbn = {0123456789},
	journal = {Machine Translation},
	number = {1-2},
	pages = {179--203},
	title = {Evaluation of the impact of controlled language on neural machine translation compared to other {{MT}} architectures},
	volume = {33},
	year = {2019}
}

@article{Laukkanen1996,
	author = {Laukkanen, Johanna},
	doi = {10.1075/target.8.2.04lau},
	journal = {Target},
	number = {2},
	pages = {257--274},
	sortname = {Laukkanen},
	title = {Affective and {Attitudinal} {Factors} in {Translation} {Processes}},
	volume = {8},
	year = {1996}
}

@article{Kuznetova2017lmerTest,
	author = {Alexandra Kuznetsova and Per B. Brockhoff and Rune H. B. Christensen},
	doi = {10.18637/jss.v082.i13},
	journal = {Journal of Statistical Software},
	number = {13},
	pages = {1--26},
	title = {{lmerTest} Package: {{T}}ests in Linear Mixed Effects Models},
	volume = {82},
	year = {2017}
}

@article{KoponenSalmi2017,
	author = {Maarit Koponen and Leena Salmi},
	journal = {Linguistica Antverpiensia, New Series – Themes in Translation Studies},
	pages = {137--148},
	title = {Post-editing quality: {{A}}nalysing the correctness and necessity of post-editor corrections},
	volume = {16},
	year = {2017},
}

@article{KoponenNikulin2019,
	address = {USA},
	author = {Koponen, Maarit and Salmi, Leena and Nikulin, Markku},
	doi = {10.1007/s10590-019-09228-7},
	issue_year = {June 2019},
	journal = {Machine Translation},
	number = {1–2},
	numpages = {30},
	pages = {61-–90},
	publisher = {Kluwer Academic Publishers},
	title = {A Product and Process Analysis of Post-Editor Corrections on Neural, Statistical and Rule-Based Machine Translation Output},
	volume = {33},
	year = {2019}
}

@article{Kokanova2018,
	author = {Kokanova, Elena and Cherkasova, Anna and Lyutyanskaya, Maya},
	doi = {10.1051/shsconf/20185001080},
	journal = {SHS Web of Conferences},
	month = {1},
	pages = {1--5},
	title = {Eye Tracking Study of Reading and Sight Translation},
	volume = {50},
	year = {2018}
}

@article{Jääskeläinen1996,
	author = {Jääskeläinen, Riitta},
	doi = {10.7202/003235ar},
	journal = {Meta},
	number = {1},
	pages = {60--74},
	sortname = {Jaaskelainen, Riitta},
	title = {Hard {Work} {Will} {Bear} {Beautiful} {Fruit}. {A} {Comparison} of {Two} {Think-Aloud} {Protocol} {Studies}},
	volume = {41},
	year = {1996}
}

@article{Junczys,
	archiveprefix = {arXiv},
	author = {Marcin Junczys-Dowmunt and Tomasz Dwojak and Hieu Hoang},
	eprint = {1610.01108},
	journal = {CoRR},
	title = {Is Neural Machine Translation Ready for Deployment? {A} Case Study on 30 Translation Directions},
	url = {http://arxiv.org/abs/1610.01108},
	volume = {abs/1610.01108},
	year = {2016}
}

@article{JiaWang2019,
	author = {Jia, Yanfang and Carl, Michael and Wang, Xiangling},
	journal = {The Journal of Specialised Translation},
	month = {1},
	pages = {60--86},
	title = {How does the post-editing of neural machine translation compare with from-scratch translation? {{A}} product and process study},
	volume = {31},
	year = {2019}
}

@article{Jakobsen2008,
	author = {Jakobsen Arnt and Jensen Kristian T. H.},
	journal = {Copenhagen Studies in Language},
	pages = {103--124},
	publisher = {Samfundslitteratur},
	title = {Eye Movement Behaviour Across Four Different Types of Reading Task},
	volume = {36},
	year = {2008}
}

@article{IsabelleCF17,
	archiveprefix = {arXiv},
	author = {Pierre Isabelle and Colin Cherry and George F. Foster},
	bibsource = {dblp computer science bibliography, https://dblp.org},
	biburl = {https://dblp.org/rec/bib/journals/corr/IsabelleCF17},
	eprint = {1704.07431},
	journal = {CoRR},
	title = {A Challenge Set Approach to Evaluating Machine Translation},
	url = {http://arxiv.org/abs/1704.07431},
	volume = {abs/1704.07431},
	year = {2017}
}

@article{Hubscher-Davidson2013,
	author = {Hubscher-Davidson, Séverine},
	doi = {10.1075/tis.8.2.05hub},
	journal = {Translation and Interpreting Studies},
	number = {2},
	pages = {211--232},
	sortname = {Hubscher-Davidson, Severine},
	title = {The role of intuition in the translation process: {A} case study},
	volume = {8},
	year = {2013}
}

@article{Hubscher-Davidson2009,
	author = {Hubscher-Davidson, Séverine},
	doi = {10.1080/09076760903249380},
	journal = {Perspectives: Studies in Translatology},
	number = {3},
	pages = {175--192},
	sortname = {Hubscher-Davidson, Severine},
	title = {Personal diversity and diverse personalities in translation: {{A}} study of individual differences},
	volume = {17},
	year = {2009}
}

@article{Grimshaw1988,
	author = {Grimshaw, Jane and Mester, Armin},
	journal = {Linguistic Inquiry},
	pages = {205-- 232},
	title = {Light Verbs and {$\theta$}-Marking},
	volume = {19},
	year = {1988}
}

@article{Graham:2016,
	author = {Yvette Graham and Timothy Baldwin and Alistair Moffat and Justin Zobel},
	doi = {10.1017/S1351324915000339},
	journal = {Natural Language Engineering},
	month = {1},
	numpages = {28},
	pages = {1--28},
	title = {Can Machine Translation Systems be Evaluated by the Crowd Alone?},
	volume = {FirstView},
	year = {2016}
}

@article{Graesser2004,
	author = {Graesser, Arthur C. and McNamara, Danielle S. and Louwerse, Max M. and Cai, Zhiqiang},
	doi = {10.3758/BF03195564},
	journal = {Behavior Research Methods, Instruments, \& Computers},
	month = {5},
	number = {2},
	pages = {193--202},
	shorttitle = {Coh-{Metrix}},
	title = {Coh-{Metrix}: {Analysis} of text on cohesion and language},
	url = {http://link.springer.com/10.3758/BF03195564},
	urlyear = {2020-09-01},
	volume = {36},
	year = {2004}
}

@article{Gläser2013,
	author = {Gläser, Jochen and Laudel, Grit},
	journal = {Forum Qualitative Sozialforschung / Forum: Qualitative Social Research},
	number = {2},
	pages = {Article 5},
	sortname = {Glaser, Jochen and Laudel, Grit},
	title = {Life {With} and {Without} {Coding}: {Two} {Methods} for {Early-Stage} {Data} {Analysis} in {Qualitative} {Research} {Aiming} at {Causal} {Explanations}},
	url = {http://www.qualitative-research.net/index.php/fqs/article/view/1886},
	volume = {14},
	year = {2013}
}

@article{García2010,
	author = {García, Ignacio},
	doi = {10.1075/target.22.1.02gar},
	journal = {Target},
	month = {6},
	pages = {7--21},
	sortname = {Garcia, Ignacio},
	title = {Is machine translation ready yet?},
	volume = {22},
	year = {2010}
}

@article{Fox2009effects,
	author = {John Fox and Jangman Hong},
	journal = {Journal of Statistical Software},
	number = {1},
	pages = {1--24},
	title = {Effect Displays in {R} for Multinomial and Proportional-Odds Logit Models: {E}xtensions to the effects Package},
	url = {http://www.jstatsoft.org/v32/i01/},
	volume = {32},
	year = {2009}
}

@article{FlanaganChristensen2014,
	author = {Marian Flanagan and Tina Paulsen Christensen},
	doi = {10.1080/1750399X.2014.936111},
	journal = {The Interpreter and Translator Trainer},
	number = {2},
	pages = {257--275},
	publisher = {Routledge},
	title = {Testing post-editing guidelines: {{H}}ow translation trainees interpret them and how to tailor them for translator training purposes},
	volume = {8},
	year = {2014}
}

@article{Figueredo:2009dg,
	author = {Figueredo, Aurelio José and Wolf, Pedro S. A.},
	doi = {https://doi.org/10.1007/s12110-009-9068-2},
	journal = {Human Nature},
	pages = {317--330},
	sortname = {Figueredo, Aurelio Jose and Wolf, Pedro S. A.},
	title = {Assortative Pairing and Life History Strategy: {A} Cross-cultural Study},
	volume = {20},
	year = {2009}
}

@article{Fiederer2009,
	author = {Fiederer, Rebecca and O'Brien, Sharon},
	journal = {The Journal of Specialised Translation},
	number = {11},
	pages = {52--74},
	sortname = {Fiederer, Rebecca and O'Brien, Sharon},
	title = {Quality and Machine Translation: {A} realistic objective?},
	url = {http://www.jostrans.org/issue11/art_fiederer_obrien.pdf},
	volume = {11},
	year = {2009}
}

@article{Fazly2005,
	author = {Fazly, Afsaneh and Stevenson, Suzanne},
	journal = {Proceedings of the 19st {Pacific Asia} Conference on Language, Information and Computation, {PACLIC} 19, {Academia Sinica, Taipei, Taiwan, December 1--3, 2005}},
	pages = {31--42},
	publisher = {{ACL}},
	title = {Automatic acquisition of knowledge about multiword predicates},
	volume = {1},
	year = {2005}
}

@article{DohertyCarl2010,
	author = {Doherty, Stephen and Brien, Sharon and Carl, Michael},
	doi = {10.1007/s10590-010-9070-9},
	journal = {Machine Translation},
	month = {3},
	pages = {1--13},
	title = {Eye tracking as an Automatic {{MT}} Evaluation Technique},
	volume = {24},
	year = {2010}
}

@article{Davou2007,
	author = {Davou, Bettina},
	doi = {10.7202/014718ar},
	journal = {Meta},
	number = {1},
	pages = {37--47},
	sortname = {Davou},
	title = {Interaction of {Emotion} and {Cognition} in the {Processing} of {Textual} {Material}},
	volume = {52},
	year = {2007}
}

@article{ColinaAngelelli2015,
	author = {Sonia Colina and Angelelli, {Claudia V.}},
	doi = {10.1075/tis.10.1.01ang},
	journal = {Translation and Interpreting Studies},
	number = {1},
	pages = {1--7},
	publisher = {John Benjamins Publishing Company},
	title = {T and {{I}} pedagogy in dialogue with other disciplines},
	volume = {10},
	year = {2015}
}

@article{Clifton2016,
	author = {Clifton, Charles and Ferreira, Fernanda and Henderson, John M. and Inhoff, Albrecht W. and Liversedge, Simon P. and Reichle, Erik D. and Schotter, Elizabeth R.},
	doi = {10.1016/j.jml.2015.07.004},
	journal = {Journal of Memory and Language},
	month = {1},
	pages = {1--19},
	shorttitle = {Eye movements in reading and information processing},
	title = {Eye movements in reading and information processing: {Keith} {Rayner}’s 40 year legacy},
	url = {https://linkinghub.elsevier.com/retrieve/pii/S0749596X15000960},
	urlyear = {2020-09-01},
	volume = {86},
	year = {2016}
}

@article{CarlJakobsen2011,
	author = {Michael Carl and Barbara Dragsted and Jakob Elming and Daniel Hardt and {Lykke Jakobsen}, Arnt},
	journal = {Copenhagen Studies in Language},
	pages = {131--142},
	publisher = {Samfundslitteratur},
	title = {The Process of Post-Editing: {{A}} Pilot Study},
	volume = {41},
	year = {2011}
}

@article{Bojar2016,
	author = {Bojar, Ondrej and Chatterjee, Rajen and Federmann, Christian and Graham, Yvette and Haddow, Barry and Huck, Matthias and Jimeno Yepes, Antonio and Koehn, Philipp and Logacheva, Varvara and Monz, Christof and Negri, Matteo and Neveol, Aurelie and Neves, Mariana and Popel, Martin and Post, Matt and Rubino, Raphael and Scarton, Carolina and Specia, Lucia and Turchi, Marco and Verspoor, Karin and Zampieri, Marcos},
	journal = {Proceedings of the First Conference on Machine Translation},
	pages = {131--198},
	title = {Findings of the 2016 Conference on Machine Translation},
	url = {http://www.aclweb.org/anthology/W16-2301},
	volume = {2},
	year = {2016}
}

@article{Bates2015lme4,
	author = {Douglas Bates and Martin Mächler and Ben Bolker and Steve Walker},
	doi = {10.18637/jss.v067.i01},
	journal = {Journal of Statistical Software},
	number = {1},
	pages = {1--48},
	sortname = {Douglas Bates and Martin Machler and Ben Bolker and Steve Walker},
	title = {Fitting Linear Mixed-Effects Models Using {lme4}},
	volume = {67},
	year = {2015}
}

@article {WhyattKosciuczuk2013,
	author = {Whyatt, Boguslawa and Kosciuczuk, Tomasz},
	journal = {mTm. A Translation Journal. Special Issue: Translation in an age of austerity},
	pages = {60--79},
	title = {Translation into a non-native language: {{T}}he double life of the native-speakership axiom},
	volume = {5},
	year = {2013}
}

@article {Glezer2015,
	author = {Glezer, L. S. and Kim, J. and Rule, J. and Jiang, X. and Riesenhuber, M.},
	doi = {10.1523/JNEUROSCI.4031-14.2015},
	journal = {Journal of Neuroscience},
	month = {3},
	number = {12},
	pages = {4965--4972},
	shorttitle = {Adding {Words} to the {Brain}'s {Visual} {Dictionary}},
	title = {Adding Words to the Brain's Visual Dictionary: {Novel} Word Learning Selectively Sharpens Orthographic Representations in the {VWFA}},
	url = {http://www.jneurosci.org/cgi/doi/10.1523/JNEUROSCI.4031-14.2015},
	urlyear = {2020-09-01},
	volume = {35},
	year = {2015}
}

@inproceedings{koponen2012comparing,
	address = {Montréal, Canada},
	author = {Koponen, Maarit},
	booktitle = {Proceedings of the Seventh Workshop on Statistical Machine Translation},
	pages = {181--190},
	publisher = {Association for Computational Linguistics},
	series = {WMT '12},
	title = {Comparing human perceptions of post-editing effort with post-editing operations},
	url = {https://www.aclweb.org/anthology/W12-3123},
	year = {2012},
}

@inproceedings{berthold1999interpreting,
	address = {Vienna},
	author = {Berthold, André and Jameson, Anthony},
	booktitle = {{{UM}}99 User Modeling},
	editor = {Kay, Judy},
	pages = {235--244},
	publisher = {Springer},
	sortname = {Berthold, Andre and Jameson, Anthony},
	title = {Interpreting symptoms of cognitive load in speech input},
	year = {1999}
}

@inproceedings{Toral2017,
	address = {Valencia, Spain},
	author = {Toral, Antonio and Sánchez-Cartagena, Víctor M.},
	booktitle = {Proceedings of the 15th Conference of the {{{E}}}uropean Chapter of the {Association for Computational Linguistics}},
	month = {4},
	pages = {1063--1073},
	publisher = {Association for Computational Linguistics},
	title = {A multifaceted evaluation of neural versus phrase-based machine translation for 9 language directions},
	volume = {Volume 1: Long papers},
	year = {2017},
}

@inproceedings{Dowling,
	author = {Meghan Dowling and Teresa Lynn and Alberto Poncelas and Andy Way},
	booktitle = {Proceedings of the {{AMTA}} 2018 Workshop on Technologies for {{MT}} of Low Resource Languages ({{LoR}}es{{MT}} 2018)},
	pages = {12--20},
	publisher = {Association for Machine Translation in the Americas},
	title = {{{{SMT}}} versus {{{NMT}}:} {{P}}reliminary Comparisons for {{Irish}}},
	url = {http://aclweb.org/anthology/W18-2202},
	year = {2018},
}

@inproceedings{Bentivogli2016,
	address = {Austin, Texas},
	author = {Bentivogli, Luisa and Bisazza, Arianna and Cettolo, Mauro and Federico, Marcello},
	booktitle = {Proceedings of the 2016 Conference on Empirical Methods in {Natural Language Processing}},
	doi = {10.18653/v1/D16-1025},
	pages = {257--267},
	publisher = {Association for Computational Linguistics},
	title = {Neural versus Phrase-Based Machine Translation Quality: {{A}} Case Study},
	year = {2016},
}

@inproceedings{Bahdanau2014NeuralTranslate,
	author = {Dzmitry Bahdanau and Felix Hill and Jan Leike and Edward Hughes and Pushmeet Kohli and Edward Grefenstette},
	bibsource = {dblp computer science bibliography, https://dblp.org},
	biburl = {https://dblp.org/rec/conf/iclr/BahdanauHLHKG18.bib},
	booktitle = {6th International Conference on Learning Representations, {{ICLR}} 2018, {Vancouver}, {BC}, {Canada}, {April} 30--{May} 3, 2018, Workshop Track Proceedings},
	creationdate = {2021-02-05T14:14:46},
	publisher = {OpenReview.net},
	title = {Jointly Learning ``What'' and ``How'' from Instructions and Goal-States},
	url = {https://openreview.net/forum?id=BkmZvdkPM},
	year = {2018},
}

@inbook{Shreve2002,
	author = {Gregory M. Shreve},
	booktitle = {Knowing translation: {{C}}ognitive and experiential aspects of translation expertise from the perspective of expertise studies},
	editor = {Alessandra Riccard},
	pages = {150--171},
	publisher = {Cambridge University Press},
	title = {Knowing translation: {{C}}ognitive and experiential aspects of translation expertise from the perspective of expertise studies},
	year = {2002},
}

@book{nitzke2019problem,
	address = {Berlin},
	author = {Nitzke, Jean},
	publisher = {Language Science Press},
	title = {Problem solving activities in post-editing and translation from scratch: {{A}} multi-method study},
	year = {2019},
}

@book{krings2001repairing,
	address = {Kent, OH},
	author = {Krings, Hans P.},
	publisher = {Kent State University Press},
	title = {Repairing texts: {{{E}}}mpirical investigations of machine translation post-editing processes},
	volume = {5},
	year = {2001},
}

@article{obrien_eye-tracking_2006,
	author = {O’Brien, Sharon},
	journal = {Perspectives: {S}tudies in translatology},
	number = {3},
	pages = {185--205},
	sortname = {O’Brien, Sharon},
	title = {Eye-tracking and translation memory matches},
	volume = {14},
	year = {2006},
}

@article{moorkens_correlations_2015,
	author = {Moorkens, Joss and O'Brien, Sharon and Da Silva, Igor A. L. and De Lima Fonseca, Norma B and Alves, Fabio},
	doi = {10.1007/s10590-015-9175-2},
	journal = {Machine Translation},
	number = {3},
	pages = {267--284},
	sortname = {Moorkens, Joss and O'Brien, Sharon and Da Silva, Igor A. L. and De Lima Fonseca, Norma B and Alves, Fabio},
	title = {Correlations of perceived post-editing effort with measurements of actual effort},
	volume = {29},
	year = {2015},
}

@article{koponen2016machine,
	author = {Koponen, Maarit},
	journal = {The Journal of Specialised Translation},
	pages = {131--148},
	title = {Is machine translation post-editing worth the effort? {A} survey of research into post-editing and effort},
	volume = {25},
	year = {2016},
}

@article{hvelplund2014eye,
	author = {Hvelplund, Kristian Tangsgaard},
	doi = {http://dx.doi.org/10.6035/MonTI.2014.ne1.6},
	journal = {MonTi: Monografías de Traducción e Interpretación},
	pages = {201--223},
	title = {Eye tracking and the translation process: {{R}}eflections on the analysis and interpretation of eye-tracking data},
	volume = {1},
	year = {2014},
}

@article{dragsted2013towards,
	author = {Dragsted, Barbara and Carl, Michael},
	journal = {Journal of Writing Research},
	number = {1},
	pages = {133--158},
	title = {Towards a classification of translation styles based on eye-tracking and keylogging data},
	volume = {5},
	year = {2013},
}

@article{doherty2010eye,
	author = {Doherty, Stephen and O’Brien, Sharon and Carl, Michael},
	journal = {Machine Translation},
	number = {1},
	pages = {1--13},
	sortname = {Doherty, Stephen and O’Brien, Sharon and Carl, Michael},
	title = {Eye tracking as an {{{MT}}} evaluation technique},
	volume = {24},
	year = {2010},
}

@article{carl2009towards,
	author = {Carl, Michael and Jakobsen, Arnt Lykke},
	doi = {10.1007/s10772-009-9044-6},
	journal = {International Journal of Speech Technology},
	number = {4},
	pages = {125--138},
	title = {Towards statistical modelling of translators’ activity data},
	volume = {12},
	year = {2009},
}

@article{Wu2016GooglesTranslation,
	archiveprefix = {arXiv},
	author = {Yonghui Wu and Mike Schuster and Zhifeng Chen and Quoc V. Le and Mohammad Norouzi and Wolfgang Macherey and Maxim Krikun and Yuan Cao and Qin Gao and Klaus Macherey and Jeff Klingner and Apurva Shah and Melvin Johnson and Xiaobing Liu and Lukasz Kaiser and Stephan Gouws and Yoshikiyo Kato and Taku Kudo and Hideto Kazawa and Keith Stevens and George Kurian and Nishant Patil and Wei Wang and Cliff Young and Jason Smith and Jason Riesa and Alex Rudnick and Oriol Vinyals and Greg Corrado and Macduff Hughes and Jeffrey Dean},
	bibsource = {dblp computer science bibliography, https://dblp.org},
	biburl = {https://dblp.org/rec/bib/journals/corr/WuSCLNMKCGMKSJL16},
	eprint = {1609.08144},
	journal = {CoRR},
	title = {Google's Neural Machine Translation System: {{B}}ridging the Gap between Human and Machine Translation},
	url = {http://arxiv.org/abs/1609.08144},
	volume = {abs/1609.08144},
	year = {2016},
}

@article{Guerberof2009,
	author = {Guerberof, Ana},
	journal = {The International Journal of Localisation},
	number = {1},
	pages = {11--21},
	title = {Productivity and Quality in the Post-editing of Outputs from Translation Memories and Machine Translation},
	url = {https://www.tdx.cat/bitstream/handle/10803/90247/GuerberofThesis Final.pdf?sequence=1&isAllowed=y},
	volume = {7},
	year = {2009},
}

@article{Castilho2017IsArt,
	author = {Castilho, Sheila and Moorkens, Joss and Gaspari, Federico and Calixto, Iacer and Tinsley, John and Way, Andy},
	doi = {10.1515/pralin-2017-0013},
	journal = {The Prague Bulletin of Mathematical Linguistics},
	number = {1},
	pages = {109--120},
	title = {Is Neural Machine Translation the New State of the Art?},
	volume = {108},
	year = {2017},
}
