% Encoding: UTF-8

@PhdThesis{Nonato2014,
  author  = {Nonato, Rafael},
  title   = {Clause chaining, switch reference and coordination},
  year    = {2014},
  address = {Cambridge, MA},
  school  = {MIT},
}

@Unpublished{HayesStivers1995,
  author        = {Hayes, Bruce and Stivers, Tanya},
  title         = {The phonetics of post-nasal voicing},
  year          = {1995},
  note          = {Ms., UCLA},
  date-added    = {2018-05-22 08:55:12 +0000},
  date-modified = {2018-05-22 08:56:09 +0000},
}

@Article{Muehlenbernd2021,
  author  = {Mühlenbernd, Roland},
  title   = {Evolutionary stability of ambiguity in context signaling games},
  journal = {Synthese},
  year    = {2021},
  volume  = {198},
  number  = {12},
  pages   = {11725--11753},
}

@Article{chen-middle,
  author  = {Chen, Matthew Y.},
  title   = {From {M}iddle {C}hinese to modern {P}eking},
  journal = {Journal of Chinese Linguistics},
  year    = {1976},
  volume  = {4},
  number  = {2/3},
  pages   = {113--277},
}

@InCollection{Muehlenbernd2022,
  author    = {Mühlenbernd, Roland and Baumann, Andreas},
  title     = {Population-level models of {E}volutionary {P}ragmatics},
  booktitle = {{E}volutionary {P}ragmatics: {T}he Origins and Evolution of Human Communication},
  year      = {in press},
  editor    = {Geurts, Bart and Moore , Richard},
  publisher = {Oxford University press},
  address   = {Oxford},
}

@Book{Gelhaus1975,
  author    = {Gelhaus, Hermann},
  title     = {Das {Futur} in ausgewählten {T}exten der geschriebenen deutschen {S}prache der {G}egenwart: {S}tudien zum {T}empussystem},
  year      = {1975},
  series    = {Heutiges Deutsch I/5},
  publisher = {Hueber},
  address   = {Munich},
}

@InCollection{Muehlenbernd_14,
  author    = {Roland Mühlenbernd and Michael Franke},
  title     = {Meaning, evolution and the structure of society},
  booktitle = {Proceedings of the {E}uropean {C}onference on {S}ocial {I}ntelligence ({ECSI}-2014)},
  year      = {2014},
  editor    = {Andreas Herzig and Emiliano Lorini},
  pages     = {28--39},
}

@Article{HayesWhite2015,
  author        = {Hayes, Bruce and White, James},
  title         = {Saltation and the {P}-map},
  journal       = {Phonology},
  year          = {2016},
  volume        = {32},
  number        = {2},
  pages         = {1-36},
  date-added    = {2018-05-21 06:44:42 +0000},
  date-modified = {2018-05-21 06:45:28 +0000},
}

@Book{Darwin1871,
  author    = {Charles Darwin},
  title     = {The descent of man, and selection in relation to sex},
  year      = {1871},
  publisher = {John Murray},
  address   = {London},
}

@Proceedings{Newmeyer_2014,
  title     = {Measuring grammatical complexity},
  year      = {2014},
  editor    = {Frederick J. Newmeyer and Laurel B. Preston},
  publisher = {Oxford University Press},
  address   = {Oxford},
}

@InCollection{BoyerZsiga2013,
  author        = {Boyer, One and Zsiga, Elizabeth},
  title         = {Phonological devoicing and phonetic voicing in {Setswana}},
  booktitle     = {Proceedings of the 43rd {A}nnual {C}onference on {A}frican {L}inguistics},
  year          = {2013},
  editor        = {Orie, Olanike Ola and Sanders, Karen W.},
  publisher     = {Cascadilla Proceedings Project},
  pages         = {82-89},
  address       = {Amherst, MA},
}

@Book{Wilensky1999,
  author    = {Wilensky, Uri},
  title     = {{NetLogo}},
  year      = {1999},
  publisher = {Center for Connected Learning and Computer-Based Modeling, Northwestern University},
  location  = {Evanston, IL},
  url       = {http://ccl.northwestern.edu/netlogo/},
}

@Book{Dennett1995,
  author    = {Daniel C. Dennett},
  title     = {Darwin's Dangerous Ideas: {E}volution and the Meaning of Life},
  year      = {1995},
  publisher = {Simon \& Schuster},
  address   = {New York},
}

@InCollection{Brown1960,
  author    = {Brown, Roger and Gilman, Albert},
  title     = {The pronouns of power and solidarity},
  booktitle = {Style in language},
  year      = {1960},
  editor    = {Sebeok, Thomas},
  publisher = {The MIT Press},
  pages     = {253--276},
  address   = {Cambridge, MA},
}

@Article{Mazzon1995,
  author  = {Mazzon, Gabriella},
  title   = {Pronouns and terms of address in {S}hakespearean {E}nglish: {A} socio-affective marking system in transition},
  journal = {Views},
  year    = {1995},
  volume  = {4},
  number  = {1},
  pages   = {20--42},
}

@Book{vale48,
  author    = {Ramchandra N. Vale},
  title     = {{V}erbal Composition in {I}ndo-{A}ryan},
  year      = {1948},
  publisher = {Deccan College Postgraduate and Research Institute},
  address   = {Poona, India},
}

@Article{lindau-vowel,
  author    = {Lindau, Mona},
  title     = {Vowel features},
  journal   = {Language},
  year      = {1978},
  volume    = {54},
  number    = {3},
  pages     = {541--563},
  publisher = {Linguistic Society of America},
}

@Article{honda96,
  author    = {Honda, Kiyoshi},
  title     = {Organization of tongue articulation for vowels},
  journal   = {Journal of Phonetics},
  year      = {1996},
  volume    = {24},
  number    = {1},
  pages     = {39--52},
  publisher = {Elsevier},
}

@Book{Patocka1997,
  author    = {Patocka, Franz},
  title     = {Satzgliedstellung in den bairischen {D}ialekten {Ö}sterreichs},
  year      = {1997},
  series    = {Schrif\-ten zur deutschen Sprache in Österreich},
  number    = {20},
  publisher = {Lang},
  address   = {Frankfurt},
}

@Book{Newmeyer1998,
  author    = {Newmeyer, Frederick J.},
  title     = {Language form and language function},
  year      = {1998},
  series    = {Language, Speech, and Communication},
  publisher = {MIT Press},
  address   = {Cambridge},
}

@Article{wedel-high,
  author    = {Wedel, Andrew B. and Kaplan, Abby and Jackson, Scott},
  title     = {High functional load inhibits phonological contrast loss: A corpus study},
  journal   = {Cognition},
  year      = {2013},
  volume    = {128},
  number    = {2},
  pages     = {179--186},
  publisher = {Elsevier},
}

@InCollection{Georg2004,
  author    = {Georg, Stefan},
  title     = {Unreclassifying {T}ungusic},
  booktitle = {Proceedings of the {F}irst {I}nternational {C}onference on {M}anchu-{T}ungus studies ({B}onn, {A}ugust 28 - {S}eptember 1, 2000)},
  year      = {2004},
  editor    = {Naeher, Carsten},
  series    = {Tunguso Sibirica},
  number    = {9},
  note      = {vol. 2},
  publisher = {Harrassowitz},
  pages     = {45–57},
  address   = {Wiesbaden},
}

@Article{lindblom-1995,
  author  = {Lindblom, Björn and Guion, Susan and Hura, Susan and Moon, Seung-Jae and Willerman, Raquel},
  title   = {Is sound change adaptive?},
  journal = {Rivista di linguistica},
  year    = {1995},
  volume  = {7},
  number  = {1},
  pages   = {5--36},
}

@InCollection{chierchia1995,
  author    = {Gennaro Chierchia},
  pages     = {176-223},
  title     = {Individual-level predicates as inherent generics},
  booktitle = {The generic book},
  year      = {1995},
  editor    = {Manfred Krifka and Francis J. Pelletier and Greg Carlson and Alice ter Meulen and Gennaro Chierchia and Godehard Link},
  publisher = {University of Chicago Press},
  address   = {Chicago},
}

@Book{Mulaku2005,
  author    = {Mulaku, Latif},
  title     = {E folmja e {S}halës së {B}ajgorës},
  year      = {2005},
  publisher = {Instituti Albanologjik i Prishtinës},
  address   = {Prishtinë},
}

@PhdThesis{Vasconcelos2013,
  author        = {Vasconcelos, Eduardo A.},
  title         = {Investigando a hipótese {C}ayapó do {S}ul-{P}anar{á}},
  year          = {2013},
  school        = {Universidade Estadual de Campinas},
}

@Article{Kauhanen_2017,
  author  = {Henri Kauhanen},
  title   = {Neutral change},
  journal = {Journal of Linguistics},
  year    = {2017},
  volume  = {53},
  pages   = {327--358},
}

@Article{Norman2004/5,
  author  = {Norman, Jerry},
  title   = {Notes on {M}anchu pronunciation},
  journal = {Saksaha: A Review of Manchu Studies},
  year    = {2004},
  volume  = {9},
  number  = {5},
  pages   = {25--30},
}

@PhdThesis{Albuquerque2007,
  author  = {Albuquerque, Francisco E.},
  title   = {Contribui{\c c}ão da fonologia ao processo de educa{\c c}ão ind{\'\i}gena apinayé},
  year    = {2007},
  address = {Niterói, Brazil},
  school  = {Universidade Federal Fluminense},
}

@Book{Fabricius-Hansen1986,
  author    = {Fabricius-Hansen, Cathrine},
  title     = {Tempus fugit: {Ü}ber die {I}nterpretatio temporaler {S}trukturen im {D}eutschen},
  year      = {1986},
  series    = {Sprache der {G}egenwart},
  number    = {64},
  publisher = {Schwann},
  address   = {Düsseldorf},
}

@Article{bybee06,
  author  = {Joan Bybee},
  title   = {From usage to grammar: {T}he mind's response to repetition},
  journal = {Language},
  year    = {2006},
  volume  = {82},
  number  = {4},
  pages   = {711--733},
}

@Article{Blom2006,
  author  = {Blom, Elma and Polišensk{á}, Daniela and Weerman, Fred},
  title   = {Effects of age on the acquisition of agreement inflection},
  journal = {Morphology},
  year    = {2006},
  volume  = {16},
  pages   = {313--336},
}

@Article{wu-hefei,
  author  = {Wu, Wei},
  title   = {H\'ef\'ei hu\`a ``-i'', ``-y'' y\={\i}nji\'e sh\=engy\`unm\v{u} qiánhua t\`anl\`un [{E}xploration of the fronting of ``-i'' and ``-y'' rhymes in the {H}\'ef\'ei dialect]},
  journal = {Y\v{u}yán yánji\=u [Studies in Language and Linguistics]},
  year    = {1995},
  number  = {3},
  pages   = {58--60},
}

@Book{Agalliu2002,
  author        = {Agalliu, Fatmir and Demiraj, Shaban and {Mahir Domi}},
  title         = {Gramatika e gjuhës shqipe},
  year          = {2002},
  volume        = {1},
  editor        = {Domi, Mahir},
  publisher     = {Akademia e Shkencave e Shqipërisë, Instituti i Gjuhësisë dhe i Letërsisë},
  address       = {Tiranë},
  keywords      = {albanian, grammar},
  mendeley-tags = {albanian,grammar},
}

@Article{ling-diphthong,
  author  = {Ling, Feng},
  title   = {The phonetic boundary between monophthongs and diphthongs in {S}uzhou {C}hinese},
  journal = {Toronto Working Papers in Linguistics},
  year    = {2008},
  volume  = {28},
  pages   = {49--56},
}

@Article{WestburyKeating1986,
  author        = {Westbury, John R. and Keating, Patricia A.},
  title         = {On the naturalness of stop consonant voicing},
  journal       = {Journal of Linguistics},
  year          = {1986},
  volume        = {22},
  pages         = {145-166},
}

@InBook{Ohala1983,
  author        = {Ohala, John J.},
  title         = {The origin of sound patterns},
  booktitle     = {The production of speech},
  year          = {1983},
  editor        = {MacNeilage, Peter F.},
  publisher     = {Springer},
  pages         = {189-216},
  address       = {New York}
}

@Book{Dahl2004,
  author    = {Dahl, Östen},
  title     = {The growth and maintenance of linguistic complexity},
  year      = {2004},
  publisher = {John Benjamins},
  address   = {Amsterdam},
}

@Article{dahl01,
  author       = {Dahl, Östen},
  title        = {Grammaticalization and the Life-Cycles of Constructions},
  journaltitle = {RASK --- Internationalt tidsskrift for sprog og kommunikation},
  date         = {2001},
  volume       = {14},
  pages        = {91--134},
}

@InCollection{garrett-johnson,
  author    = {Garrett, Andrew and Johnson, Keith},
  title     = {Phonetic bias in sound change},
  booktitle = {Origins of Sound Change: {A}pproaches to Phonologization},
  year      = {2013},
  editor    = {Yu, Alan C. L.},
  publisher = {Oxford University Press},
  pages     = {51--99},
  address   = {Oxford},
}

@Article{Lafe1964,
  author  = {Lafe, Emil},
  title   = {E folmja e {N}ikaj-{M}ërturit},
  journal = {Studime filologjike},
  volume  = {3},
  year    = {1964},
  pages   = {107--148},
  address = {Tiranë},
}

@Book{Bakroinpress,
  title     = {The {O}xford guide to the {U}ralic languages},
  year      = {2022},
  editor    = {Bakró-Nagy, Marianne and Laakso, Johanna and Skribnik, Elena},
  publisher = {Oxford University Press},
  address   = {Oxford},
}

@Book{marchello08,
  author    = {Picoche, Jacqueline and Marchello-Nizia, Christiane},
  title     = {Histoire de la langue française},
  date      = {2008},
  publisher = {Vigdor},
  location  = {Paris},
  langid    = {french},
}

@Book{zhou-wu,
  author    = {Zhou, Dianfu and Wu, Zongji},
  title     = {P\v{u}t\=onghu\`a f\=ay\={\i}n t\'up\v{u} [{A}rticulatory diagrams of {S}tandard {C}hinese]},
  year      = {1963},
  publisher = {Sh\=angw\`u y\`{\i}nsh\=u gu\v{a}n [Commercial Press]},
}

@Book{Sunik1958,
  author    = {Sunik, Orest},
  title     = {Kur-urmijskij dialekt},
  year      = {1958},
  publisher = {Nauka},
  address   = {Leningrad},
}

@PhdThesis{ballard,
  author = {Ballard, William L.},
  title  = {Phonological History of {Wu}},
  year   = {1969},
  school = {University of California, Berkeley},
}

@InCollection{Jucker2000,
  author    = {Jucker, Andreas},
  title     = {\textit{Thou} in the history of {E}nglish},
  booktitle = {Words: {S}tructure, meaning, function: {A} {F}estschrift for {D}ie-ter {K}astovsky},
  year      = {2000},
  editor    = {Dalton-Puffer, Christiane and Ritt, Nikolaus},
  publisher = {De Gruyter},
  pages     = {153--163},
  address   = {Berlin},
}

@InCollection{kirby,
  author    = {Kirby, James P.},
  title     = {The role of probabilistic enhancement in phonologization},
  booktitle = {Origins of Sound Change: {A}pproaches to Phonologization},
  year      = {2013},
  editor    = {Yu, Alan C. L.},
  publisher = {Oxford University Press},
  pages     = {228--246},
  address   = {Oxford},
}

@MastersThesis{westerberg,
  author = {Westerberg, Fabienne},
  title  = {An auditory, acoustic, articulatory, and sociophonetic study of {S}wedish {V}iby-i},
  year   = {2016},
  school = {University of Glasgow},
}

@InCollection{Nichols2001,
  author    = {Nichols, Johanna},
  title     = {Why ``me'' and ``thee''?},
  booktitle = {Historical Linguistics 1999},
  year      = {2001},
  editor    = {Brinton, Laurel J.},
  publisher = {John Benjamins},
  pages     = {253--276},
  address   = {Amsterdam},
}

@Article{Reiner2015,
  author  = {Reiner, Tabea},
  title   = {An emerging future infinitive in present day {G}erman?},
  journal = {De Gruyter Open Linguistics},
  year    = {2015},
  volume  = {1},
  number  = {1},
  pages   = {503--518},
}

@Article{kapovic17,
  author       = {Kapović, Marko},
  title        = {Variable Within Variable --- Simultaneous Stability and Change},
  journaltitle = {Borealis},
  date         = {2017},
  subtitle     = {The Case of Syllable-Final \emph{S} in {C}iudad {R}eal},
  volume       = {6},
  number       = {2},
  pages        = {249--283},
  doi          = {10.7557/1.6.2.4223},
}

@InCollection{schotz-i,
  author    = {Schötz, Susanne and Frid, Johan and Löfqvist, Anders},
  title     = {Exotic vowels in {S}wedish: {A} project description and an articulographic and acoustic pilot study of /i/},
  booktitle = {Proceedings of {F}onetik 2011},
  year      = {2011},
  url       = {https://www.speech.kth.se/fonetik2011/proceedings.pdf},
  urldate   = {2022-03-16},
}

@Book{Reiner2013,
  author    = {Reiner, Tabea},
  title     = {Prospektive {V}erben im {D}eutschen: {An} der {S}chnittstelle von lexikalischer {S}emantik und {S}atzsyntax},
  year      = {2013},
  series    = {Germanistische Bibliothek},
  number    = {50},
  publisher = {Winter},
  address   = {Heidelberg},
}

@MastersThesis{Camargo2010,
  author        = {da Silva Camargo, Nayara},
  title         = {L{\'\i}ngua Tapayuna: {A}spectos Sociolingü{\'\i}sticos e uma An{á}lise Fonológica Preliminar},
  year          = {2010},
  address       = {Brazil},
  school        = {Universidade Estadual de Campinas},
}

@Book{LadefogedMaddieson1996,
  author        = {Ladefoged, Peter and Maddieson, Ian},
  title         = {The Sounds of the World's Languages},
  year          = {1996},
  publisher     = {Blackwell},
  address       = {Oxford/Cambridge, MA},
}

@Book{Jucker2003,
  title     = {Diachronic perspectives on address term systems},
  year      = {2003},
  editor    = {Jucker, Andreas and Taavitsainen, Irma},
  publisher = {John Benjamins},
  address   = {Amsterdam},
}

@Article{Niyogi_97,
  author  = {Partha Niyogi and Robert C. Berwick},
  title   = {A dynamical systems model for language change},
  journal = {Complex Systems},
  year    = {1997},
  volume  = {11},
  pages   = {161--204},
}

@PhdThesis{Lacroix2009,
  author  = {Lacroix, René},
  title   = {Description du dialecte {L}aze d’{A}rhavi (caucasique du sud, {T}urquie)},
  year    = {2009},
  type    = {phdthesis},
  journal = {Grammaire et textes},
  school  = {Université Lumière Lyon 2},
}

@InCollection{Kallulli2000,
  author    = {Kallulli, Dalina},
  title     = {Direct Object Clitic Doubling in {A}lbanian and {G}reek},
  booktitle = {Comparative syntax of the {B}alkan languages},
  year      = {2000},
  editor    = {Rivero, Maria-Luisa and Ralli, Angela},
  publisher = {Oxford University Press},
  pages     = {209--248},
  address   = {Oxford},
}

@Book{Reiner2018,
  author    = {Reiner, Tabea},
  year      = {2018},
  title     = {Existiert ein {I}nfinitiv {P}osterior im {G}egenwartsdeutschen?},
  note      = {(Habilitation thesis).},
  publisher = {LMU},
  address   = {Munich},
}

@Book{Vennemann_1988,
  author    = {Theo Vennemann},
  title     = {Preference Laws for Syllable Structure and the Explanation of Sound Change: {W}ith Special Reference to {G}erman, {G}ermanic, {I}talian, and {L}atin},
  year      = {1988},
  publisher = {Mouton de Gruyter},
  address   = {Berlin},
}

@InCollection{Reiner2019,
  author    = {Reiner, Tabea},
  title     = {Variation in non-finiteness and temporality from a canonical perspective},
  booktitle = {Morphological variation: {T}heoretical and empirical perspectives},
  year      = {2019},
  editor    = {Dammel, Antje and Schallert, Oliver},
  series    = {Studies in Language Companion Series 207},
  pages     = {283-310},
  address   = {Amsterdam: John Benjamins},
}

@Unpublished{Merrill2016,
  author = {Merrill, John},
  title  = {A Historical Account of the {F}ula and {S}ereer Consonant Mutation and Noun Class Systems},
  year   = {2016},
  note   = {Tech. rep., UC Berkeley},
}

@Incollection{Kallulli2008,
  author    = {Kallulli, Dalina and Tasmowski, Liliane},
  title     = {Introduction: {C}litic doubling, core syntax and the interfaces},
  series    = {Linguistik Aktuell/Linguistics Today},
  number    = {130},
  year      = {2008},
  editor    = {Kallulli, Dalina and Tasmowski, Liliane},
  booktitle = {Clitic doubling in the {B}alkan languages},
  pages     = {1--32},
  address   = {Amsterdam},
  publisher = {John Benjamins},
}

@Book{SeilerBaechler_2016,
  title     = {Complexity, isolation, and variation},
  year      = {2016},
  editor    = {Guido Seiler and Raffaela Baechler},
  publisher = {De Gruyter},
  address   = {Berlin},
}

@InBook{Hayes1999,
  author    = {Hayes, Bruce},
  title     = {Phonetically driven phonology: {T}he role of {O}ptimality {T}heory and inductive grounding},
  booktitle = {Functionalism and formalism in linguistics},
  year      = {1999},
  editor    = {Darnell, Michael and Moravscik, Edith and Newmeyer, Frederick J. and Noonan, Michael and Wheatly, Kathleen M.},
  number    = {1},
  series    = {General Papers},
  publisher = {John Benjamins},
  pages     = {243-285},
  address   = {Amsterdam},
}

@Article{Tsumagari2009,
  author  = {Tsumagari, Toshiro},
  title   = {Grammatical outline of {U}ilta (revised)},
  journal = {Journal of the Graduate School of Letters},
  year    = {2009},
  volume  = {4},
  pages   = {1–21},
}

@InCollection{RodriguesDourado1993,
  author    = {Rodrigues, Aryon D. and Luciana Dourado},
  title     = {Panar{á}: {I}dentifica{\c c}ão lingüística dos {K}ren-{A}karore com os {C}ayapó do {S}ul},
  booktitle = {Anais da 45ª Reunião Anual da {SBPC}},
  year      = {1993},
  address   = {Recife, Brazil},
}

@InCollection{Pernaska2012,
  author    = {Përnaska, Remzi},
  title     = {Bashkësia e të ashtuquajturave trajta të shkurtëra të përemrave vetorë dhe zgjedhimi nënanor-kundranor (subjektor-objektor) sui generis në gjuhën e sotme shqipe},
  booktitle = {Shqipja dhe gjuhët e {B}allkanit: {K}onferencë shkencore e mbajtur më 10 – 11 nëntor 2011 në {P}rishtinë.},
  year      = {2012},
  pages     = {397--410},
  address   = {Prishtinë},
}

@Book{Jucker2013,
  title     = {English historical pragmatics},
  year      = {2013},
  editor    = {Jucker, Andreas and Taavitsainen, Irma},
  publisher = {Edinburgh University Press},
  address   = {Edinburgh},
}

@InCollection{Seiler2015,
  author    = {Seiler, Guido},
  title     = {Syntactization, analogy and the distinction between proximate and evolutionary causations},
  booktitle = {Variation in language: {S}ystem- and usage-based approaches},
  year      = {2015},
  editor    = {Adli, Aria and García, Marco García and Kaufmann, Göz},
  series    = {Linguae \& Litterae},
  number    = {50},
  publisher = {De Gruyter},
  pages     = {239–264},
  address   = {Berlin},
}

@Article{cao-maddieson,
  author  = {Cao, Jianfen and Maddieson, Ian},
  title   = {An exploration of phonation types in {W}u dialects of {C}hinese},
  journal = {Journal of Phonetics},
  year    = {1992},
  volume  = {20},
  number  = {1},
  pages   = {77--92},
}

@Book{Churchward1940,
  author    = {Churchward, Clerk M.},
  title     = {{R}otuman grammar and dictionary},
  year      = {1940},
  publisher = {Methodist Church of Australasia},
  address   = {Sydney},
}

@Article{Kallulli2016,
  author        = {Kallulli, Dalina},
  title         = {Clitic doubling as Differential Object Marking},
  journal       = {Rivista di Grammatica Generativa: Research in Generative Grammar (RGG)},
  year          = {2016},
  volume        = {38},
  pages         = {161--171},
  keywords      = {Clitic doubling, albanian, differential object marking},
  mendeley-tags = {Clitic doubling,albanian,differential object marking},
}

@InCollection{Friedman2006,
  author    = {Friedman, Victor A.},
  title     = {The {B}alkans as a Linguistic Area.},
  booktitle = {Elsevier Encyclopedia of Language and Linguistics},
  year      = {2006},
  editor    = {Keith Brown},
  publisher = {Elsevier},
  pages     = {657--672},
  address   = {Oxford},
}

@Book{Saussure1916,
  author    = {Saussure, Ferdinand de},
  title     = {Cours de linguistique générale},
  year      = {1916},
  publisher = {Payot},
  address   = {Paris},
}

@Book{qian,
  author    = {Qian, Nairong},
  title     = {D\=angd\`ai {W}\'uy\v{u} yánji\=u [{S}tudies in modern {W}u languages]},
  year      = {1992},
  publisher = {Sh\`angh\v{a}i ji\`aoy\`u ch\=ub\v{a}nsh\`e [Shanghai Education Press]},
}

@Article{stevens2010,
  author    = {Stevens, Kenneth N. and Keyser, Samuel Jay},
  title     = {Quantal theory, enhancement and overlap},
  journal   = {Journal of Phonetics},
  year      = {2010},
  volume    = {38},
  number    = {1},
  pages     = {10--19},
  publisher = {Elsevier},
}

@Book{Dixon2016,
  author    = {Dixon, R. M. W.},
  title     = {Are some languages better than others?},
  year      = {2016},
  publisher = {Oxford University Press},
  address   = {Oxford},
}

@InCollection{fujimura-kakita,
  author    = {Fujimura, Osamu and Kakita, Yuki},
  title     = {Remarks on quantitative description of the lingual articulation},
  booktitle = {Frontiers of speech communication research},
  year      = {1979},
  editor    = {Lindblom, Björn and Öhman, S.},
  publisher = {Academic Press},
  pages     = {17--24},
  address   = {London},
}

@Article{Tang2011,
  author  = {Tang, John},
  title   = {On the terms for goat recorded in {K}hitan and {J}urchen scripts},
  journal = {Altai Hakpo},
  year    = {2011},
  volume  = {21},
  pages   = {191–203},
}

@Book{Dixon2012,
  author    = {Dixon, R. M. W.},
  title     = {Basic linguistic theory, vol. 3: {F}urther grammatical topics},
  year      = {2012},
  publisher = {Oxford University Press},
  address   = {Oxford},
}

@Article{Huberinprep,
  author    = {Huber, Judith and Mader, Julian and Elsweiler, Christine},
  title     = {{T}he role of morphosyntactic simplification and dialect contact in the loss of \textit{thou} {V}-st.},
  year      = {in prep.},
  journal   = {English Language and Linguistics}
}

@InCollection{Friedman2008,
  author    = {Friedman, Victor A.},
  title     = {Balkan object reduplication in areal and dialectological perspective},
  booktitle = {Clitic doubling in the {B}alkan languages},
  year      = {2008},
  editor    = {Kallulli, Dalina and Tasmowski, Liliane},
  publisher = {Benjamins},
  pages     = {35--63},
  address   = {Amsterdam},
}

@InCollection{horn84,
  author    = {Laurence Horn},
  title     = {Towards a New Taxonomy for Pragmatic Inference: {Q}-based and {R-based} Implicatures},
  booktitle = {Meaning, Form, and Use in Context},
  year      = {1984},
  editor    = {Deborah Schiffrin},
  publisher = {Georgetown University Press},
  pages     = {11--42},
  address   = {Washington},
}

@Book{Wilmanns1906,
  author    = {Wilmanns, Wilhelm},
  title     = {{D}eutsche {G}rammatik, vol. 3.1: {G}otisch, {A}lt-, {M}ittel- und {N}eu\-hoch\-deutsch},
  year      = {1906},
  publisher = {Trübner},
  address   = {Strasbourg},
}

@Article{Giraldin2000,
  author  = {Giraldin, Odair},
  title   = {{Renascendo das cinzas. Um histórico da presen{\c c}a dos Cayapó-Panara em Goi{á}s e Tri{\^a}ngulo Mineiro}},
  journal = {Sociedade e cultura},
  year    = {2000},
  number  = {1-2},
  volume  = {3},
  pages   = {161-184},
}

@Book{Hockett_1958,
  author    = {Charles F. Hockett},
  title     = {A Course in Modern Linguistics},
  year      = {1958},
  publisher = {MacMillan},
  address   = {New York},
}

@Book{McWhorter2007,
  author    = {McWhorter, John},
  title     = {Language interrupted: {S}igns of non-native acquisition instandard language grammars},
  year      = {2007},
  publisher = {Oxford University Press},
  address   = {Oxford},
}

@InCollection{Seiler_2005,
  author    = {Guido Seiler},
  title     = {Open syllable shortening in {B}ernese {G}erman},
  booktitle = {Proceedings of the 31st {A}nnual {M}eeting of the {B}erkeley {L}inguistics {S}ociety: {G}eneral Session and Parasession on Prosodic Variation and Change},
  year      = {2005},
  editor    = {Cover, Rebecca T. and Kim, Yuni},
  publisher = {Berkeley Linguistics Society},
  pages     = {477--488},
  address   = {Berkeley, CA},
}

@Book{wang-suzhou,
  author    = {Wang, Ping},
  title     = {S\=uzh\=ou fángy\v{a}n yánji\=u [{S}tudies on the {S}\={u}zh\={o}u dialect]},
  year      = {2011},
  publisher = {Zh\=onghuá Sh\=uj\'u [Zhonghua Book Company]},
}

@InCollection{Shkurtaj1974,
  author    = {Shkurtaj, Gjovalin},
  title     = {E folmja e {H}otit},
  booktitle = {Dialektologjia shqiptare 2},
  year      = {1974},
  editor    = {{Mahir Domi} and Gjinari, Jorgji and Shkurtaj, Gjovalin},
  publisher = {Akademia e Shkencave e RPS të Shqipërisë, Instituti i Gjuhësisë dhe i Letërsisë, Sektori i Gramatikës dhe i Dialektologjisë},
  pages     = {344--428},
  address   = {Tiranë},
}

@Article{davidson2006,
  author    = {Davidson, Lisa},
  title     = {Comparing tongue shapes from ultrasound imaging using smoothing spline analysis of variance},
  journal   = {The Journal of the Acoustical Society of America},
  year      = {2006},
  volume    = {120},
  number    = {1},
  pages     = {407--415},
  publisher = {Acoustical Society of America},
}

@InCollection{Traugott2012,
  author    = {Traugott, Elizabeth},
  title     = {Middle {E}nglish: {P}ragmatics and discourse},
  booktitle = {English historical linguistics. {A}n international handbook},
  year      = {2012},
  editor    = {Bergs, Alexander and Brinton, Laurel},
  publisher = {De Gruyter Mouton},
  pages     = {466--480},
  address   = {Berlin},
}

@InCollection{Kornfilt2018,
  author    = {Kornfilt, Jaklin},
  title     = {{T}urkish and the {T}urkic languages},
  booktitle = {The world’s major languages},
  year      = {2018},
  editor    = {Bernard Comrie},
  edition   = {3},
  publisher = {Routledge},
  pages     = {536–561},
  address   = {London},
}

@InCollection{Horn_2006,
  author    = {Laurence Horn},
  title     = {The border wars: {A} {N}eo-{G}ricean perspective},
  booktitle = {Where Semantics Meets Pragmatics},
  year      = {2006},
  editor    = {Klaus von Heusinger and Ken P. Turner},
  pages     = {21-48},
  publisher = {Elsevier},
  address   = {Oxford},
}

@Article{muehlenberndEnke_2017,
  author  = {Roland Mühlenbernd and Dankmar Enke},
  title   = {The grammaticalization cycle of the progressive - {A} game-theoretic analysis},
  journal = {Morphology},
  year    = {2017},
  volume  = {27},
  number  = {4},
  pages   = {497--526},
}

@Article{MuyskenSmith1990,
  author  = {Muysken, Pieter and Norval Smith},
  title   = {Question words in pidgin and creole languages},
  journal = {Linguistics},
  year    = {1990},
  volume  = {28},
  pages   = {883-903},
}

@InBook{Sole2012,
  author    = {Solé, Maria-Josep},
  title     = {Natural and unnatural patterns of sound change},
  booktitle = {The initiation of sound change: Perception, production and social factors},
  year      = {2012},
  editor    = {Solé, Maria-Josep and Recasens, Daniel},
  publisher = {John Benjamins},
  pages     = {123-146},
  address   = {Amsterdam},
}

@Book{ting-suzhou,
  author    = {Ting, Pang-hsin},
  title     = {Y\={\i} b\v{a}i nián qián de {S}\=uzh\=ou hu\`a [{T}he {S}uzhou Dialect at the Beginning of the Twentieth Century]},
  year      = {2003},
  publisher = {Sh\`angh\v{a}i ji\`aoy\`u ch\=ub\v{a}nsh\`e [Shanghai Education Press]},
}

@Article{Sole2010,
  author        = {Solé, Maria-Josep and Hyman, Larry M. and Monaka, Kemmonye C.},
  title         = {More on post-nasal devoicing: The case of {S}hekgalagari},
  journal       = {Journal of Phonetics},
  year          = {2010},
  volume        = {38},
  number        = {4},
  pages         = {299-319},
}

@InCollection{Shkurtaj1975,
  author    = {Shkurtaj, Gjovalin},
  title     = {E folmja e {K}elmendit},
  booktitle = {Dialektologjia shqiptare 3},
  year      = {1975},
  editor    = {{Mahir Domi} and Gjinari, Jorgji and Shkurtaj, Gjovalin},
  publisher = {Akademia e Shkencave e RPS të Shqipërisë, Instituti i Gjuhësisë dhe i Letërsisë, Sektori i Gramatikës dhe i Dialektologjisë},
  pages     = {5--129},
  address   = {Tiranë},
}

@InCollection{kilpio1993,
  author    = {Matti Kilpiö},
  title     = {Syntactic and semantic properties of the present indicative forms of the verb to be in {Old English}},
  booktitle = {Early {E}nglish in the computer age: {E}xplorations through the {H}elsinki {C}orpus},
  year      = {1993},
  editor    = {Matti Rissanen and Merja Kytö and Minna Palander-Collin},
  publisher = {Mouton de Gruyter},
  pages     = {21-32},
  address   = {Berlin},
}

@Book{nowak06,
  author    = {Martin A. Nowak},
  title     = {Evolutionary Dynamics: {E}xploring the Equations of Life},
  year      = {2006},
  publisher = {Harvard University Press},
  address   = {Cambridge, MA and London},
}

@Book{Croft_2000,
  author    = {William Croft},
  title     = {Explaining language change: {A}n evolutionary approach},
  year      = {2000},
  publisher = {Longman},
  address   = {London},
}

@InCollection{gell-mann,
  author    = {Gell-Mann, Murray},
  title     = {Complexity and complex adaptive systems},
  booktitle = {The evolution of human languages},
  year      = {1992},
  editor    = {Hawkins, John A. and Gell-Mann, Murray},
  publisher = {Addison-Wesley},
  pages     = {3--18},
  address   = {Reading, MA},
}

@Article{Venjukov1862,
  author  = {Venjukov, M.},
  title   = {Vokabular der {G}olde-{S}prache},
  journal = {Petermanns Geographische Mitteilungen},
  year    = {1862},
  volume  = {8},
  pages   = {109},
}

@InCollection{Gecaj2005,
  author    = {Gecaj, Murat},
  title     = {Vështrim rreth morfologjisë të së folmes së {K}rasniqes},
  booktitle = {Dialektologjia shqiptare 7},
  year      = {2005},
  editor    = {{Mahir Domi} and Gjinari, Jorgji and Shkurtaj, Gjovalin},
  publisher = {Akademia e Shkencave e RPS të Shqipërisë, Instituti i Gjuhësisë dhe i Letërsisë, Sektori i Gramatikës dhe i Dialektologjisë},
  pages     = {221--257},
  address   = {Tiranë},
}

@InCollection{HillBlack1998,
  author    = {Hill, Kenneth C. and Mary E. Black},
  title     = {A sketch of {Hopi} grammar},
  booktitle = {Hopi dictionary: {A} {H}opi-{E}nglish dictionary of the third {M}esa dialect with an {E}nglish-{H}opi finder list and a sketch of {H}opi grammar = {H}opìikwa lavàytutuveni},
  year      = {1998},
  editor    = {The Hopi Dictionary Project},
  publisher = {University of Arizona Press},
  pages     = {861--900},
  address   = {Tucson},
}

@Book{Maynard82,
  author    = {John {Maynard Smith}},
  title     = {Evolution and the Theory of Games},
  year      = {1982},
  publisher = {Cambridge University Press},
  address   = {Cambridge},
}

@Article{Frey_2004,
  author  = {Werner Frey},
  title   = {The grammar-pragmatics interface and the {G}erman prefield},
  journal = {Sprache und Pragmatik},
  year    = {2004},
  volume  = {52},
  pages   = {1--39},
}

@Misc{CEEC,
  editor    = {Nevalainen, Terttu and Raumolin-Brunberg, Helena and Keränen, Jukka and Nevala, Minna and Nurmi, Arja and Palander-Collin, Minna},
  title     = {Corpus of early {E}nglish Correspondence ({CEEC})},
  year      = {1998},
  address   = {Helsinki},
  publisher = {Department of Modern Languages, University of Helsinki},
}

@Article{Kiyose2000,
  author  = {Kiyose, Gisaburō N.},
  title   = {Genealogical relationship of {J}urchen dialects and literary {M}anchu},
  journal = {Central Asiatic Journal},
  year    = {2000},
  volume  = {44(2)},
  pages   = {177–189},
}

@Article{Lehmann2006,
  author  = {Lehmann, Christian},
  title   = {The value of a language},
  journal = {Folia Linguistica},
  year    = {2006},
  volume  = {40(3/4)},
  pages   = {207-238},
}

@InCollection{Hogg1992,
  author    = {Hogg, Richard},
  title     = {Phonology and morphology},
  booktitle = {The {C}ambridge history of the {E}nglish language. {V}ol. 1: {T}he beginnings to 1066},
  year      = {1992},
  editor    = {Hogg, Richard},
  publisher = {Cambridge University Press},
  pages     = {67--167},
  address   = {Cambridge},
}

@InCollection{Vennemann_1993,
  author    = {Theo Vennemann},
  title     = {Language change as language improvement},
  booktitle = {System, Usage, and Society},
  year      = {1993},
  editor    = {Historical linguistics: Problems and perspectives},
  publisher = {Longman},
  pages     = {319--344},
  address   = {London},
}

@InBook{Hyman2001,
  author        = {Hyman, Larry M.},
  title         = {On the limits of phonetic determinism in phonology: *NC revisited},
  booktitle     = {The role of speech perception phenomena in phonology},
  year          = {2001},
  editor        = {Hume, Elizabeth and Johnson, Keith},
  publisher     = {Academic Press},
  pages         = {141-185},
  address       = {New York, NY},
}

@Book{Nevalainen2017,
  author    = {Nevalainen, Terttu and Raumolin-Brunberg, Helena},
  title     = {Historical sociolinguistics: {L}anguage change in {Tudor} and {Stuart England}},
  year      = {2017},
  publisher = {Routledge, Taylor \& Francis Group},
  address   = {London, New York},
}

@InCollection{Lindblom_1983,
  author    = {Björn Lindblom},
  title     = {Economy of speech gestures},
  booktitle = {Speech Production},
  year      = {1983},
  editor    = {Peter F. MacNeilage},
  publisher = {Springer},
  address   = {New York},
}

@Book{Watson2008,
  author    = {Joel Watson},
  title     = {Strategy: {A}n Introduction to Game Theory},
  year      = {2008},
  publisher = {W.W. Norton},
  address   = {New York},
}

@InCollection{Shkurtaj1982,
  author    = {Shkurtaj, Gjovalin},
  title     = {E folmja e {R}anxave të {M}bishkodrës},
  booktitle = {Dialektologjia shqiptare 4},
  year      = {1982},
  editor    = {{Mahir Domi} and Gjinari, Jorgji and Shkurtaj, Gjovalin},
  publisher = {Akademia e Shkencave e RPS të Shqipërisë, Instituti i Gjuhësisë dhe i Letërsisë, Sektori i Gramatikës dhe i Dialektologjisë},
  pages     = {144--278},
  address   = {Tiranë},
}

@InCollection{Kornfilt2007,
  author    = {Kornfilt, Jaklin},
  title     = {Verbal and nominalized finite clauses in {Turkish}},
  booktitle = {Finiteness: {T}heoretical and empirical foundations},
  year      = {2007},
  editor    = {Nikolaeva, Irina A.},
  publisher = {Oxford University Press},
  pages     = {305–332},
  address   = {Oxford},
}

@InCollection{Busse2003,
  author    = {Busse, Ulrich},
  title     = {The co-occurrence of nominal and pronominal address forms in the {S}hakespeare {C}orpus: {W}ho says \textit{thou} or \textit{you} to whom?},
  booktitle = {Diachronic perspectives on address term systems},
  year      = {2003},
  editor    = {Jucker, Andreas and Taavitsainen, Irma},
  publisher = {John Benjamins},
  pages     = {193--221},
  address   = {Amsterdam},
}

@InCollection{faytak-qp,
  author    = {Faytak, Matthew},
  title     = {High vowel fricativization and chain shift},
  booktitle = {{UC} {B}erkeley {P}honology {L}ab annual report},
  year      = {2014},
  volume    = {10},
  url       = {http://www.linguistics.berkeley.edu/PhonLab/annual_report.html/},
  urldate   = {2022-03-16},
}

@Article{carlier01,
  author       = {Carlier, Anne},
  title        = {La genèse de l'article \emph{un}},
  journaltitle = {Langue française},
  date         = {2001},
  volume       = {130},
  number       = {1},
  pages        = {65--88},
  annotation   = {als Ausdruck vorhanden, online verfügbar},
}

@Book{riad,
  author    = {Riad, Tomas},
  title     = {The phonology of {S}wedish},
  year      = {2013},
  publisher = {Oxford University Press},
  address   = {Oxford},
}

@Book{catford,
  author    = {Catford, John C.},
  title     = {Fundamental Problems in Phonetics},
  year      = {1982},
  publisher = {Bloomington, IN: Indiana University Press},
}

@Book{Wurzel_1984,
  author    = {Wolfgang U. Wurzel},
  title     = {Flexionsmorphologie und {N}atürlichkeit: {E}in {B}eitrag zur morphologischen {T}heoriebildung},
  year      = {1984},
  publisher = {Akademie},
  address   = {Berlin},
}

@Book{Norvik2015,
  author    = {Norvik, Mina},
  title     = {Future time reference devices in {Livonian} in a {Finnic} context},
  year      = {2015},
  series    = {Dissertationes Linguisticae Universitatis Tartuensis 25},
  publisher = {University of Tartu Press},
  address   = {Tartu},
}

@InCollection{kratzer95stage,
  author    = {Angelika Kratzer},
  title     = {Stage-level and individual-level predicates},
  booktitle = {The generic book},
  year      = {1995},
  editor    = {Gregory N. Carlson and Francis J. Pelletier},
  publisher = {University of Chicago Press},
  pages     = {125--175},
  address   = {Chicago, IL},
}

@InCollection{lee-encyclopedia,
  author    = {Lee, Wai-Sum and Zee, Eric},
  title     = {Apical vowels},
  booktitle = {Encyclopedia of {C}hinese Language and Linguistics},
  year      = {2015},
  editor    = {Sybesma, Rint},
  url       = {http://dx.doi.org/10.1163/2210-7363_ecll_COM_00000018}
}

@Article{Vogel2009,
  author  = {Vogel, Ralf},
  title   = {Skandal im {Verbkomplex}: {Betrachtungen} zur scheinbar inkorrek\-ten {Morphologie} in infiniten {Verbkomplexen} des {Deutschen}},
  journal = {Zeitschrift für Sprachwissenschaft},
  year    = {2009},
  volume  = {28},
  number  = {2},
  pages   = {307–346},
}

@Article{Maynard73,
  author  = {John {Maynard Smith} and George R.  Price},
  title   = {The Logic of Animal Conflict},
  journal = {Nature},
  year    = {1973},
  number  = {146},
  pages   = {15--18},
}

@PhdThesis{Ribeiro2012,
  author  = {Ribeiro, Eduardo R.},
  title   = {A grammar of {K}araj{á}},
  year    = {2012},
  address = {Chicago},
  school  = {University of Chicago},
}

@InCollection{Eide2016,
  author    = {Eide, Kristin M.},
  title     = {Introduction},
  booktitle = {Finiteness matters: {O}n finiteness-related phenomena in natural languages},
  year      = {2016},
  editor    = {Kristin M. Eide},
  series    = {Linguistik Aktuell/Linguistics Today},
  number    = {231},
  publisher = {John Benjamins},
  pages     = {1–44},
  address   = {Amsterdam},
}

@Book{chatterji70,
  author    = {Suniti K. Chatterji},
  title     = {The Origin and Development of the {B}engali Language},
  year      = {1975 [1926]},
  publisher = {Calcutta University Press},
  address   = {Calcutta},
}

@Article{BaeseBerkGoldrick2009,
  author    = {Baese-Berk, Melissa and Goldrick, Matthew},
  title     = {Mechanisms of interaction in speech production},
  journal   = {Language and Cognitive Processes},
  year      = {2009},
  volume    = {24},
  number    = {4},
  pages     = {527--554},
  publisher = {Taylor \& Francis},
}

@InCollection{Cincius1975,
  author    = {Cincius, Vera I.},
  title     = {On the {pre-Altaic} system of consonants},
  booktitle = {Researches in {Altaic} languages},
  year      = {1975},
  editor    = {Louis Ligeti},
  publisher = {Akadémiai Kiadó},
  pages     = {299-306},
  address   = {Budapest},
}

@InCollection{Gosturani1982,
  author    = {Gosturani, Xheladin},
  title     = {E folmja e {\c{C}}eremit dhe e {V}albonës (rrethi i {T}ropojës)},
  booktitle = {Dialektologjia shqiptare 4},
  year      = {1982},
  editor    = {{Mahir Domi} and Gjinari, Jorgji and Shkurtaj, Gjovalin},
  publisher = {Akademia e Shkencave e RPS të Shqipërisë, Instituti i Gjuhësisë dhe i Letërsisë, Sektori i Gramatikës dhe i Dialektologjisë},
  pages     = {279--344},
  address   = {Tiranë},
}

@PhdThesis{Sinnemaeki2011,
  author    = {Sinnemäki, Kaius},
  title     = {Language universals and linguistic complexity: {T}hree case studies in core argument marking},
  year      = {2011},
  type      = {phdthesis},
  address   = {Helsinki},
  publisher = {Helsingin yliopisto},
  school    = {University of Helsinki},
}

@Book{Croft2000,
  author    = {William Croft},
  title     = {Explaining Language Change},
  year      = {2000},
  publisher = {Longman},
  address   = {London},
}

@Book{Bickerton2016,
  author    = {Bickerton, Derek},
  title     = {Roots of language},
  year      = {2016 [1981]},
  publisher = {Language Science Press},
  address   = {Berlin},
}

@Book{Grube1896,
  author    = {Grube, Wilhelm},
  title     = {Die {S}prache und {S}chrift der {J}učen},
  year      = {1896},
  publisher = {Harrassowitz},
  address   = {Leipzig},
}

@InCollection{BeddorOnsuwan2003,
  author        = {Beddor, Patrice S. and Onsuwan, Chutamanee},
  title         = {Perception of prenasalized stops},
  booktitle     = {Proceedings of the 15th {I}nternational {C}ongress of {P}honetic {S}ciences},
  year          = {2003},
  editor        = {Solé, Maria Josep and Recasens, Daniel and Romero, Joaquin},
  pages         = {407-410},
  address       = {Bellaterra, Catalonia},
}

@Book{rothstein08,
  author    = {Rothstein, Björn},
  title     = {The Perfect Time Span: {On} the Present Perfect in {German}, {Swedish} and {English}},
  date      = {2008},
  publisher = {John Benjamins},
  location  = {Amsterdam},
}

@Book{Zikmundová2013,
  author    = {Zikmundová, Veronika},
  title     = {Spoken {S}ibe: {M}orphology of the inflected parts of speech},
  year      = {2013},
  publisher = {Karolinum},
  address   = {Prague},
}

@InCollection{Langacker_1977,
  author    = {Ronald W. Langacker},
  title     = {Syntactic Reanalysis},
  booktitle = {Mechanisms of Syntactic Change},
  year      = {1977},
  editor    = {Charles Li},
  publisher = {University of Texas Press},
  pages     = {57--139},
  address   = {Austin},
}

@Book{Nichols2015,
  author    = {Nichols, Johanna},
  title     = {Complexity as non-canonicality: {A}n affordable, reliable metric for morphology},
  year      = {2015},
  publisher = {SLE Annual Meeting},
  address   = {Leiden},
}

@InCollection{Vincent1973,
  author    = {Vincent, Alex},
  title     = {{T}airora verb structure},
  booktitle = {The languages of the {{East}ern} family of the {East} {New} {{Guinea}} {Highland} {Stock}},
  year      = {1973},
  editor    = {Howard McKaughan},
  series    = {Anthropological Studies in the Eastern Highlands of New Guinea},
  number    = {1},
  publisher = {University of Washington Press},
  pages     = {561–587},
  address   = {Seattle},
}

@Article{partee84,
  author  = {Barbara Partee},
  title   = {Nominal and Temporal Anaphora},
  journal = {Linguistics and Philosophy},
  year    = {1984},
  volume  = {7},
  pages   = {243--286},
}

@Book{Sem1976,
  author    = {Sem, Lidija I.},
  title     = {Očerki dialektov nanajskogo jazyka: {B}ikinskij (ussurijskij) dialekt},
  year      = {1976},
  publisher = {Nauka},
  address   = {Leningrad},
}

@Book{Basha1984,
  author = {Basha, Naim},
  title  = {E folmja e qytetit të {D}ibrës: {P}unim magjistrature},
  year   = {1984},
}

@Article{price70,
  author  = {George R. Price},
  title   = {Selection and covariance},
  journal = {Nature},
  year    = {1970},
  volume  = {227},
  number  = {5257},
  pages   = {520--521},
}

@Book{Hacke2009,
  author    = {Hacke, Marion},
  title     = {{Funktion} und {Bedeutung} von {\normalfont werden} + {Infinitiv} im {Vergleich} zum futurischen {Präsens}},
  year      = {2009},
  series    = {Germanistische Bibliothek},
  number    = {34},
  publisher = {Winter},
  address   = {Heidelberg},
}

@InCollection{Nichols2013,
  author    = {Nichols, Johanna},
  title     = {The origin and evolution of case-suppletive pronouns: {Eurasian} evidence},
  booktitle = {Languages across Boundaries: {S}tudies in Memory of {A}nna {S}iewierska},
  year      = {2013},
  editor    = {Bakker, Dik and Haspelmath, Martin},
  publisher = {de Gruyter},
  pages     = {313--345},
  address   = {Berlin},
}

@InCollection{Nichols2012,
  author    = {Nichols, Johanna},
  title     = {Selection for \emph{m: T} pronominals in {Eurasia}},
  booktitle = {Copies versus Cognates in Bound Morphology},
  year      = {2012},
  editor    = {Lars Johanson and Martine Robbeets},
  publisher = {Brill},
  pages     = {47--70},
  address   = {Leiden},
}

@InCollection{Gosturani1975,
  author    = {Gosturani, Xheladin},
  title     = {E folmja e {H}asit},
  booktitle = {Dialektologjia shqiptare 3},
  year      = {1975},
  editor    = {{Mahir Domi} and Gjinari, Jorgji and Shkurtaj, Gjovalin},
  publisher = {Akademia e Shkencave e RPS të Shqipërisë, Instituti i Gjuhësisë dhe i Letërsisë, Sektori i Gramatikës dhe i Dialektologjisë},
  pages     = {211--269},
  address   = {Tiranë},
}

@Article{Nowak_2002,
  author  = {Karen M. Page and Martin A. Nowak},
  title   = {Unifying Evolutionary Dynamics},
  journal = {Journal of Theoretical Biology},
  year    = {2002},
  volume  = {219},
  pages   = {93--98},
}

@Book{Gjinari2000,
  author    = {Gjinari, Jorgji and Shkurtaj, Gjovalin},
  title     = {Dialektologjia},
  year      = {2000},
  edition   = {Reprint},
  publisher = {Shtëpia Botuese e Librit Universitar},
  address   = {Tiranë},
}

@Book{Harms04,
  author    = {William F. Harms},
  title     = {Information and Meaning in Evolutionary Processes},
  year      = {2004},
  publisher = {Cambridge University Press},
  address   = {Cambridge},
}

@Article{Nowak_2001,
  author  = {Martin A. Nowak and Natalia L. Komarova and Partha Niyogi},
  title   = {Evolution of universal grammar},
  journal = {Science},
  year    = {2001},
  volume  = {291},
  pages   = {114--118},
}

@Book{blackmore99,
  author    = {Blackmore, Susan},
  title     = {The Meme Machine},
  date      = {1999},
  publisher = {Oxford University Press},
  location  = {Oxford},
}

@Article{Aalberse2015,
  author  = {Aalberse, Suzanne and Stoop, Wessel},
  title   = {The exceptional loss of the pronoun {T}},
  journal = {Journal of Pragmatics},
  year    = {2015},
  volume  = {88},
  pages   = {190--201},
}

@Book{kellogg93,
  author    = {Samuel H. Kellogg},
  title     = {{G}rammar of the {H}indi Language},
  year      = {1990 [1893]},
  edition   = {2},
  publisher = {Motilal Banarsidass},
  address   = {Delhi},
}

@Book{herbert1986,
  author    = {Herbert, Robert K},
  title     = {Language Universals, Markedness Theory, and Natural Phonetic Processes},
  year      = {1986},
  publisher = {Mouton de Gruyter},
  address   = {Berlin},
}

@Article{eggington10,
  author       = {Eggington, William G.},
  title        = {Towards accommodating the ‘tragedy of the commons’ effect in language policy development},
  journaltitle = {Current {I}ssues in {L}anguage {P}lanning},
  date         = {2010},
  volume       = {11},
  number       = {4},
  pages        = {360--370},
  doi          = {10.1080/14664208.2010.540076},
  publisher    = {Routledge},
}

@PhdThesis{rose-diss,
  author = {Rose, Phil},
  title  = {An acoustically based phonetic description of the syllable in the {Z}henhai dialect},
  year   = {1982},
  school = {University of Cambridge},
}

@Manual{saphon,
  author       = {Michael, Lev and Stark, Tammy and Clem, Emily and Chang, Will},
  title        = {{S}outh {A}merican phonological inventory database},
  year         = {2015},
  edition      = {v1.1.4},
  organization = {Survey of California and other Indian Languages Digital Resource, University of California, Berkeley},
}

@Article{magri2009,
  author  = {Giorgio Magri},
  title   = {A theory of individual-level predicates based on blind mandatory scalar implicatures},
  journal = {Natural Language Semantics},
  year    = {2009},
  volume  = {17},
  pages   = {245--297},
}

@Book{Kert1971,
  author    = {Kert, Georgij Martynovich},
  title     = {Saamskij jazyk},
  year      = {1971},
  publisher = {Nauka},
  address   = {Leningrad},
}

@InCollection{carlier13,
  author    = {Carlier, Anne},
  title     = {Grammaticalization in Progress in {Old} {French}: {Indefinite} Articles},
  booktitle = {Research on {Old} {French}: {The} state of the art},
  date      = {2013},
  editor    = {Arteaga, Deborah L.},
  publisher = {Springer},
  location  = {Dordrecht},
  pages     = {45--60},
}

@PhdThesis{chen-zm-diss,
  author = {Chen, Zhongmin},
  title  = {Studies on dialects in the {S}hanghai area: {T}heir phonological systems and historical developments},
  year   = {2007},
  school = {University of California, Berkeley},
}

@Article{haggard,
  author    = {Haggard, Mark},
  title     = {The devoicing of voiced fricatives},
  journal   = {Journal of Phonetics},
  year      = {1978},
  volume    = {6},
  number    = {2},
  pages     = {95--102},
  publisher = {Elsevier Science},
}

@Book{croft00,
  author    = {William Croft},
  title     = {Explaining Language Change},
  year      = {2000},
  publisher = {Longman},
  address   = {New York},
}

@Book{Eisenberg2013a,
  author    = {Eisenberg, Peter},
  title     = {{Grundriss} der deutschen {Grammatik}, vol. 1: {D}as {Wort}},
  year      = {2013},
  edition   = {4},
  publisher = {Metzler},
  address   = {Stuttgart},
}

@Book{Eisenberg2013b,
  author    = {Eisenberg, Peter},
  title     = {{Grundriss} der deutschen {Grammatik}, vol. 2: {{D}}er {Satz}},
  year      = {2013},
  edition   = {4},
  publisher = {Metzler},
  address   = {Stuttgart},
}

@InBook{Ohala1993phonetics,
  author    = {Ohala, John J.},
  title     = {The phonetics of sound change},
  booktitle = {Historical linguistics: {P}roblems and perspectives},
  year      = {1993},
  editor    = {Jones, Charles},
  publisher = {Longman},
  pages     = {237-278},
  address   = {London},
  ids       = {ohala93},
}

@Book{Trudgill_2011,
  author    = {Peter Trudgill},
  title     = {Sociolinguistic Typology: {S}ocial Determinants of Linguistic Structure and Complexity},
  year      = {2011},
  publisher = {Basil Blackwell},
  address   = {Oxford},
  ids       = {Trudgill2011},
}

@Book{Aixinjueluo2014,
  author    = {{Aixinjueluo Yingsheng}},
  title     = {Manyu kouyu yindian},
  year      = {2014},
  publisher = {Huayi chubanshe},
  address   = {Peking},
}

@Book{Ikegami1997,
  author    = {Ikegami, Jir\=o},
  title     = {Uirutago jiten},
  year      = {1997},
  publisher = {Hokkaid\=o University Press},
  address   = {Sapporo},
}

@Book{AvrorinBoldyrev2001,
  author    = {Avrorin, Valentin A. and Boris V. Boldyrev},
  title     = {Grammatika oročskogo jazyka},
  year      = {2001},
  publisher = {Izdat},
  address   = {Novosibirsk},
}

@Book{Hilpert2008,
  author    = {Hilpert, Martin},
  title     = {{Germanic} future constructions: {{A}} usage-based approach to language change},
  year      = {2008},
  series    = {Constructional Approaches to Language},
  number    = {7},
  publisher = {John Benjamins},
  address   = {Amsterdam},
}

@Article{jaeger08stability,
  author  = {Jäger, Gerhard},
  title   = {Evolutionary stability conditions for signaling games with costly signals},
  journal = {Journal of Theortical Biology},
  year    = {2008},
  volume  = {253},
  number  = {1},
  pages   = {131--141},
}

@Article{RitterWiltschko2014,
  author  = {Ritter, Elizabeth and Martina Wiltschko},
  title   = {The composition of {INFL}: {A}n exploration of tense, tenseless languages, and tenseless constructions.},
  journal = {Natural Language and Linguistic Theory},
  year    = {2014},
  volume  = {32},
  number  = {4},
  pages   = {1331–1386},
}

@Article{Saul2016,
  author  = {Saul, Stephanie},
  title   = {Campuses cautiously train freshmen against subtle insults},
  journal = {The New York Times},
  year    = {2016},
  url     = {https://www.nytimes.com/2016/09/07/us/campuses-cautiously-train-freshmen-against-subtle-insults.html?_r=0},
  urldate = {2018-04-26},
}

@Article{Shirokogoroff1931,
  author  = {Shirokogoroff},
  title   = {Notes on the bilabialization and aspiration of the vowels in the {T}ungus languages},
  journal = {Rocznik Orientalistyczny},
  year    = {1931},
  volume  = {7},
  pages   = {235-263},
}

@Article{trudgill,
  author    = {Trudgill, Peter},
  title     = {Linguistic change and diffusion: Description and explanation in sociolinguistic dialect geography},
  journal   = {{Language in Society}},
  year      = {1974},
  volume    = {3},
  number    = {2},
  pages     = {215--246},
  publisher = {Cambridge University Press},
}

@Book{Givón1990,
  author    = {Givón, Talmy},
  title     = {Syntax: {{A}} functional-typological introduction, vol. 2},
  year      = {1990},
  publisher = {Benjamins},
  address   = {Amsterdam},
  sortname  = {Givon, Talmy},
}

@Book{Vasilevich1958,
  author    = {Vasilevič, Glafira M.},
  title     = {Ėvenkijsko-russkij slovar'},
  year      = {1958},
  publisher = {Gosudarstvennoe Izdat. Inostrannych i Nacionalnych Slovarej},
  address   = {Moscow},
}

@Article{MassaroCohen1983,
  author  = {Massaro, Dominic W. and Cohen, Michael M.},
  title   = {Consonant/vowel ratio: {A}n improbable cue in speech},
  journal = {Perception and Psychophysics},
  year    = {1983},
  volume  = {33},
  pages   = {501},
}

@Book{Zuniga2006,
  author    = {Zú{\~n}iga, Fernando},
  title     = {Deixis and alignment: {I}nverse systems in indigenous languages of the {Americas}},
  year      = {2006},
  publisher = {John Benjamins},
  address   = {Amsterdam},
}

@Book{Blake2001,
  author    = {Barry J. Blake},
  title     = {Case},
  year      = {2001},
  publisher = {Cambridge University Press},
  address   = {Cambridge},
}

@Book{Jespersen_1922,
  author    = {Otto Jespersen},
  title     = {Language: {I}ts Nature, Development and Origin},
  year      = {1922},
  volume    = {II},
  publisher = {Cambridge University Press},
  address   = {London},
}

@Article{Corbett2007,
  author  = {Corbett, Greville G.},
  title   = {Canonical typology, suppletion, and possible words},
  journal = {Language},
  year    = {2007},
  volume  = {83},
  number  = {1},
  pages   = {8--42},
}

@Article{Hengeveld2012,
  author  = {Hengeveld, Kees and Maria Luiza Braga and Elisiene de Melo Barbosa and Jaqueline Silveira Coriolano and Juliana Jezuino da Costa and Mariana de Souza Martins and Diego Leite de Oliveira and Vinicius Maciel de Oliveira and Luana Gomes Pereira and Liliane Santana and Cassiano Luiz do Carmo Santos and Viviane {dos Ramos Soares}},
  title   = {Semantic categories in the indigenous languages of {Brazil}},
  journal = {{Functions of Language}},
  year    = {2012},
  volume  = {19},
  number  = {1},
  pages   = {38–57},
}

@InCollection{bybee-gram1994,
  author    = {Joan Bybee},
  title     = {The grammaticization of zero: {A}symmetries in tense and aspect systems},
  booktitle = {Perspectives on grammaticalization},
  year      = {1994},
  editor    = {William Pagliuca},
  publisher = {John Benjamins},
  pages     = {235--254},
  address   = {Amsterdam},
}

@Proceedings{MiestamoEtAl2008,
  title     = {Language complexity: {T}ypology, contact, change},
  year      = {2008},
  editor    = {Matti Miestamo and Kaius Sinnemäki and Fred Karlsson},
  publisher = {Benjamins},
  address   = {Amsterdam},
}

@InCollection{jaeger_2006,
  author    = {Gerhard Jäger},
  title     = {Convex Meanings and Evolutionary Stability},
  booktitle = {Proceedings of the 6th {I}nternational {C}onference on the {E}volution of {L}anguage ({E}volang 11)},
  year      = {2006},
  editor    = {Angelo Cangelosi and Andrew D. M. Smith and Kenny Smith},
  pages     = {139--144},
}

@Book{bybee94,
  author    = {Bybee, Joan and Perkins, Revere and Pagliuca, William},
  title     = {The evolution of grammar: {T}ense, aspect and modality in the languages of the world},
  date      = {1994},
  publisher = {University of Chicago Press},
  location  = {Chicago},
}

@Article{nishiyama10,
  author       = {Nishiyama, Atsuko and Koenig, Jean-Pierre},
  title        = {What is a perfect state?},
  journaltitle = {Language},
  date         = {2010},
  volume       = {86},
  number       = {3},
  pages        = {611--646},
  doi          = {10.1353/lan.2010.0014},
}

@Book{McMahon_1994,
  author    = {April McMahon},
  title     = {Understanding language change},
  year      = {1994},
  publisher = {Cambridge University Press},
  address   = {Cambridge},
}

@Book{Feist2015,
  author    = {Feist, Timothy},
  title     = {A grammar of {Skolt Saami}.},
  year      = {2015},
  series    = {Suomalais-Ugrilaisen Seuran Toimituksia 273},
  publisher = {Suomalais-Ugrilainen Seura},
  address   = {Helsinki},
}

@Book{Ling1934,
  author    = {{Ling Chunsheng}},
  title     = {Songhuajiang xiayou de hezhezu},
  year      = {1934},
  publisher = {Guoli zhongyang yanjiuyuan lishi yuyan yanjiusuo},
  address   = {Nanjing},
}

@Book{Janhunen1991,
  author    = {Janhunen, Juha},
  title     = {Material on {M}anchurian {K}hamnigan {E}venki},
  year      = {1991},
  publisher = {University of Helsinki},
  address   = {Helsinki},
}

@InCollection{Montgomery1992,
  author    = {Montgomery, Michael},
  title     = {The etymology of \textit{y'all}},
  booktitle = {Old {E}nglish and New},
  year      = {1992},
  editor    = {Hall, Joan H. and Doane, Nick and Ringer, Dick},
  publisher = {Garland},
  pages     = {356--369},
  address   = {New York},
}

@Book{Assenova2002,
  author    = {Assenova, Petja},
  title     = {Balkansko ezikoznanie: {O}snovni problemi na balkanskija ezikov săjuz},
  year      = {2002},
  publisher = {Faber},
  address   = {Sofia},
}

@Book{Howe1996,
  author    = {Howe, Stephen},
  title     = {The personal pronouns in the {G}ermanic languages},
  year      = {1996},
  number    = {43},
  series    = {Studia linguistica Germanica},
  publisher = {{De Gruyter}},
  address   = {Berlin},
}

@Book{qian-change,
  author    = {Qian, Nairong},
  title     = {Sh\`angh\v{a}i y\v{u}yán f\=azh\v{a}n sh\v{\i} [{H}istory of {S}hanghainese language change]},
  year      = {2003},
  publisher = {Sh\`angh\v{a}i r\'enm\'{\i}n ch\=ub\v{a}nsh\`e [Shanghai People's Press]},
}

@Book{Kornfilt1997,
  author    = {Kornfilt, Jaklin},
  title     = {{Turkish}},
  year      = {1997},
  series    = {Descriptive Grammars},
  publisher = {Routledge},
  address   = {London},
}

@Article{Audring2017,
  author    = {Audring, Jenny},
  title     = {Calibrating complexity: {H}ow complex is a gender system?},
  journal   = {Language Sciences},
  year      = {2017},
  volume    = {60},
  pages     = {53--68},
  publisher = {Elsevier},
}

@Book{Cincius1949,
  author    = {Cincius, Vera I.},
  title     = {Sravnitel’naja fonetika tunguso-man’čžurskich jazykov},
  year      = {1949},
  publisher = {Nauka},
  address   = {Leningrad},
}

@Article{schaden12a,
  author       = {Schaden, Gerhard},
  title        = {Modelling the aoristic drift of the present perfect as inflation: {An} essay in historical pragmatics},
  journaltitle = {International Review of Pragmatics},
  date         = {2012},
  volume       = {4},
  pages        = {261--292},
}

@Misc{OED,
  title = {OED = Oxford English Dictionary},
  url   = {http.www.oed.com},
}

@InCollection{NicholsPeterson2013,
  author    = {Nichols, Johanna and Peterson, David A.},
  title     = {{m-T} pronouns},
  booktitle = {The World Atlas of Language Structures Online},
  year      = {2013},
  editor    = {Dryer, Matthew and Haspelmath, Martin},
  publisher = {Max Planck Institute for Evolutionary Anthropology},
  url       = {http://wals.info/chapter/136},
  address   = {Leizpig},
}

@Book{blevins2004,
  author    = {Juliette Blevins},
  title     = {Evolutionary Phonology: {T}he emergence of sound patterns},
  year      = {2004},
  publisher = {Cambridge University Press},
  address   = {Cambridge}
}

@Book{Bybee2015,
  author    = {Bybee, Joan},
  title     = {Language change},
  year      = {2015},
  publisher = {Cambridge University Press},
  address   = {Cambridge},
}

@Article{Hofbauer_2003,
  author  = {Josef Hofbauer and Karl Sigmund},
  title   = {Evolutionary game dynamics},
  journal = {Bulletin of the American Mathematical Society},
  year    = {2003},
  volume  = {40},
  number  = {4},
  pages   = {479--519},
}

@Article{zhao-anhui,
  author  = {Zhao, Rixin},
  title   = {\=Anhu\={\i} sh\v{e}ng de h\`any\v{u} fángy\v{a}n [{A}n Introduction of the {C}hinese dialects in {A}nhui Province]},
  journal = {Fángy\v{a}n [Dialect]},
  year    = {2008},
  number  = {4},
  pages   = {361--368},
}

@InCollection{Zsiga2018,
  author        = {Zsiga, Elizabeth},
  title         = {In favor of [fortis]: {E}vidence from {S}etswana and {S}ebirwa},
  booktitle     = {Proceedings of the 2017 {A}nnual {M}eeting on {P}honology},
  year          = {2018},
  editor        = {Gallagher, Gillian and Gouskova, Maria and Heng Yin, Sora},
  publisher     = {Linguistic Society of America},
  address       = {Washington, DC},
}

@Book{Lenz1920,
  author    = {Lenz, Rodolfo},
  title     = {La oración y sus partes},
  year      = {1920},
  publisher = {Centro de Estudios Históricos},
  address   = {Madrid},
}

@Article{Rothstein2013b,
  author   = {Rothstein, Björn},
  title    = {Doppeltes {Futur} im {D}eutschen? {{{E}}}rgebnisse aus einem {K}urzfragebogen},
  journal  = {Deutsch als Fremdsprache},
  year     = {2013},
  volume   = {50},
  number   = {4},
  pages    = {215--221},
  sortname = {Rothstein, Bjorn},
}

@Article{Rothstein2013a,
  author   = {Rothstein, Björn},
  title    = {Belege mit doppeltem {Futur} im {D}eutschen? {{{E}}}rgebnisse einer {I}nternetrecherche},
  journal  = {Sprachwissenschaft},
  year     = {2013},
  volume   = {38},
  number   = {1},
  pages    = {101--119},
  sortname = {Rothstein, Bjorn},
}

@Book{Chaoke2007,
  author    = {Chaoke, D. O.},
  title     = {Nanmu elunchunyu yanjiu},
  year      = {2007},
  publisher = {Minzu chubanshe},
  address   = {Peking},
}

@Article{petre2013,
  author  = {Peter Petré},
  title   = {On the distribution and merger of \emph{is} and \emph{bið} in {Old} and {Middle} {English}},
  journal = {Transactions of the Philological Society},
  year    = {2013},
  volume  = {111},
  pages   = {301--325},
  doi     = {10.1111/j.1467-968X.2012.01320.x},
}

@Article{Hopper1980,
  author  = {Hopper, Paul J. and Thompson, Sandra A.},
  title   = {Transitivity in Grammar and Discourse},
  journal = {Language},
  year    = {1980},
  volume  = {56},
  number  = {2},
  pages   = {251--299},
}

@Book{Braune_2004,
  author    = {Wilhelm Braune},
  title     = {Althochdeutsche {G}rammatik {I}: {L}aut- und {F}ormenlehre, edited by {I}ngo {R}eiffenstein},
  year      = {2004},
  edition   = {15},
  publisher = {Niemeyer},
  address   = {Tübingen},
}

@InCollection{Hudak2018,
  author    = {Hudak, Thomas J.},
  title     = {{Thai}},
  booktitle = {The world’s major languages},
  year      = {2018},
  editor    = {Bernard Comrie},
  edition   = {3},
  publisher = {Routledge},
  pages     = {679–695},
  address   = {London},
}

@Article{Rozycki1993,
  author  = {Rozycki, William},
  title   = {A problem in {P}roto-{T}ungus reconstruction: {T}he phoneme *k’-},
  journal = {Ural-Altaische Jahrbücher},
  year    = {1993},
  volume  = {12},
  pages   = {203--212},
}

@Book{Wales1996,
  author    = {Wales, Katie},
  title     = {Personal pronouns in present-day {E}nglish},
  year      = {1996},
  publisher = {Cambridge University Press},
  address   = {Cambridge},
}

@Article{connell,
  author    = {Connell, Bruce},
  title     = {Mambila fricative vowels and {B}antu spirantisation},
  journal   = {Africana Linguistica},
  year      = {2007},
  volume    = {13},
  pages     = {7--31},
  publisher = {Royal Museum of Central Africa, Tervuren},
}

@Article{Mackenzie2009,
  author  = {Mackenzie, J. Lachlan},
  title   = {Content interrogatives in a sample of 50 languages},
  journal = {Lingua},
  year    = {2009},
  volume  = {119},
  number  = {8},
  pages   = {1131--1163},
}

@Book{Postal_1968,
  author    = {Paul M. Postal},
  title     = {Aspects of Phonological Theory},
  year      = {1968},
  publisher = {Harper \& Row},
  address   = {New York},
}

@PhdThesis{Heelas1979,
  author  = {Heelas, Richard},
  title   = {The social organization of the {P}anara, a {G}e tribe of {C}entral {B}razil},
  year    = {1979},
  address = {Oxford},
  school  = {University of Oxford},
}

@Book{spencer1875,
  author    = {Herbert Spencer},
  title     = {The Principles of Biology},
  year      = {1875},
  publisher = {Appleton},
  address   = {New York},
}

@Article{Givón1971,
  author  = {Givón, Talmy},
  title   = {Historical syntax and synchronic morphology: {A}n archaeologist's field trip},
  journal = {Chicago Linguistic Society},
  year    = {1971},
  volume  = {7},
  pages   = {394-415},
}

@PhdThesis{Estevam2011,
  author        = {Estevam, Adriana M.},
  title         = {Morphosyntaxe du {Xavante}},
  year          = {2011},
  address       = {Paris},
  school        = {Université Paris Diderot (Paris 7)},
}

@Article{Aissen2003,
  author  = {Aissen, Judith},
  title   = {Differential Object Marking: {I}conicity vs. Economy},
  journal = {Natural Language {\&} Linguistic Theory},
  year    = {2003},
  volume  = {21},
  number  = {3},
  pages   = {435--483},
}

@Book{Zipf49,
  author    = {George K. Zipf},
  title     = {Human behavior and the principle of least effort},
  year      = {1949},
  publisher = {Addison-Wesley},
  address   = {Cambridge, MA},
}

@Article{sole-fric,
  author    = {Solé, Maria-Josep},
  title     = {Effects of syllable position on sound change: {A}n aerodynamic study of final fricative weakening},
  journal   = {Journal of Phonetics},
  year      = {2010},
  volume    = {38},
  number    = {2},
  pages     = {289--305},
  publisher = {Elsevier},
}

@PhdThesis{Schwartzman1988,
  author  = {Schwartzman, Stephen},
  title   = {The {P}anara of the {X}ingu {N}ational {P}ark: {T}he transformation of a society},
  year    = {1988},
  address = {Chicago},
  school  = {University of Chicago},
}

@InCollection{ettl07,
  author    = {Ettlinger, Marc},
  title     = {An exemplar-based model of chain shifts},
  booktitle = {Proceedings of {ICPhS} 16},
  year      = {2007},
  editor    = {Trouvain, Jürgen and Barry, William J.},
  pages     = {685--688},
  url       = {http://www.icphs2007.de/},
  urldate   = {2022-03-16},
}

@Book{Schallert2014,
  author    = {Schallert, Oliver},
  title     = {Zur {Syntax} der {Ersatzinfinitivkonstruktion}: {Typologie} und {Variation}},
  year      = {2014},
  series    = {Studien zur deutschen Grammatik},
  number    = {87},
  publisher = {Stauffenburg},
  address   = {Tübingen},
}

@Book{Norman2010,
  author    = {Norman, Donald A.},
  title     = {Living with complexity},
  year      = {2010},
  publisher = {The MIT Press},
  address   = {London},
}

@InCollection{Silverstein1976,
  author    = {Michael Silverstein},
  title     = {Hierarchy of features and ergativity},
  booktitle = {Grammatical Categories in {A}ustralian Languages},
  year      = {1976},
  editor    = {R. M. W. Dixon},
  publisher = {Australian Institute of Aboriginal Studies},
  pages     = {112--171},
  address   = {Canberra},
}

@Article{Jettmar1937,
  author  = {Jettmar, H. M.},
  title   = {Der {S}tamm der oberen {G}olden ({D}ie {S}ungari-{U}ssuri {G}ruppe)},
  journal = {Mitteilungen der Anthropologischen Gesellschaft in Wien},
  year    = {1937},
  volume  = {67(5/6)},
  pages   = {245--276},
}

@Book{Erb2001,
  author    = {Erb, Marie Ch},
  title     = {Finite auxiliaries in {German}},
  year      = {2001},
  publisher = {Katholieke Universiteit Brabant Dissertation},
  address   = {Tilburg},
}

@Book{AnJun1986,
  author    = {{An Jun}},
  title     = {Hezheyu jianzhi},
  year      = {1986},
  publisher = {Minzu chubanshe},
  address   = {Peking},
}

@Article{dayal2004,
  author  = {Veneeta Dayal},
  title   = {Number marking and (in)definiteness in kind terms},
  journal = {Linguistics and Philosophy},
  year    = {2004},
  volume  = {27},
  number  = {4},
  pages   = {393--450},
}

@InCollection{Corbett2013,
  author    = {Corbett, Greville G.},
  title     = {Canonical morphosyntactic features},
  booktitle = {Canonical Morphology and Syntax},
  year      = {2013},
  editor    = {Dunstan Brown and Marina Chumakina and Greville Corbett},
  publisher = {Oxford University Press},
  pages     = {48--65},
  address   = {Oxford},
}

@Article{Corbett2015,
  author    = {Corbett, Greville G.},
  title     = {Morphosyntactic complexity: {A} typology of lexical splits},
  journal   = {Language},
  year      = {2015},
  volume    = {91},
  number    = {1},
  pages     = {145--193},
  publisher = {Linguistic Society of America},
}

@Book{Norman2013,
  author    = {Norman, Jerry},
  title     = {A comprehensive {M}anchu-{E}nglish dictionary},
  year      = {2013},
  publisher = {Harvard University Asia Center},
  address   = {Cambridge},
}

@Article{Corbett2016,
  author  = {Corbett, Greville G. and Fedden, Sebastian},
  title   = {Canonical gender},
  journal = {Journal of Linguistics},
  year    = {2016},
  volume  = {52},
  pages   = {495--531},
}

@Book{Grube1900,
  author    = {Grube, Wilhelm},
  title     = {Goldisch-deutsches {W}örterverzeichnis},
  year      = {1900},
  publisher = {Bei den Commissionaren der Kaiserlichen Akademie der Wissenschaften},
  address   = {Sankt Petersburg},
}

@InCollection{Hope1994,
  author    = {Hope, Jonathan},
  title     = {The use of \textit{thou} and \textit{you} in {E}arly {M}odern spoken {E}nglish: {E}vidence from depositions in the {D}urham ecclesiastical court records},
  booktitle = {Studies in {E}arly {M}odern {E}nglish},
  year      = {1994},
  editor    = {Kastovsky, Dieter},
  publisher = {De Gruyter Mouton},
  pages     = {141--152},
  address   = {Berlin},
}

@Article{samuelson54,
  author       = {Samuelson, Paul A.},
  title        = {The Pure Theory of Public Expenditure},
  journaltitle = {The Review of Economics and Statistics},
  date         = {1954},
  volume       = {36},
  number       = {4},
  pages        = {387--389},
}

@Article{hou-hefei,
  author  = {Hou, Chao},
  title   = {H\'ef\'ei fángy\v{a}n d\`ai m\'oc\=a yuány\={\i}n [\zz{}] de sh\'{\i}y\`an yánji\={u} [{A}n experimental study on [\zz{}] in {H}\'ef\'ei dialect]},
  journal = {Nánj\={\i}ng sh\={\i}f\`{a}n d\`{a}xué w\'enxu\'e yu\`an xuéb\`{a}o [Journal of School of Chinese Language and Culture, Nanjing Normal University]},
  year    = {2009},
  number  = {1},
  pages   = {172--77},
}

@Article{Shkurtaj1967,
  author  = {Shkurtaj, Gjovalin},
  title   = {E folmja e {K}astratit},
  journal = {Studime filologjike},
  year    = {1967},
  volume  = {3},
  pages   = {47--66},
  address = {Tiran},
}

@Article{qian-shen,
  author    = {Qian, Nairong and Shen, Zhongwei},
  title     = {The changes in the {S}hanghai dialect},
  journal   = {Journal of Chinese Linguistics Monograph Series},
  year      = {1991},
  number    = {3},
  pages     = {375--425},
  publisher = {Chinese University Press},
}

@Book{Alhoniemi1993,
  author    = {Alhoniemi, Alho},
  title     = {Grammatik des {Tscheremissischen} ({Mari}): {Mit} {Texten} und {Glossar}},
  year      = {1993},
  publisher = {Buske},
  address   = {Hamburg},
}

@Book{hessostrom07,
  title     = {Understanding knowledge as a commons: {F}rom theory to practice},
  date      = {2007},
  editor    = {Hess, Charlotte and Ostrom, Elinor},
  publisher = {MIT Press},
  location  = {Cambridge, MA},
}

@Article{Diessel2003,
  author  = {Diessel, Holger},
  title   = {The relationship between demonstratives and interrogatives},
  journal = {Studies in Language},
  year    = {2003},
  volume  = {27},
  number  = {3},
  pages   = {635-655},
}

@Article{Pani2006,
  author  = {Pani, Pandeli},
  title   = {Some differences between varieties of {A}lbanian with special reference to {K}osovo},
  journal = {International Journal of the Sociology of Language},
  year    = {2006},
  volume  = {178},
  pages   = {55--73},
}

@Article{Fagyal10,
  author  = {Zsuzsanna Fagyal and Samarth Swarup and Anna Maria Escobar and Les Gasser and Kiran Lakkaraju},
  title   = {Center and peripheries: {N}etwork Roles in Language Change},
  journal = {Lingua},
  year    = {2010},
  volume  = {120},
  pages   = {2061--2079},
}

@Misc{Cysouw2005,
  author = {Cysouw, Michael},
  title  = {The typology of content interrogatives},
  year   = {2005},
  note   = {Paper presented at Assiociation for Linguistic Typology, 21–25 July 2005, Padang},
  volume = {6},
}

@Article{zhu-high,
  author  = {Zhu, Xiaonong},
  title   = {H\`any\v{u} yuány\'{\i}n de g\=ao d\v{\i}ng ch\=u w\`ei [{S}ound changes of high vowels in {C}hinese dialects]},
  journal = {Zh\=onggu\'o Y\v{u}w\'en},
  year    = {2004},
  number  = {5},
  pages   = {440--51},
}

@Book{bourke11,
  author    = {Bourke, Andrew F. G.},
  title     = {Principles of Social Evolution},
  date      = {2011},
  publisher = {Oxford University Press},
  location  = {Oxford},
}

@Book{koerner,
  editor    = {Koerner, Konrad},
  title     = {Linguistics and Evolutionary Theory: {Three} Essays},
  year      = {1983},
  publisher = {John Benjamins},
  address   = {Amsterdam},
}

@Book{Xromov1972,
  author        = {Xromov, Al'bert},
  title         = {Jagnobskij jazyk},
  year          = {1972},
  publisher     = {Nauka},
  address       = {Moscow},
}

@Article{Hróarsdóttir_2009,
  author  = {Þorbjörg Hróarsdóttir},
  title   = {Notes on language change and grammar change},
  journal = {Working Papers in Scandinavian Syntax},
  year    = {2009},
  volume  = {83},
  pages   = {103--140},
}

@Book{maddieson1984,
  author    = {Maddieson, Ian},
  title     = {Patterns of Sounds},
  year      = {1984},
  publisher = {Cambridge University Press},
  address   = {Cambridge},
}

@Article{Bossong1991,
  author  = {Bossong, Georg},
  title   = {Differential object marking in {R}omance and beyond},
  journal = {New analyses in Romance linguistics: Selected papers from the XVIII Linguistic Symposium on Romance Languages, Urbana-Champaign, April},
  year    = {1991},
  pages   = {143--170},
}

@Book{Burnley1983,
  author    = {Burnley, David},
  title     = {A guide to {C}haucer's language},
  year      = {1983},
  publisher = {Macmillan},
  address   = {London},
}

@Article{Heath1998,
  author    = {Heath, Jeffrey},
  title     = {Pragmatic skewing in 1 ↔ 2 pronominal combinations in {N}ative {A}merican languages},
  journal   = {International Journal of American Linguistics},
  year      = {1998},
  volume    = {64},
  number    = {2},
  pages     = {83--104},
  publisher = {University of Chicago Press},
}

@InCollection{Heath1991,
  author    = {Heath, Jeffrey},
  title     = {Pragmatic disguise in pronominal-affix paradigms},
  booktitle = {Paradigms: The economy of inflection},
  year      = {1991},
  editor    = {Plank, Frans},
  publisher = {Mouton de Gruyter},
  pages     = {75--89},
  address   = {Berlin},
  journal   = {Paradigms: The economy of inflection},
}

@PhdThesis{mahapatra2009,
  author = {Bibhuti B. Mahapatra},
  title  = {Stage-level vs. individual-level predicates and the four copulas in {O}dia},
  year   = {2009},
  school = {Central Institute of Indian and Foreign Languages, Hyderabad, India},
}

@Article{Cysouw2007,
  author  = {Cysouw, Michael},
  title   = {Content interrogatives in {{P}}ichis {{A}}shéninca: {{C}}orpus study and typological comparison},
  journal = {International Journal of American Linguistics},
  year    = {2007},
  volume  = {73},
  number  = {2},
  pages   = {133--163},
}

@InCollection{Pater2001,
  author    = {Pater, Joe},
  title     = {Austronesian Nasal Substitution Revisited},
  booktitle = {Segmental phonology in {Optimality Theory}: {C}onstraints and representations},
  year      = {2001},
  editor    = {Lombardi, Linda},
  publisher = {Cambridge University Press},
  pages     = {159--182},
  address   = {Cambridge},
}

@Article{deo2012,
  author  = {Ashwini Deo},
  title   = {The imperfective--perfective contrast in {Middle Indic}},
  journal = {Journal of South Asian Linguistics},
  year    = {2012},
  volume  = {5},
  pages   = {3--33},
}

@Article{Veelen_2011,
  author  = {Matthijs van Veelen},
  title   = {The replicator dynamics with \textit{n} players and population structure},
  journal = {Journal of Theoretical Biology},
  year    = {2011},
  volume  = {276},
  number  = {1},
  pages   = {78--85},
}

@Article{kingston-diehl,
  author    = {Kingston, John and Diehl, Randy L.},
  title     = {Phonetic knowledge},
  journal   = {Language},
  year      = {1994},
  volume    = {70},
  number    = {3},
  pages     = {419--454},
  publisher = {Linguistic Society of America},
}

@Book{planer-sterelny2021,
  author    = {Planer, Ronald J. and Sterelny, Kim},
  title     = {From signal to symbol},
  year      = {2021},
  subtitle  = {{T}he evolution of language},
  publisher = {The MIT Press},
  address   = {Cambridge, MA},
}

@Book{CohnRiehl2012,
  author        = {Cohn, Abigail C. and Riehl, Anastasia K.},
  title         = {The internal structure of nasal-stop sequences: Evidence from {Austronesian}},
  series     = {Cornell working papers in phonetics and phonology},
  year          = {2012},
  editor        = {Butler, Becky and Renwick, Margaret E. L.},
  number        = {3},
  address       = {Ithaca, NY},
}

@Article{baum-larson,
  author    = {Baum, David A. and Larson, Allan},
  title     = {Adaptation reviewed: {A} phylogenetic methodology for studying character macroevolution},
  journal   = {Systematic Biology},
  year      = {1991},
  volume    = {40},
  number    = {1},
  pages     = {1--18},
  publisher = {Society of Systematic Biologists},
}

@Book{Bossong1985,
  author    = {Georg Bossong},
  title     = {Differentielle {O}bjektmarkierung in den neuiranischen {S}prachen},
  year      = {1985},
  publisher = {Gunter Narr},
  address   = {Tübingen},
}

@InCollection{faytak-icphs,
  author    = {Faytak, Matthew and Lin, Susan},
  title     = {Articulatory variability and fricative noise in {S}tandard {M}andarin apical vowels},
  booktitle = {Proceedings of {ICPhS} 18},
  year      = {2015},
  url       = {https://www.internationalphoneticassociation.org/icphs-proceedings/ICPhS2015/Papers/ICPHS0516.pdf},
  urldate   = {2022-03-16},
}

@Book{Aitchison_2001,
  author    = {Jean Aitchison},
  title     = {Language Change: {P}rogress or Decay?},
  year      = {2001},
  publisher = {Cambridge University Press},
  address   = {Cambridge},
}

@PhdThesis{Riehl2008,
  author        = {Riehl, Anastasia K.},
  title         = {The phonology and phonetics interface of nasal obstruent sequences},
  year          = {2008},
  address       = {Ithaca, NY},
  date-added    = {2018-05-22 08:36:36 +0000},
  date-modified = {2018-05-22 08:37:25 +0000},
  school        = {Cornell University},
}

@Book{williams92,
  author    = {Williams Jackson, Abraham V.},
  title     = {An {Avesta} Grammar in Comparison with {Sanskrit}},
  year      = {1892},
  publisher = {Kohlhammer},
  address   = {Stuttgart},
}

@Article{Hunter:2007,
  author    = {Hunter, J. D.},
  title     = {Matplotlib: {A} 2D graphics environment},
  journal   = {Computing in {S}cience \& {E}ngineering},
  year      = {2007},
  volume    = {9},
  number    = {3},
  pages     = {90--95},
  doi       = {10.1109/MCSE.2007.55},
  publisher = {IEEE COMPUTER SOC},
}

@Article{chen-gussenhoven,
  author    = {Chen, Yiya and Gussenhoven, Carlos},
  title     = {Shanghai {Chinese}},
  journal   = {Journal of the International Phonetic Association},
  year      = {2015},
  volume    = {45},
  number    = {3},
  pages     = {321--337},
  publisher = {Cambridge University Press},
}

@Book{ostrom90,
  author    = {Ostrom, Elinor},
  title     = {Governing the Commons},
  date      = {1990},
  subtitle  = {The Evolution of Institutions for Collective Action},
  publisher = {Cambridge University Press},
  location  = {Cambridge},
}

@InCollection{Svantesson2003,
  author    = {Svantesson, Jan-Olof},
  title     = {Khalkha},
  booktitle = {The {M}ongolic languages},
  year      = {2003},
  editor    = {Janhunen, Juha},
  publisher = {Routledge},
  pages     = {154--173},
  address   = {London},
  journal   = {The mongolic languages},
}

@Book{masica91,
  author    = {Colin P. Masica},
  title     = {The {I}ndo-{A}ryan Languages},
  year      = {1991},
  series    = {Cambridge Language Surveys},
  publisher = {Cambridge University Press},
  address   = {Cambridge},
}

@Article{nikitina18,
  author       = {Nikitina, Tatiana},
  title        = {When Linguists and Speakers Do Not Agree: {The} Endangered Grammar of Verbal Art in {West} {Africa}},
  journaltitle = {Journal of {L}inguistic {A}nthropology},
  date         = {2018},
  volume       = {28},
  number       = {2},
  pages        = {197--220},
}

@Book{Heath1999,
  author    = {Heath, Jeffrey},
  title     = {A grammar of {Koyra Chiini}: {{T}}he {Songhay} of {Timbuktu}},
  year      = {1999},
  series    = {Mouton Grammar Library},
  number    = {19},
  publisher = {De Gruyter Mouton},
  address   = {Berlin},
}

@Article{hendry-gonzalez,
  author    = {Hendry, Andrew P and Gonzalez, Andrew},
  title     = {Whither adaptation?},
  journal   = {Biology \& Philosophy},
  year      = {2008},
  volume    = {23},
  number    = {5},
  pages     = {673},
  publisher = {Springer},
}

@InCollection{Heine1995,
  author    = {Heine, Bernd},
  title     = {On the {G}erman \textit{werden} future},
  booktitle = {Discourse grammar and typology: {P}apers in honor of {W}. {M}. {V}erhaar},
  year      = {1995},
  editor    = {Werner Abraham and Talmy Givón and Sandra A. Thompson},
  series    = {{S}tudies in {L}anguage {C}ompanion {S}eries},
  number    = {27},
  publisher = {John Benjamins},
  pages     = {119–138},
  address   = {Amsterdam},
}

@Book{Kibrik2011,
  author    = {Kibrik, Andrej A.},
  title     = {Reference in discourse},
  year      = {2011},
  publisher = {Oxford University Press},
  address   = {Oxford},
}

@Article{Blythe_2012,
  author  = {Richard A. Blythe},
  title   = {Neutral evolution: {A} null model for language dynamics},
  journal = {Advances in Complex Systems},
  year    = {2012},
  volume  = {15},
  pages   = {1150015},
}

@Book{Leafgren2002,
  author    = {Leafgren, John},
  title     = {Degrees of explicitness: {I}nformation structure and the packaging of {B}ulgarian subjects and objects},
  year      = {2002},
  publisher = {John Benjamins},
  address   = {Amsterdam},
  keywords  = {Bulgarisch, Informationsstruktur, Strukturelle Syntax},
}

@Book{martinet_1962,
  author    = {Andr\'e Martinet},
  title     = {A Functional View of Language},
  year      = {1962},
  publisher = {Clarendon Press},
  address   = {Oxford},
}

@Article{stevens-fricative,
  author    = {Stevens, Kenneth N. and Blumstein, Sheila E. and Glicksman, Laura and Burton, Martha and Kurowski, Kathleen},
  title     = {Acoustic and perceptual characteristics of voicing in fricatives and fricative clusters},
  journal   = {The Journal of the Acoustical Society of America},
  year      = {1992},
  volume    = {91},
  number    = {5},
  pages     = {2979--3000},
  publisher = {ASA},
}

@Book{GregoresSuárez1967,
  author    = {Gregores, Emma and Jorge A. Suárez},
  title     = {A description of colloquial {Guaraní}},
  year      = {1967},
  series    = {Janua Linguarum},
  number    = {27},
  publisher = {Mouton},
  address   = {The Hague},
  sortname  = {Gregores, Emma and Jorge A. Suarez},
}

@Book{ZhaoJie1989,
  author    = {{Zhao Jie}},
  title     = {Xiandai manyu yanjiu},
  year      = {1989},
  publisher = {Minzu chubanshe},
  address   = {Peking},
}

@InCollection{Kirby_2002,
  author    = {Simon Kirby},
  title     = {Learning, Bottleneck and the Evolution of Recursive Syntax},
  booktitle = {Linguistic Evolution through Language Acquisition: {F}ormal and Computational Models},
  year      = {2002},
  editor    = {Ted Briscoe},
  publisher = {Cambridge University Press.},
  pages     = {173--204},
  address   = {Cambridge},
}

@InCollection{grice75,
  author    = {Grice, Herbert P.},
  title     = {Logic and conversation},
  booktitle = {{S}yntax and semantics: {S}peech acts},
  date      = {1975},
  editor    = {Cole, Peter and Morgan, Jerry L.},
  volume    = {3},
  publisher = {Academic Press},
  location  = {New York},
  pages     = {41--58},
}

@Book{Siewierska2004,
  author    = {Siewierska, Anna},
  title     = {Person},
  year      = {2004},
  publisher = {Cambridge University Press},
  address   = {Cambridge},
}

@InCollection{bjorsten1999,
  author    = {Björsten, Sven and Engstrand, Olle},
  title     = {Swedish ``damped'' /i/ and /y/: {Experimental} and Typological Observations},
  booktitle = {Proceedings of {ICPhS} 14},
  year      = {1999},
  editor    = {Ohala, John J. and Hasegawa, Yoko and Ohala, Manjari and Granville, Daniel and Bailey, Ashlee C.},
  publisher = {UC Berkeley},
  pages     = {1957--1960},
  address   = {Berkeley, CA},
}

@Book{bubenik96,
  author    = {Vit Bubenik},
  title     = {{The} Structure and the Development of {M}iddle {I}ndo-{A}ryan Dialects},
  year      = {1996},
  publisher = {Motilal Banarsidass},
  address   = {Delhi},
  key       = {bubenik96},
}

@InCollection{Ikegami1974,
  author    = {Ikegami, Jir\=o},
  title     = {Versuch einer {K}lassifikation der tungusischen {S}prachen},
  booktitle = {Sprache, {G}eschichte und {K}ultur der altaischen {V}ölker},
  year      = {1974},
  editor    = {Georg Hazai and Peter Zieme},
  publisher = {Akademie Verlag},
  pages     = {271–272},
  address   = {Berlin},
}

@Article{Mulholland1967,
  author  = {Mulholland, Joan},
  title   = {`{T}hou' and `you' in {S}hakespeare: {A} study in the second person pronoun},
  journal = {English Studies},
  year    = {1967},
  volume  = {48},
  pages   = {1--9},
}

@Book{Foley1991,
  author    = {Foley, William A.},
  title     = {The {Y}imas language of {N}ew {G}uinea},
  year      = {1991},
  publisher = {Stanford University Press},
  address   = {Stanford, CA},
}

@Article{RossHeeteTamm2010,
  author  = {Ross, Kristiina and Heete Sahkai and Anne Tamm},
  title   = {Finiteness and non-finiteness in {Finno}-{Ugric} languages: {S}ynchronic, diachronic, and cross-modular issues},
  journal = {Linguistica Uralica},
  year    = {2010},
  volume  = {46},
  number  = {3},
  pages   = {229–232},
}

@InCollection{lewontin,
  author    = {Lewontin, Richard C.},
  title     = {Fitness, survival, and optimality},
  booktitle = {Analysis of Ecological Systems},
  year      = {1979},
  editor    = {Horn, David J. and Stairs, Gordon R. and Mitchell, Rodger D.},
  publisher = {Ohio State University Press},
  pages     = {3--21},
  address   = {Columbus, OH},
}

@Book{Lambrecht1994,
  author    = {Lambrecht, Knud},
  title     = {Information structure and sentence form},
  year      = {1994},
  publisher = {Cambridge University Press},
  address   = {Cambridge},
}

@Article{Deo2015sp,
  author  = {Deo, Ashwini},
  title   = {The semantic and pragmatic underpinnings of grammaticalization paths: {The} progressive to imperfective shift},
  journal = {Semantics \& Pragmatics},
  year    = {2015},
  volume  = {8},
  number  = {14},
  pages   = {1–52},
  url     = {http://semprag.org/article/view/sp.8.14},
}

@Book{Brown1987,
  author    = {Brown, Penelope and Levinson, Stephen C.},
  title     = {Politeness: {S}ome universals in language usage.},
  year      = {1987},
  publisher = {Cambridge University Press},
  address   = {Cambridge},
}

@InCollection{Reis1979,
  author    = {Reis, Marga},
  title     = {Ansätze zu einer realistischen {Grammatik}},
  booktitle = {Befund und {Deutung}: {{Z}}um {Verhältnis} von {Empirie} und {Interpretation} in {Sprach}- und {Literaturwissen\-schaft}},
  year      = {1979},
  editor    = {Klaus Grubmüller and Ernst Hellgardt and Heinrich Jellissen and Marga Reis},
  publisher = {Niemeyer},
  pages     = {1--21},
  address   = {Tübingen},
}

@Book{brunot33,
  author    = {Brunot, Ferdinand and Bruneau, Charles},
  title     = {Précis de grammaire historique de la langue française},
  date      = {1933},
  publisher = {Masson},
  location  = {Paris},
}

@Book{bubenik98,
  author    = {Vit Bubenik},
  title     = {Historical Syntax of {L}ate {M}iddle {I}ndo-{A}ryan ({A}pabhraṃśa)},
  year      = {1998},
  publisher = {John Benjamins},
  address   = {Amsterdam},
}

@Article{WetzelsNevins2018,
  author    = {Wetzels, W. Leo and Nevins, Andrew},
  title     = {Prenasalized and postoralized consonants: {T}he diverse functions of enhancement},
  journal   = {Language},
  year      = {2018},
  volume    = {94},
  number    = {4},
  pages     = {834--866},
  publisher = {Linguistic Society of America},
}

@Article{Haspelmath2018,
  author  = {Haspelmath, Martin},
  title   = {The last word on polysynthesis: {A} review article},
  journal = {Linguistic Typology},
  year    = {2018},
  volume  = {22},
  number  = {2},
  pages   = {307–326},
}

@Article{Macaulay2009,
  author    = {Macaulay, Monica},
  title     = {On prominence hierarchies: {E}vidence from {A}lgonquian},
  journal   = {Linguistic Typology},
  year      = {2009},
  volume    = {13},
  number    = {3},
  pages     = {357--389},
  publisher = {Walter de Gruyter GmbH \& Co. KG},
}

@Book{Biber1995,
  author    = {Biber, Douglas},
  title     = {Dimensions of register variation: {A} cross-linguistic comparison},
  year      = {1995},
  publisher = {Cambridge University Press},
  address   = {Cambridge},
}

@Article{Begus2019,
  author  = {Begu{\v s}, Ga{\v s}per},
  title   = {Post-nasal devoicing and the blurring process},
  journal = {Journal of Linguistics},
  year    = {2019},
  volume  = {55},
  number  = {4},
  pages   = {689–753},
}

@InCollection{Hickey2003,
  author    = {Hickey, Raymond},
  title     = {Rectifying a standard deficiency: {S}econd-person pro-nominal distinction in varieties of {E}nglish},
  booktitle = {Diachronic perspectives on address term systems},
  year      = {2003},
  editor    = {Jucker, Andreas and Taavitsainen, Irma},
  publisher = {John Benjamins},
  pages     = {343--374},
  address   = {Amsterdam},
}

@InCollection{Karlsson2008,
  author    = {Fred Karlsson and Matti Miestamo and Kaius Sinnemäki},
  title     = {Introduction: {T}he problem of language complexity},
  booktitle = {Language complexity: {T}ypology, contact, change},
  year      = {2008},
  editor    = {Matti Miestamo and Kaius Sinnemäki and Fred Karlsson},
  publisher = {John Benjamins},
  pages     = {VII–XIV},
  address   = {Amsterdam},
}

@Article{brady-etal,
  author    = {Brady, Steven P. and Bolnick, Daniel I. and Angert, Amy L. and Gonzalez, Andrew and Barrett, Rowan D. H. and Crispo, Erika and Derry, Alison M. and Eckert, Christopher G. and Fraser, Dylan J. and Fussmann, Gregor F. and Guichard, Frederic and Lamy, Thomas and McAdam, Andrew G. and Newman, Amy E. M. and Paccard, Antoine and Rolshausen, Gregor and Simons, Andrew M. and Hendry, Andrew P.},
  title     = {Causes of maladaptation},
  journal   = {Evolutionary Applications},
  year      = {2019},
  volume    = {12},
  number    = {7},
  pages     = {1229--1242},
  publisher = {Wiley Online Library},
}

@Book{Barrie2015,
  author    = {Barrie, Michael},
  title     = {A grammar of {Onondaga}},
  year      = {2015},
  series    = {Languages of the World: Materials},
  number    = {503},
  publisher = {LINCOM},
  address   = {Munich},
}

@Book{Anderson1998,
  author    = {Anderson, Gregory D. S.},
  title     = {Xakas},
  year      = {1998},
  publisher = {Lincom Europa},
  address   = {München},
}

@InCollection{headset,
  author    = {Scobbie, James M. and Wrench, Alan A. and {van der Linden}, Marietta},
  title     = {Head-probe stabilisation in ultrasound tongue imaging using a headset to permit natural head movement.},
  booktitle = {Proceedings of the 8th {I}nternational {S}eminar on {S}peech {P}roduction},
  year      = {2008},
  pages     = {373--376},
  url       = {https://eresearch.qmu.ac.uk/bitstream/handle/20.500.12289/1099/eResearch_1099.pdf?sequence=1&isAllowed=y},
  urldate   = {2022-03-16},
}

@Book{paul_1888,
  author    = {Hermann Paul},
  title     = {Principles of the History of Language (Translated by {H}erbert {A}ugustus {S}trong)},
  year      = {1888},
  publisher = {Swan Sonnenschein, Lowrey \& Co},
  address   = {London},
}

@Article{Lahiri_Dresher_1999,
  author  = {Lahiri, Aditi and Dresher, B. Elan},
  title   = {Open syllable lengthening in {West Germanic}},
  journal = {Language},
  year    = {1999},
  pages   = {678--719},
}

@Book{Prince_1993,
  author = {Alan Prince and Paul Smolensky},
  title  = {Optimality {T}heory: {C}onstraint interaction in {G}enerative {G}rammar},
  year   = {1993},
  series = {RuCCS Technical Report},
  number = {2},
}

@Article{Hölzl2017,
  author  = {Hölzl, Andreas},
  title   = {New evidence on {P}ara-{M}ongolic numerals},
  journal = {Journal de la Société Finno-Ougrienne},
  year    = {2017},
  volume  = {96},
  pages   = {21-37},
}

@InCollection{hessostrom07a,
  author    = {Hess, Charlotte and Ostrom, Elinor},
  title     = {Introduction: {A}n Overview of the Knowledge Commons},
  booktitle = {Understanding Knowledge as a Commons: {F}rom theory to practice},
  date      = {2007},
  editor    = {Hess, Charlotte and Ostrom, Elinor},
  publisher = {MIT Press},
  location  = {Cambridge, MA},
  pages     = {3--26},
}

@PhdThesis{ling-phd,
  author = {Ling, Feng},
  title  = {A phonetic study of the vowel system in {S}uzhou {C}hinese},
  year   = {2009},
  school = {City University of Hong Kong},
}

@Article{stevens-nature,
  author  = {Stevens, Kenneth N.},
  title   = {On the quantal nature of speech},
  journal = {Journal of Phonetics},
  year    = {1989},
  volume  = {17},
  pages   = {3--45},
}

@Article{McLennan2004,
  author  = {McLennan, Sean},
  title   = {\textit{Guy}, \textit{guys}, and Gender Neutrality},
  journal = {Proceedings from the Annual Meeting of the Chicago Linguistic Society},
  year    = {2004},
  volume  = {40},
  pages   = {211--219},
}

@Article{Davis1966,
  author = {Davis, Irvine},
  title  = {Comparative {Jê} Phonology},
  year   = {1966},
  volume = {2},
  number = {1},
  journal = {Estudos Lingüísticos: Revista Brasileira de Lingüística Te{\'o}rica e Aplicada},
  pages  = {10--24},
}

@Article{blevins-synopsis,
  author    = {Blevins, Juliette},
  title     = {A theoretical synopsis of Evolutionary Phonology},
  journal   = {Theoretical Linguistics},
  year      = {2006},
  volume    = {32},
  number    = {2},
  pages     = {117--166},
  publisher = {Walter de Gruyter},
}

@InCollection{krifka07,
  author    = {Manfred Krifka},
  title     = {Approximate interpretation of number words: {A} case for strategic communication},
  booktitle = {Cognitive foundations of interpretation},
  year      = {2007},
  editor    = {Gerlof Bouma and Irene Krämer and Joost Zwarts},
  publisher = {Koninklijke Nederlandse Akademie van Wetenschapen},
  pages     = {111--126},
  address   = {Amsterdam},
}

@Article{Maynor2000,
  author  = {Maynor, Natalie},
  title   = {Battle of the pronouns: \textit{{Y}'all} versus \textit{you guys}},
  journal = {American Speech},
  year    = {2000},
  volume  = {75},
  number  = {4},
  pages   = {416--418},
}

@TechReport{Rubin_2015,
  author = {Hannah Rubin and Justin P. Bruner and Cailin O'Connor and Simon Huttegger},
  title  = {Communication Without the Cooperative Principle: {A} Signaling Experiment},
  year   = {2015},
  school = {University of California, Irvine},
}

@Article{wang-suzhou-re,
  author  = {Wang, Ping},
  title   = {S\=uzh\=ou fángy\v{a}n z\`ai f\=enx\={\i} [{S}\=uzh\=ou phonology reanalyzed]},
  journal = {Y\v{u}yán yánji\=u [Studies in Language and Linguistics]},
  year    = {1987},
  number  = {1},
  pages   = {41--48},
}

@Article{Nikulin2016,
  author        = {Nikulin, Andrey},
  title         = {Historical phonology of {P}roto-{N}orthern-{J}ê},
  journal       = {Journal of Language Relationship},
  year          = {2016},
  volume        = {14},
  number        = {3},
  pages         = {165-185},
  date-added    = {2018-05-21 07:04:31 +0000},
  date-modified = {2018-05-21 07:05:17 +0000},
}

@Article{Kiparsky_1972,
  author  = {Paul Kiparsky},
  title   = {From palaeogrammarians to neogrammarians},
  journal = {York Papers in Linguistics},
  year    = {1972},
  volume  = {2},
  pages   = {33--43},
}

@InCollection{ohala83,
  author    = {Ohala, John J.},
  title     = {The origin of sound patterns in vocal tract constraints},
  booktitle = {The Production of Speech},
  year      = {1983},
  editor    = {MacNeilage, Peter F.},
  publisher = {Springer},
  pages     = {189--216},
  address   = {Heidelberg},
}

@MastersThesis{Gakran2005,
  author  = {Gakran, Nambla},
  title   = {Aspectos Morfossint{á}ticos da L{\'\i}ngua {Laklãn{\~o} (Xokleng) "Jê}"},
  year    = {2005},
  address = {Brazil},
  school  = {Universidade Estadual de Campinas},
}

@InCollection{Kiyose1996,
  author    = {Kiyose, Gisaburō N.},
  title     = {Uvular/post-velar q, ɣ and χ in {J}urchen and {M}anchu},
  booktitle = {Proceedings of the 38th {P}ermanent {I}nternational {A}ltaistic {C}onference ({PIAC})},
  year      = {1996},
  editor    = {Giovanni Stary},
  publisher = {Harrassowitz},
  pages     = {237-241},
  address   = {Wiesbaden},
}

@Article{Bittner2005,
  author  = {Bittner, Maria},
  title   = {Future discourse in a tenseless language},
  journal = {Journal of Semantics},
  year    = {2005},
  volume  = {22},
  number  = {4},
  pages   = {339–387},
  doi     = {10.1093/jos/ffh029},
}

@Article{Nikulin2017,
  author  = {Nikulin, Andrey},
  title   = {A phonological reconstruction of {P}roto-{C}errado ({J}ê family)},
  journal = {Journal of Language Relationship},
  year    = {2017},
  volume  = {15},
  number  = {3},
  pages   = {147--180},
}

@Article{yan-min,
  author  = {Yan, Yiming},
  title   = {P\'{\i}ngyáng xi\`an h\'e T\`aish\`un xi\`an de fángy\v{a}n q\'{\i}ngku\`{a}ng [{T}he dialect situation in {P}ingyang {C}ounty and {T}aishun {C}ounty]},
  journal = {Fángy\v{a}n [Dialect]},
  year    = {1981},
  number  = {1},
  pages   = {67--72},
}

@InCollection{McKaughan1973,
  author    = {McKaughan, Howard},
  title     = {Sequences of clauses in {Tairora}},
  booktitle = {The languages of the {{East}ern} family of the {East} {{N}}ew {{Guinea}} {{H}}ighland {{S}}tock},
  year      = {1973},
  editor    = {Howard \mbox{McKaughan}},
  series    = {Anthropological Studies in the {{East}ern} {{H}}ighlands of {{N}}ew {{Guinea}}},
  number    = {1},
  publisher = {University of Washington Press},
  pages     = {588–597},
  address   = {Seattle},
}

@PhdThesis{Campos2009,
  author = {de Oliveira Campos, Carlo S.},
  title  = {Morfofonêmica e morfossintaxe do {Maxakali}},
  year   = {2009},
  school = {Universidade Federal de Minas Gerais},
}

@InCollection{Keshi2005,
  author    = {Keshi, Skënder},
  title     = {Disa dukuri për të folmen e {M}biudhës së {M}aqellarës në {D}ibër},
  booktitle = {Dialektologjia shqiptare 7},
  year      = {2005},
  editor    = {{Mahir Domi} and Gjinari, Jorgji and Shkurtaj, Gjovalin},
  publisher = {Akademia e Shkencave e RPS të Shqipërisë, Instituti i Gjuhësisë dhe i Letërsisë, Sektori i Gramatikës dhe i Dialektologjisë},
  pages     = {158--220},
  address   = {Tiranë},
}

@Article{Nowak_1992,
  author  = {Martin A. Nowak and Robert M. May},
  title   = {Evolutionary games and spatial chaos},
  journal = {Nature},
  year    = {1992},
  volume  = {359},
  pages   = {826--829},
}

@InCollection{Givon1976,
  author        = {Givón, Talmy},
  title         = {Topic, pronoun, and grammatical agreement},
  booktitle     = {Subject and Topic},
  year          = {1976},
  editor        = {Li, Charles N.},
  publisher     = {Academic Press},
  pages         = {151--188},
  address       = {New York (etc.)},
  file          = {:Users/test/OneDrive/Wissenschaft{\_}und{\_}Universität/Klasse{\_}für{\_}Sprache/Dissertation/Objektzeichen/Literature/Argument alignment/Givón{\_}Topic, pronoun, and grammatical agreement.pdf:pdf},
  keywords      = {agreement, clitic doubling, discourse, topic},
  mendeley-tags = {agreement,clitic doubling,discourse,topic},
}

@Book{Fries1983,
  author    = {Fries, Norbert},
  title     = {Syntaktische und semantische {Studien} zum frei verwendeten {I}nfinitiv und zu verwandten {Erscheinungen} im {Deutschen}},
  year      = {1983},
  series    = {Studien zur {D}eutschen Grammatik},
  number    = {21},
  publisher = {Narr},
  address   = {Tübingen},
}

@Article{JaegerVanRooy07,
  author  = {Gerhard Jäger and van Rooij, Robert},
  title   = {Language Structure: {P}sychological and Social Constraints},
  journal = {Synthese},
  year    = {2007},
  volume  = {159},
  number  = {1},
  pages   = {99--130},
}

@Article{deo2009c,
  author        = {Ashwini Deo},
  title         = {Unifying the imperfective and the progressive: {P}artitions as quantificational domains},
  journal       = {Linguistics \& Philosophy},
  year          = {2009},
  volume        = {32},
  number        = {5},
  pages         = {475--521},
  doi           = {10.1007/s10988-010-9068-z},
  bdsk-url-1    = {10.1007/s10988-010-9068-z},
  bdsk-url-2    = {http://dx.doi.org/10.1007/s10988-010-9068-z},
  date-modified = {2014-12-20 16:02:24 +0000},
}

@InCollection{Ultan1978,
  author    = {Ultan, Russell},
  title     = {The nature of future tenses},
  booktitle = {Universals of human language/3\textperiodcentered \ {{W}}ord structure},
  year      = {1978},
  editor    = {Joseph H. Greenberg},
  publisher = {University Press},
  pages     = {83–123},
  address   = {Stanford},
}

@Article{mielke-polar,
  author    = {Mielke, Jeff},
  title     = {An ultrasound study of {C}anadian {F}rench rhotic vowels with polar smoothing spline comparisons},
  journal   = {The Journal of the Acoustical Society of America},
  year      = {2015},
  volume    = {137},
  number    = {5},
  pages     = {2858--2869},
  publisher = {ASA},
}

@Book{Watkins1984,
  author    = {Watkins, Laurel J. and McKenzie, Parker},
  title     = {A grammar of {Kiowa}},
  year      = {1984},
  publisher = {University of Nebraska Press},
  address   = {Lincoln},
}

@Article{leekim-s,
  author  = {Lee-Kim, Sang-im},
  title   = {Revisiting {M}andarin ``apical vowels'': {A}n articulatory and acoustic study},
  journal = {Journal of the International Phonetic Association},
  year    = {2014},
  volume  = {44},
  number  = {3},
  pages   = {261--282},
}

@Unpublished{Beauchamp2019,
  author       = {Beauchamp, Jérémie},
  title        = {Aspects of a revised phonological description of {K}ajkwakhrattxi ({J}ê).},
  year         = {2019},
  howpublished = {Talk presented at the Third Symposium on Amazonian Languages, 16-17 March, 2019},
  address      = {UC Berkeley},
}

@PhdThesis{Gakran2015,
  author  = {Gakran, Nambla},
  title   = {Elementos fundamentais da gram{á}tica {Laklãn{\~o}}},
  year    = {2018},
  address = {Brasília, Brazil},
  school  = {Universidade de Brasília},
}

@InCollection{Kiss2005,
  author    = {Kiss, Tibor},
  title     = {Subjektselektion bei {Infinitiven}},
  booktitle = {Der {Infinitiv} im {Deutschen}},
  year      = {2005},
  editor    = {Jean-François Marillier and Claire Rozier},
  series    = {Eurogermanistik},
  number    = {22},
  publisher = {Stauffenburg},
  pages     = {115–132},
  address   = {Tübingen},
}

@Book{Hasibateer2016,
  author    = {Hasibate'er},
  title     = {Aoluguya fangyan yanjiu},
  year      = {2016},
  publisher = {Minzu chubanshe},
  address   = {Peking},
}

@InCollection{jaeger08Price,
  author    = {Gerhard Jäger},
  title     = {Language evolution and {George} {Price's} ``General theory of selection''},
  booktitle = {Language in Flux: {D}ialogue Coordination, Language Variation, Change and Evolution},
  year      = {2008},
  editor    = {Robin Cooper and Ruth Kempson},
  publisher = {College Publications},
  address   = {London},
}

@Article{chen-shanghai,
  author    = {Chen, Yiya},
  title     = {The acoustic realization of vowels of {S}hanghai {C}hinese},
  journal   = {Journal of Phonetics},
  year      = {2008},
  volume    = {36},
  number    = {4},
  pages     = {629--648},
  publisher = {Elsevier},
}

@Book{williams_2002,
  author    = {C. Williams},
  title     = {Non-progressive and Progressive Aspect in {E}nglish},
  year      = {2002},
  publisher = {Schena},
  address   = {Fasano},
}

@PhdThesis{stanton2017,
  author = {Stanton, Juliet},
  title  = {Constraints on the distribution of nasal-stop sequences: {A}n argument for contrast},
  year   = {2017},
  school = {Cambridge, MA: MIT},
}

@PhdThesis{deSouza2008,
  author  = {de Souza, Shelton L.},
  title   = {Descri{\c c}ão fonético-fonológico da l{\'\i}ngua {Akwen-Xerente}},
  year    = {2008},
  address = {Brasília},
  school  = {Universidade de Bras{\'\i}lia},
}

@InCollection{Kortmann2004,
  author    = {Kortmann, Bernd and Szmrecsanyi, Benedikt},
  title     = {Global synopsis: {M}orphological and syntactic variation in {E}nglish},
  booktitle = {A handbook of varieties of {E}nglish},
  year      = {2004},
  editor    = {Kortmann, Bernd and Schneider, Edgar},
  publisher = {{Mouton de Gruyter}},
  pages     = {1142--1202},
  address   = {Berlin},
}

@Book{HalleClements1983,
  author        = {Halle, Morris and Clements, George N.},
  title         = {Problem Book in Phonology},
  year          = {1983},
  publisher     = {The MIT Press},
  address       = {Cambridge, MA},
  date-added    = {2018-05-21 06:45:29 +0000},
  date-modified = {2018-05-21 06:46:17 +0000},
}

@Book{mufwene,
  author    = {Mufwene, Salikoko S},
  title     = {Language evolution: {Contact}, competition and change},
  year      = {2008},
  publisher = {Continuum},
  address   = {London},
}

@Book{Majewicz2011,
  title     = {The collected works of {B}ronisław {P}iłsudski, Volume 4: {M}aterials for the study of {T}ungusic languages and folklore},
  year      = {2011},
  editor    = {Majewicz, Alfred F.},
  publisher = {Mouton de Gruyter},
  address   = {Berlin},
}

@Book{Dahl_2004,
  author    = {Östen Dahl},
  title     = {The Growth and Maintenance of Linguistic Complexity},
  year      = {2004},
  publisher = {Benjamins},
  address   = {Amsterdam},
}

@InCollection{Bjoernstedt96,
  author    = {Johan Björnstedt and Jörgen Weibull},
  title     = {Nash Equilibrium and Evolution by Imitation},
  booktitle = {The Rational Foundations of Economic Behaviour},
  year      = {1996},
  editor    = {Kenneth J. Arrow and Enrico Colombatto and Mark Perlaman and Christian Schmidt},
  publisher = {Macmillan},
  pages     = {155--171},
  address   = {London},
}

@PhdThesis{Meylan2018,
  author = {Meylan, Stephan C.},
  title  = {Representing linguistic knowledge with probabilistic models},
  year   = {2018},
  type   = {phdthesis},
  school = {University of California, Berkeley},
}

@Book{parikh09,
  author    = {Parikh, Prashant},
  title     = {Language and Equilibrium},
  date      = {2009},
  publisher = {{MIT} Press},
  location  = {Cambridge, MA},
}

@PhdThesis{Pickering2010,
  author  = {Pickering, William A.},
  title   = {A fonologia {X}avante: {u}ma revisita{\c c}ão},
  year    = {2010},
  address = {Campinas},
  school  = {Universidade Estadual de Campinas},
}

@InCollection{Garrett_2008,
  author    = {Andrew Garrett},
  title     = {Paradigmatic Uniformity and Markedness},
  booktitle = {Linguistic Universals and Language Change},
  year      = {2008},
  editor    = {Jeff Good},
  publisher = {Oxford University Press},
  pages     = {125--143},
  address   = {Oxford},
}

@Article{yu-aero,
  author    = {Yu, Alan C. L.},
  title     = {Aerodynamic constraints on sound change: {T}he case of syllabic sibilants},
  journal   = {The Journal of the Acoustical Society of America},
  year      = {1999},
  volume    = {105},
  number    = {2},
  pages     = {1096--1097},
  publisher = {Acoustical Society of America},
}

@InCollection{Topalli1974,
  author        = {Topalli, Xh},
  title         = {Disa vërejtje për të folmen e krahinës së Pukës},
  booktitle     = {Dialektologjia shqiptare 2},
  year          = {1974},
  editor        = {Domi, Mahir and Gjinari, Jorgji and {Gjovalin Shkurtaj}},
  publisher     = {Akademia e Shkencave e RPS të Shqipërisë, Instituti i Gjuhësisë dhe i Letërsisë, Sektori i Gramatikës dhe i Dialektologjisë},
  pages         = {282--343},
  address       = {Tiranë},
  keywords      = {Puka},
  mendeley-tags = {Puka},
}

@InCollection{harlow-myth,
  author    = {Harlow, Ray},
  title     = {Myth 2: {Some} languages are just not good enough},
  booktitle = {Language myths},
  year      = {1998},
  editor    = {Bauer, Laurie and Trudgill, Peter},
  publisher = {Penguin},
  pages     = {9--14},
  address   = {London},
}

@Article{Rothstein2012,
  author   = {Rothstein, Björn},
  title    = {Belege zum doppelten {Futur} im {Deutschen}},
  journal  = {Bochumer Linguistische Arbeitsberichte},
  year     = {2012},
  volume   = {8},
  pages    = {1--30},
  sortname = {Rothstein, Bjorn},
}

@PhdThesis{kirby-diss,
  author = {Kirby, James P.},
  title  = {Cue selection and category restructuring in sound change},
  year   = {2011},
  school = {University of Chicago},
}

@Article{kong-etal,
  author  = {Kong, Huifang and Wu, Shengyi and Li, Mingxing},
  title   = {H\'ef\'ei h\`ua sh\'eji\=an yuány\={\i}n de m\'oc\=a x\`{\i}ngzh\`{\i} j\'{\i} g\v{a}nzh\={\i} z\=engqiáng l\v{i}l\`un ji\v{e}d\'u [{T}he frication property of apical vowels in {H}efei {C}hinese and its perceptual enhancement account]},
  journal = {Y\v{u}yán yánji\=u [Studies in Language and Linguistics]},
  date    = {2019},
  number  = {1},
  pages   = {23--33},
}

@Book{Woodbury2018,
  author    = {Woodbury, Hanni},
  title     = {A reference grammar of the {Onondaga} language},
  year      = {2018},
  publisher = {University of Toronto Press},
  address   = {Toronto},
}

@Article{goldsmith_82,
  author  = {John A. Goldsmith and Erich Woisetschlaeger},
  title   = {The logic of the {E}nglish Progressive},
  journal = {Linguistic Inquiry},
  year    = {1982},
  volume  = {13},
  number  = {1},
  pages   = {79--89},
}

@Article{Lieberman_2005,
  author  = {Erez Lieberman and Christoph Hauert and Martin A. Nowak},
  title   = {Evolutionary dynamics on graphs},
  journal = {Nature},
  year    = {2005},
  volume  = {433},
  pages   = {313--316},
}

@InCollection{coblin,
  author    = {Coblin, W. South},
  title     = {The Phonology of {Proto-Central Ji\=ang-Huái}: {An} Exercise in Comparative Reconstruction},
  booktitle = {In memory of {Professor} {L}i {F}ang-{K}uei: {E}ssays of linguistic change and the {C}hinese dialects},
  year      = {2000},
  editor    = {Ting, Pang-hsin and Yue, Anne O.},
  publisher = {Academia Sinica},
  pages     = {73--140},
  address   = {Taipei},
}

@Book{Skyrms10,
  author    = {Brian Skyrms},
  title     = {Signals: {E}volution, Learning and Information},
  year      = {2010},
  publisher = {Oxford University Press},
  address   = {Oxford},
}

@Book{Nickel2011,
  author    = {Nickel, Klaus P. and Sammallahti, Pekka},
  title     = {Nordsamisk grammatikk},
  year      = {2011},
  publisher = {Davvi Girji},
  address   = {Kárášjohka / Karasjok},
}

@Article{edgetrak-article,
  author    = {Li, Min and Kambhamettu, Chandra and Stone, Maureen},
  title     = {Automatic contour tracking in ultrasound images},
  journal   = {Clinical Linguistics \& Phonetics},
  year      = {2005},
  volume    = {19},
  number    = {6-7},
  pages     = {545--554},
  publisher = {Informa UK},
}

@Article{xu-tang-62,
  author  = {Xu, Baohua and Tang, Zhenzhu},
  title   = {Sh\`angh\v{a}i fángyán de n\`eib\`u ch\=ay\`{\i} [{W}ithin-dialect variation in {S}hanghainese]},
  journal = {F\`ud\`an d\`ax\'ue x\'ueb\`ao [Fudan University Bulletin]},
  year    = {1962},
  volume  = {1},
  pages   = {87--104},
}

@Book{Labov01,
  author    = {William Labov},
  title     = {Principles Of Linguistic Change: {S}ocial Factors},
  year      = {2001},
  publisher = {Blackwell},
  address   = {Oxford},
}

@InCollection{LapierreLin2019,
  author    = {Lapierre, Myriam and Lin, Susan},
  title     = {Cues to {P}anãra nasal-oral stop sequence perception},
  booktitle = {Proceedings of the 2019 {C}ongress of {I}nternational {P}honetic {S}ciences ({ICPhS} 2019)},
  year      = {2019},
  address   = {Melbourne, Australia},
}

@Article{yan-population,
  author  = {Yan, Yiming},
  title   = {W\'uy\v{u} sh\v{i}y\`ong r\'enk\v{o}u de z\`ai t\v{o}ngj\`{i} [{N}ew statistics on the {W}\'u-speaking population]},
  journal = {Zh\=ongg\'uo Y\v{u}w\'en},
  year    = {1988},
  number  = {4},
  pages   = {287-289},
}

@Book{ZifonunStrecker1997,
  author    = {Zifonun, Gisela and Ludger Hoffmann and Bruno Strecker},
  title     = {{G}rammatik der deut\-schen {Sprache}, vol. 3},
  year      = {1997},
  series    = {Schriften des Instituts für Deutsche Sprache},
  number    = {7/3},
  publisher = {De Gruyter},
  address   = {Berlin},
}

@Book{bloch65,
  author    = {Jules Bloch},
  title     = {Indo-{A}ryan from the {V}edas to Modern Times},
  year      = {1965},
  note      = {Translated by Alfred Master},
  publisher = {Adrien-Maisonneuve},
  address   = {Paris},
}

@InCollection{hyman-phono,
  author    = {Hyman, Larry M.},
  title     = {{P}honologization},
  booktitle = {Linguistic studies presented to {J}oseph {H}. {G}reenberg},
  year      = {1976},
  editor    = {Juilland, Alphonse},
  publisher = {Anma Libri},
  pages     = {407--418},
  address   = {Saratoga, CA},
}

@Book{fisher1999,
  author    = {Ronald Aylmer Fisher},
  title     = {The Genetical Theory of Natural Selection: {A} Complete Variorum Edition},
  year      = {1999},
  publisher = {Oxford University Press},
  address   = {Oxford},
}

@Book{prinzipien,
  author    = {Paul, Hermann},
  title     = {Prinzipien der {Sprachgeschichte}},
  date      = {1995},
  edition   = {9},
  publisher = {Niemeyer},
  location  = {Tübingen},
  langid    = {german},
}

@Book{eigenSchuster79,
  author    = {Manfred Eigen and Peter Schuster},
  title     = {The hypercycle: {A} principle of natural self-organization},
  year      = {1979},
  publisher = {Springer},
  address   = {Berlin},
}

@Book{sterelny12,
  ids       = {sterelny2012},
  author    = {Sterelny, Kim},
  title     = {The evolved apprentice: {How} evolution made humans Unique},
  date      = {2012},
  publisher = {The MIT Press},
  location  = {Cambridge, MA},
}

@Book{KoYurn2011,
  author    = {Ko, Dongho and Yurn, Gyudong},
  title     = {A description of {N}ajkhin {N}anai},
  year      = {2011},
  publisher = {Seoul National University Press},
  address   = {Seoul},
}

@Book{Mazzon2009,
  author    = {Mazzon, Gabriella},
  title     = {Interactive dialogue sequences in {M}iddle {E}nglish drama},
  year      = {2009},
  publisher = {John Benjamins},
  address   = {Amsterdam},
}

@InCollection{CristofaroZúñiga2018,
  author    = {Cristofaro, Sonia and Fernando Zúñiga},
  title     = {Synchronic vs. diachronic approaches to typological hierarchies},
  booktitle = {Typological Hierarchies in Synchrony and Diachrony},
  year      = {2018},
  editor    = {Cristofaro, Sonia and Fernando Zúñiga},
  publisher = {John Benjamins},
  pages     = {3-27},
  address   = {Amsterdam},
}

@Book{MilroyMilroy2012,
  author    = {James Milroy and Lesley Milroy},
  title     = {Authority in Language: {Investigating Standard English}},
  year      = {2012},
  edition   = {4},
  publisher = {Routledge},
  location  = {London \& New York},
}

@InCollection{Mazzon2003,
  author    = {Mazzon, Gabriella},
  title     = {Pronouns and terms of address in {S}hakespearean {E}nglish: {A} socio-affective marking system in transition},
  booktitle = {Diachronic perspectives on address term systems},
  year      = {2003},
  editor    = {Jucker, Andreas and Taavitsainen, Irma},
  publisher = {John Benjamins},
  pages     = {223--249},
  address   = {Amsterdam},
}

@Book{Bech1983,
  author    = {Bech, Gunnar},
  title     = {Studien über das deutsche {V}erbum infinitum},
  year      = {1983},
  series    = {Linguistische Arbeiten},
  number    = {139},
  publisher = {Niemeyer},
  address   = {Tübingen},
}

@InCollection{Mazzon2000,
  author    = {Mazzon, Gabriella},
  title     = {Social relations and forms of address in \textit{{T}he {C}anterbury {T}ales}},
  booktitle = {The history of {E}nglish in a social context: {A} contribution to historical sociolinguistics},
  year      = {2000},
  editor    = {Kastovsky, Dieter and Mettinger, Arthur},
  publisher = {{De Gruyter Mouton}},
  pages     = {135--168},
  address   = {Berlin},
}

@Article{Baxter_2006,
  author  = {Gareth J. Baxter and Richard A. Blythe and William Croft and Alan J. McKane},
  title   = {Utterance selection model of language change},
  journal = {Physical Review E},
  year    = {2006},
  volume  = {73},
  pages   = {046118},
}

@Unpublished{Flemming2008b,
  author        = {Flemming, Edward},
  title         = {The Realized Input},
  year          = {2008},
  note          = {Ms. MIT},
  url           = {https://web.mit.edu/flemming/www/paper/RI2.pdf}
}

@Unpublished{Flemming2008a,
  author = {Flemming, Edward},
  title  = {Asymmetries between assimilation and epenthesis},
  year   = {2008},
  note   = {Ms. MIT},
  url    = {https://web.mit.edu/flemming/www/paper/epenthesis.pdf}
}

@Article{Tillery2000,
  author  = {Tillery, Jan and Wikle, Tom and Bailey, Guy},
  title   = {The nationalization of a southernism},
  journal = {Journal of English Linguistics},
  year    = {2000},
  volume  = {28},
  number  = {3},
  pages   = {280--294},
}

@Article{deVogelaer_2007,
  author  = {Gunther de Vogelaer},
  title   = {Innovative 2\textsc{pl}-pronouns in {E}nglish and {D}utch: ``{D}arwin\-ian'' or ``{L}amarckian'' change?},
  journal = {Studies van de BKL 2007\slash Travaux du CBL 2007\slash Papers of the LSB (Linguistic Circle of Belgium)},
  year    = {2007},
  volume  = {2},
  pages   = {1--14},
}

@InCollection{shadle,
  author    = {Shadle, Christine H.},
  title     = {Articulatory-acoustic relationships in fricative consonants},
  booktitle = {Speech production and speech modelling},
  year      = {1990},
  editor    = {Hardcastle, William J. and Marchal, Alain},
  publisher = {Springer},
  pages     = {187--209},
  address   = {Heidelberg},
}

@InCollection{NicholsPeterson2013a,
  author    = {Nichols, Johanna and Peterson, David A.},
  title     = {{n-m} pronouns},
  booktitle = {The World Atlas of Language Structures Online},
  year      = {2013},
  editor    = {Dryer, Matthew and Haspelmath, Martin},
  publisher = {Max Planck Institute for Evolutionary Anthropology},
  url       = {http://wals.info/chapter/137},
  address   = {Leizpig},
}

@Book{cao-southern,
  author    = {Cao, Zhiyun},
  title     = {{N}ánb\`u W\'uy\v{u} y\v{u}y\={\i}n yánji\=u [{L}inguistic studies of the {S}outhern {W}\'u dialects]},
  year      = {2002},
  publisher = {Beijing: Sh\=angw\`u y\`{\i}nsh\=u gu\v{a}n [Commercial Press]},
}

@Book{HeidolphWurzel1981,
  author    = {Heidolph, Karl E. and Walter Flämig and Wolfgang Motsch and Brigitte Haftka and Horst Isenberg and Jüttner and Fritz and John Pheby and Renate Steinitz and Wolfgang U. Wurzel},
  title     = {Grundzüge einer deutschen {G}rammatik},
  year      = {1981},
  publisher = {Akademie Verlag},
  address   = {Berlin},
  sortname  = {Heidolph, Karl E. and Walter Flamig and Wolfgang Motsch and Brigitte Haftka and Horst Isenberg and Juttner, Fritz and John Pheby and Renate Steinitz and Wolfgang U. Wurzel},
}

@Article{gould-lewontin,
  author    = {Gould, Stephen Jay and Lewontin, Richard C.},
  title     = {The spandrels of {San Marco} and the {Panglossian} paradigm: {A} critique of the adaptationist programme},
  journal   = {Proceedings of the Royal Society B: Biological Sciences},
  year      = {1979},
  volume    = {205},
  number    = {1161},
  pages     = {581--598},
  publisher = {The Royal Society},
}

@Article{Alonso2011,
  author  = {{Alonso de la Fuente}, José Andrés},
  title   = {Venjukov’s [1858] 1862/1868 {N}anai materials},
  journal = {Journal de la Société Finno-Ougrienne},
  year    = {2011},
  volume  = {93},
  pages   = {11–35},
}

@Book{beames66,
  author    = {John Beames},
  title     = {A Comparative Grammar of Modern {I}ndo-{A}ryan Languages of {I}ndia},
  year      = {1966 [1872--1879]},
  publisher = {Munshiram Manoharlal},
  address   = {Delhi},
}

@Book{lass,
  author    = {Lass, Roger},
  title     = {On explaining language change},
  year      = {1980},
  publisher = {Cambridge University Press},
  address   = {Cambridge},
}

@Book{Fortescue1984,
  author    = {Fortescue, Michael},
  title     = {West {G}reenlandic},
  year      = {1984},
  series    = {Croom Helm Descriptive Grammars},
  publisher = {Croom Helm},
  address   = {London},
}

@InCollection{Mazzon2010,
  author    = {Mazzon, Gabriella},
  title     = {Terms of address},
  booktitle = {Historical pragmatics},
  year      = {2010},
  editor    = {Jucker, Andreas and Taavitsainen, Irma},
  publisher = {Mouton de Gruyter},
  pages     = {351-376},
  address   = {Berlin},
}

@InCollection{Hernandez2011,
  author    = {Hern{á}ndez, Nuria},
  title     = {Pronouns},
  booktitle = {{A} comparative grammar of {B}ritish {E}nglish dialects {II}: {M}odals, pronouns and complement clauses},
  year      = {2011},
  editor    = {Hern{á}ndez, Nuria and Kolbe, Daniela and Schulz, Monika E.},
  publisher = {De Gruyter Mouton},
  pages     = {53--91},
  address   = {Berlin},
}

@Misc{Panajoti1988,
  editor    = {Panajoti, Jorgo and Xhagolli, Agron and Doja, Albert},
  title     = {Folklor shqiptar {S}er. 1. {P}roza popullore; 6. Vël. 6},
  year      = {1988},
  address   = {Tiranë: Akademia e Shkencave e RPSSH, Instituti i Kulturës Popullore},
  publisher = {Akademia e Shkencave e RPSSH, Instituti i Kulturës Popullore},
  volume    = {1,6},
}

@Book{Chirikba2003,
  author    = {Chirikba, Viacheslav A.},
  title     = {Abkhaz},
  year      = {2003},
  publisher = {Lincom Europa},
  address   = {Munich},
}

@Book{Sammallahti1998,
  author    = {Sammallahti, Pekka},
  title     = {The {Saami} Languages: {A}n Introduction},
  year      = {1998},
  publisher = {Davvi Girji},
  address   = {Kárášjohka / Karasjok},
}

@Article{Nichols1996,
  author    = {Nichols, Johanna and Peterson, David A.},
  title     = {The {Amerind} personal pronouns},
  journal   = {Language},
  year      = {1996},
  volume    = {72},
  number    = {2},
  pages     = {336--371},
  publisher = {JSTOR},
}

@Article{dejong-obeng,
  author    = {De Jong, Kenneth and Obeng, Samuel Gyasi},
  title     = {Labio-palatalization in {T}wi: {C}ontrastive, quantal, and organizational factors producing an uncommon sound},
  journal   = {Language},
  year      = {2000},
  volume    = {76},
  number    = {3},
  pages     = {682--703},
  publisher = {JSTOR},
}

@Article{schwartz-foc,
  author    = {Schwartz, Jean-Luc and Boë, Louis-Jean and Vallée, Nathalie and Abry, Christian},
  title     = {The dispersion-focalization theory of vowel systems},
  journal   = {Journal of Phonetics},
  year      = {1997},
  volume    = {25},
  number    = {3},
  pages     = {255--286},
  publisher = {Elsevier},
}

@InBook{SalanovaReisSilva2011,
  author        = {Salanova, Andrés P. and Reis Silva, Maria A.},
  title         = {Mebengokre ({K}ayapó)},
  booktitle     = {Dictionnaire des langues},
  year          = {2011},
  editor        = {Bonvini, Emilio and Busuttil, Joëlle and Peyraube, Alain},
  publisher     = {Les Presses Universitaires de France},
  address       = {Paris}
}

@Article{beckerman96,
  author       = {Beckerman, Stephen and Valentine, Paul},
  title        = {On {Native} {American} Conservation and the tragedy of the commons},
  journaltitle = {Current {A}nthropology},
  date         = {1996},
  volume       = {37},
  number       = {4},
  pages        = {659--661},
  doi          = {10.1086/204537},
}

@Book{Pensalfini2003,
  author    = {Pensalfini, Robert},
  title     = {A grammar of {J}ingulu, an {A}boriginal language of the {N}orthern {T}erritory},
  year      = {2003},
  publisher = {Research School of Pacific Studies, Australian National University},
  address   = {Canberra},
}

@Article{schaden09,
  author       = {Schaden, Gerhard},
  title        = {Present Perfects Compete},
  journaltitle = {Linguistics and Philosophy},
  date         = {2009},
  volume       = {32},
  pages        = {115--141},
  doi          = {10.1007/s10988-009-9056-3},
}

@Book{Nichols1992,
  author    = {Nichols, Johanna},
  title     = {Linguistic diversity in space and time},
  year      = {1992},
  publisher = {University of Chicago Press},
  address   = {Chicago},
}

@Article{Turvey2009,
  author  = {Turvey, Michael T.},
  title   = {On the notion and implications of organism-environment system},
  journal = {Ecological Psychology},
  year    = {2009},
  volume  = {21},
  number  = {2},
  pages   = {97–111},
}

@InCollection{Walker2003,
  author    = {Walker, Terry},
  title     = {\textit{You} and \textit{thou} in {E}arly {M}odern {E}nglish dialogues: {P}atterns of usage},
  booktitle = {Diachronic perspectives on address term systems},
  year      = {2003},
  editor    = {Jucker, Andreas and Taavitsainen, Irma},
  publisher = {John Benjamins},
  pages     = {309--342},
  address   = {Amsterdam},
}

@InCollection{Janhunen2012b,
  author    = {Janhunen, Juha},
  title     = {On the hierarchy of structural convergence in the {Amdo} Sprachbund},
  booktitle = {Argument structure and grammatical relations: {A} crosslinguistic typology},
  year      = {2012},
  editor    = {Suihkonen, Pirkko and Comrie, Bernard and Solovyev, Valery},
  publisher = {John Benjamins},
  pages     = {177--190},
  address   = {Amsterdam},
}

@InCollection{Bybee2007,
  author    = {Bybee, Joan},
  title     = {Diachronic linguistics},
  booktitle = {The {O}xford handbook of cognitive linguistics},
  year      = {2007},
  editor    = {Dirk Geeraerts and Hubert Cuyckens},
  publisher = {Oxford University Press},
  pages     = {945--987},
  address   = {Oxford},
}

@Article{schluter-nychka,
  author    = {Schluter, Dolph and Nychka, Douglas},
  title     = {Exploring fitness surfaces},
  journal   = {The American Naturalist},
  year      = {1994},
  volume    = {143},
  number    = {4},
  pages     = {597--616},
  publisher = {University of Chicago Press},
}

@Book{clark96,
  author    = {Clark, Herbert H.},
  title     = {Using Language},
  date      = {1996},
  publisher = {Cambridge University Press},
  location  = {Cambridge},
}

@Book{Walker2007,
  author    = {Walker, Terry},
  title     = {\normalfont{Thou} \textit{and} you \textit{in Early Modern English dialogues: Trials, depositions, and drama comedy}},
  year      = {2007},
  publisher = {John Benjamins},
  address   = {Amsterdam},
}

@Article{Imo2010,
  author  = {Imo, Wolfgang},
  title   = {Das {Adverb} \textit{jetzt} zwischen {Zeit}- und {Gesprächsdeixis}},
  journal = {Zeit\-schrift für Germanistische Linguistik},
  year    = {2010},
  volume  = {38},
  number  = {1},
  pages   = {25--58},
}

@Article{yanovich_2015,
  author  = {Igor Yanovich},
  title   = {Analysing Imperfective Games},
  journal = {Semantics and Pragmatics},
  year    = {2017},
  volume  = {10},
  pages   = {Article 17},
}

@InCollection{Ohala2011,
  author    = {Ohala, John J.},
  title     = {Accommodation to the Aerodynamic Voicing Constraint and its Phonological Relevance},
  booktitle = {Proceedings of the 17th {I}nternational {C}ongress of {P}honetic {S}ciences},
  year      = {2011},
  editor    = {Lee, Wai Sum},
  pages     = {17--21},
  address   = {Hong Kong},
}

@Book{Kiyose1977,
  author    = {Kiyose, Gisaburō N.},
  title     = {A study of the {J}urchen language and script: {R}econstruction and decipherment},
  year      = {1977},
  publisher = {Sh\=owado},
  address   = {Ky\=oto},
}

@Book{WangQingfeng2005,
  author    = {{Wang Qingfeng}},
  title     = {Manyu yanjiu},
  year      = {2005},
  publisher = {Minzu chubanshe},
  address   = {Peking},
}

@Book{Dixon1994,
  author    = {R. M. W. Dixon},
  title     = {Ergativity},
  year      = {1994},
  publisher = {Cambridge University Press},
  address   = {Cambridge},
}

@InCollection{schaden13,
  author    = {Schaden, Gerhard},
  title     = {Formalizing Current Relevance},
  booktitle = {Procedings of \emph{Sinn und Bedeutung 17}},
  date      = {2013},
  editor    = {Chemla, Emmanuel and Homer, Vincent and Winterstein, Grégoire},
  pages     = {491--508},
}

@Article{Taylor_2004,
  author  = {Christine Taylor and Drew Fudenberg and Akira Sasaki and Martin A. Nowak},
  title   = {Evolutionary game dynamics in finite populations},
  journal = {Bulletin of Mathematical Biology},
  year    = {2004},
  volume  = {66},
  pages   = {1621--1644},
}

@Article{RibeiroVoort2010,
  author  = {Ribeiro, Eduardo R. and Hein van der Voort},
  title   = {Nimuendajú was right: {T}he inclusion of the {J}abutí family in the {M}acro-{J}ê stock},
  journal = {International Journal of American Linguistics},
  year    = {2010},
  volume  = {76},
  number  = {4},
  pages   = {517-570},
}

@Article{Jäger_2007,
  author  = {Jäger, Gerhard},
  title   = {Evolutionary game theory and typology: {A} case study},
  journal = {Language},
  year    = {2007},
  pages   = {74--109},
}

@Book{Janhunen2012a,
  author    = {Janhunen, Juha},
  title     = {Mongolian},
  year      = {2012},
  publisher = {John Benjamins},
  address   = {Amsterdam},
}

@Book{Klein1994,
  author    = {Klein, Wolfgang},
  title     = {Time in language},
  year      = {1994},
  series    = {Germanic Linguistics},
  publisher = {Routledge},
  address   = {London},
}

@Book{li-suzhou,
  author    = {Li, Xiaofan},
  title     = {S\=uzh\=ou fángyán yánji\=u [{S}tudies on the grammar of the {S}\=uzh\=ou dialect]},
  year      = {1998},
  publisher = {Peking University Press},
  address   = {Beijing},
}

@Book{Saussure2011,
  author     = {Ferdinand de Saussure},
  title      = {Course in General Linguistics},
  year       = {2011[1916]},
  editor     = {Perry Meisel and Haun Sussey},
  translator = {Wane Baskin},
  publisher  = {Columbia University Press},
  address    = {New York},
}

@Book{Masayesva-Jeanne1978,
  author    = {LaVerne Masayesva, Jeanne},
  title     = {Aspects of {Hopi} grammar},
  year      = {1978},
  publisher = {MIT Dissertation},
  address   = {Cambridge},
}

@Misc{samper01,
  author       = {Samper Padilla and José Antonio},
  title        = {La variación fonológica: {L}os estudios hispánicos sobre -\emph{s} implosiva},
  date         = {2001},
  howpublished = {Conference at the 2nd \emph{Congreso Internacional de la Lengua Española} (CILE) in Valladolid},
  note         = {Retrieved on 25/05/2018},
  url          = {http://congresosdelalengua.es/valladolid/ponencias/unidad_diversidad_del_espanol/1_la_norma_hispanica/samper_j.htm},
}

@Book{Stassen09,
  author    = {Leon Stassen},
  title     = {Predicative Possession},
  year      = {2009},
  publisher = {Oxford University Press},
  address   = {Oxford},
}

@InCollection{HinterhölzlPetrova_2011,
  author    = {Roland Hinterhölzl and Svetlana Petrova},
  title     = {Rhetorical relations and verb placement in {O}ld {H}igh {Ge}rman},
  booktitle = {Salience: {M}ultidisciplinary perspectives on its function in discourse},
  year      = {2011},
  editor    = {Christian Chiarcos and Berry Claus and Michael Grabski},
  publisher = {De Gruyter},
  pages     = {173--201},
  address   = {Berlin},
}

@InBook{Vennemann1993,
  author        = {Vennemann, Theo},
  title         = {Language change as language improvement},
  booktitle     = {Historical linguistics},
  year          = {1993},
  editor        = {Jones, Charles},
  publisher     = {Longman},
  pages         = {319-344},
  date-added    = {2018-05-21 07:20:14 +0000},
  date-modified = {2018-05-21 07:21:11 +0000},
}

@Book{Klaiman1991,
  author    = {Klaiman, M. H.},
  title     = {Grammatical voice},
  year      = {1991},
  publisher = {Cambridge University Press},
  address   = {Cambridge},
}

@Article{Newberry_2017,
  author  = {Mitchell G. Newberry and Christopher A. Ahern and Robin Clark and Joshua B. Plotkin},
  title   = {Detecting evolutionary forces in language change},
  journal = {Nature},
  year    = {2017},
  volume  = {551},
  pages   = {223--226},
}

@Article{HinterhölzlPetrova_2010,
  author  = {Roland Hinterhölzl and Svetlana Petrova},
  title   = {From {V}1 to {V}2 in Older {G}ermanic},
  journal = {Lingua},
  year    = {2010},
  volume  = {120},
  pages   = {315--328},
}

@Book{lightfoot99,
  author    = {David W. Lightfoot},
  title     = {The development of language: {A}cquisition, change and evolution},
  year      = {1999},
  publisher = {Blackwell},
  address   = {Oxford},
}

@PhdThesis{Curtis2012,
  author = {Curtis, Matthew C.},
  title  = {Slavic-{A}lbanian language Contact, Convergence, and Coexistence},
  year   = {2012},
  school = {The Ohio State University},
}

@Book{norman-chinese,
  author    = {Norman, Jerry},
  title     = {Chinese},
  year      = {1988},
  publisher = {Cambridge University Press},
  address   = {Cambridge},
}

@Article{orr,
  author    = {Orr, H.{} Allen},
  title     = {The population genetics of adaptation: {T}he distribution of factors fixed during adaptive evolution},
  journal   = {Evolution},
  year      = {1998},
  volume    = {52},
  number    = {4},
  pages     = {935--949},
  publisher = {Wiley Online Library},
}

@Book{Bergs2005,
  author    = {Bergs, Alexander},
  title     = {Social networks and historical sociolinguistics: {S}tudies in morphosyntactic variation in the {P}aston {L}etters (1421--1503)},
  year      = {2005},
  publisher = {De Gruyter Mouton},
  address   = {Berlin},
}

@PhdThesis{DeOliveira2005,
  author        = {De Oliveira, Christiane C.},
  title         = {The Language of the {Apinayé} People of Central {B}razil},
  year          = {2005},
  address       = {Eugene, OR},
  date-added    = {2018-05-21 07:11:24 +0000},
  date-modified = {2018-05-21 07:12:10 +0000},
  school        = {University of Oregon},
}

@Article{Kohnen2008,
  author  = {Kohnen, Thomas},
  title   = {Linguistic politeness in {A}nglo-{S}axon {E}ngland? {A} study of {O}ld {E}nglish address terms},
  journal = {Journal of Historical Pragmatics},
  year    = {2008},
  volume  = {9},
  number  = {1},
  pages   = {140--158},
}

@InCollection{clark1978,
  author    = {Eve Clark},
  title     = {Locationals: {A} study of ``existential,'' ``locative,'' and ``possessive'' sentences},
  booktitle = {Universals of human language, vol. 4: {Syntax}},
  year      = {1978},
  editor    = {Joseph Greenberg},
  publisher = {Stanford University Press},
  pages     = {85--126},
  address   = {Stanford, CA},
}

@Article{Lapierre2019,
  author  = {Lapierre, Myriam},
  title   = {The phonology of {P}anãra: {A} segmental analysis},
  journal = {International {J}ournal of {A}merican {L}inguistics},
  year    = {2023},
  pages   = {183–218},
  volume  = {89},
  number  = {2}
}

@Unpublished{Lapierre2016,
  author       = {Lapierre, Myriam and Bardagil-Mas, Bernat and Salanova, Andrés P.},
  title        = {A reconstruction of {P}roto-{N}orthern-{J}ê phonemics},
  year         = {2016},
  howpublished = {Talk presented at Amaz{\^o}nicas VI, 24-28 May, 2016},
  address      = {Universidad Nacional de Colombia, Leticia, Colombia},
}

@InCollection{evans-myth,
  author    = {Evans, Nicholas},
  title     = {Myth 19: {A}borigines speak a primitive language},
  booktitle = {Language myths},
  year      = {1998},
  editor    = {Bauer, Laurie and Trudgill, Peter},
  publisher = {Penguin},
  pages     = {159--68},
  address   = {London},
}

@MastersThesis{Alves2004,
  author        = {de Castro Alves, Fl{á}via},
  title         = {O timbira falado pelos Canela {Apãniekr{á}}: {U}ma contribui{\c c}ão aos estudos da morfossintaxe de uma l{\'\i}ngua {Jê}},
  year          = {2004},
  address       = {Campinas, Brazil},
  date-added    = {2018-05-22 08:52:38 +0000},
  date-modified = {2018-05-22 08:53:53 +0000},
  school        = {Universidade Estadual de Campinas},
}

@Book{labov-principles,
  author    = {Labov, William},
  title     = {Principles of Linguistic Change, {Volume} 1: {Internal} Factors},
  year      = {1994},
  publisher = {Blackwell},
  address   = {Oxford},
}

@Article{Li_2001,
  author  = {Ping Li and Sarah Maher and Erica Newmark and Jennifer Hurley},
  title   = {The role of parental input in the acquisition of tense-aspect morphology},
  journal = {Journal of Cognitive Science},
  year    = {2001},
  volume  = {2},
  number  = {1},
  pages   = {119--143},
}

@Article{gjerdman,
  author  = {Gjerdman, Olof},
  title   = {Tv\r{a} utbölingar inom svenska ljudsystem},
  journal = {Spr{\r a}k och stil},
  year    = {1916},
  volume  = {1916},
  pages   = {16--27},
}

@InCollection{Alves2007,
  author        = {de Castro Alves, Fl{á}via},
  title         = {Sistema Fonológico do {T}imbira {A}pãniekr{á} (Fonemas, S{\'\i}laba e Acento)},
  booktitle     = {Proceedings of the {Macro-Jê} {M}eeting},
  year          = {2007},
  address       = {Brasilia, Brazil},
  date-added    = {2018-05-21 06:13:39 +0000},
  date-modified = {2018-05-21 06:23:10 +0000},
}

@MastersThesis{Alves1999,
  author  = {de Castro Alves, Fl{á}via},
  title   = {Aspectos fonológicos do {Apãnjekra (Jê)}},
  year    = {1999},
  address = {São Paulo, Brazil},
  school  = {Universidade de São Paulo},
}

@Book{Kummel2007,
  author        = {Kümmel, Martin},
  title         = {Konsonantenwandel},
  year          = {2007},
  publisher     = {Reichert},
  address       = {Wiesbaden},
  date-added    = {2018-05-21 06:52:36 +0000},
  date-modified = {2018-05-21 06:53:35 +0000},
}

@Book{Wolfram2016,
  author    = {Wolfram, Walt and Schilling, Natalie},
  title     = {American {E}nglish: {D}ialects and Variation},
  year      = {2016},
  edition   = {3},
  publisher = {Wiley Blackwell},
  address   = {Malden},
}

@InCollection{Pater1999,
  author    = {Pater, Joe},
  title     = {Austronesian nasal substitution and other {NC} effects},
  booktitle = {The Prosody Morphology Interface},
  year      = {1999},
  editor    = {Kager, René and van der Hulst, Harry and Zonneveld, Wim},
  publisher = {Cambridge University Press},
  pages     = {310--343},
  address   = {Cambridge},
}

@Book{HofbauerSigmund1988,
  author    = {Josef Hofbauer and Karl Sigmund},
  title     = {The Theory of Evolution and Dynamical Systems},
  year      = {1988},
  publisher = {Cambridge University Press},
  address   = {Cambridge},
}

@InCollection{merin99,
  author     = {Merin, Arthur},
  title      = {Information, Relevance, and Social Decisionmaking: {S}ome Principles and Results of {Decision}-{Theoretic} {Semantics}},
  booktitle  = {Logic, Language, and Computation},
  date       = {1999},
  editor     = {Moss, Lawrence S. and Ginzburg, Jonathan and de Rijke, Maarten},
  volume     = {2},
  publisher  = {{CSLI} {P}ublications},
  location   = {Stanford},
  pages      = {179--221},
  annotation = {als Ausdruck und pdf vorhanden},
}

@Article{Kavčič2016,
  author   = {Kavčič, Jerneja},
  title    = {The decline of the aorist infinitive in Ancient {Greek} declarative infinitive clauses},
  journal  = {Journal of Greek Linguistics},
  year     = {2016},
  volume   = {16},
  number   = {2},
  pages    = {266–311},
  sortname = {Kavcic, Jerneja},
}

@Book{HuZengyi2001,
  author    = {{Hu Zengyi}},
  title     = {Elunchunyu yanjiu},
  year      = {2001},
  publisher = {Renmin chubanshe},
  address   = {Peking},
}

@InCollection{Pater1996,
  author    = {Pater, Joe},
  title     = {{*NC}},
  booktitle = {Proceedings of the {N}orth {E}ast {L}inguistic {S}ociety 26},
  year      = {1996},
  editor    = {Kusumoto, Kiyomi},
  pages     = {227--239},
  address   = {Amherst, MA},
}

@Article{turner1936,
  author  = {Ralph L. Turner},
  title   = {{S}anskrit \textit{á̄-kṣeti} and {P}ali \textit{acchati} in {M}odern {I}ndo-{A}ryan},
  journal = {Bulletin of the School of Oriental Studies},
  year    = {1936},
  volume  = {8},
  number  = {2/3},
  pages   = {795-812},
}

@Book{Wiesemann1972,
  author    = {Wiesemann, Ursula},
  title     = {{D}ie phonologische und grammatische {S}truktur der {K}aing{á}ng-{S}prache},
  year      = {1972},
  publisher = {Mouton},
  address   = {The Hague},
}

@Book{Young98,
  author    = {Young, H. Peyton},
  title     = {Individual Strategy and Social Structure: {A}n Evolutionary Theory of Institutions},
  year      = {1998},
  publisher = {Princeton University Press},
  address   = {Princeton},
}

@Book{HelbigBuscha2001,
  author    = {Helbig, Gerhard and Joachim Buscha},
  title     = {Deutsche {G}rammatik: {E}in {H}andbuch für den {A}usländerunterricht},
  year      = {2001},
  publisher = {Langenscheidt},
  address   = {Berlin},
}

@Book{Vennemann1988,
  author    = {Vennemann, Theo},
  title     = {Preference laws for syllable structure},
  year      = {1988},
  publisher = {Mouton de Gruyter},
  address   = {Berlin},
}

@Article{gould,
  author    = {Gould, Stephen Jay},
  title     = {The exaptive excellence of spandrels as a term and prototype},
  journal   = {Proceedings of the National Academy of Sciences},
  year      = {1997},
  volume    = {94},
  number    = {20},
  pages     = {10750--55},
  publisher = {National Acad Sciences},
}

@InCollection{Beci1982,
  author    = {Beci, Bahri},
  title     = {E folmja e {M}irditës},
  booktitle = {Dialektologjia shqiptare 4},
  year      = {1982},
  editor    = {{Mahir Domi} and Gjinari, Jorgji and Shkurtaj, Gjovalin},
  publisher = {Akademia e Shkencave e RPS të Shqipërisë, Instituti i Gjuhësisë dhe i Letërsisë, Sektori i Gramatikës dhe i Dialektologjisë},
  pages     = {26--143},
  address   = {Tiranë},
}

@Book{Lewis69,
  author    = {David Lewis},
  title     = {Convention: {A} philosophical study},
  year      = {1969},
  publisher = {Harvard University Press},
  address   = {Cambridge, MA},
}

@MastersThesis{Rosenthal1989,
  author        = {Rosenthal, Sam},
  title         = {The phonology of nasal-obstruent sequences},
  year          = {1989},
  address       = {Montréal, Québec},
  school        = {McGill University},
}

@Article{price95,
  author  = {George R. Price},
  title   = {The Nature of Selection},
  journal = {Journal of Theoretical Biology},
  year    = {1995},
  volume  = {175},
  number  = {3},
  pages   = {389--396},
}

@Book{Kytoe2006,
  author    = {Kytö, Merja and Walker, Terry},
  title     = {\textit{Guide to ``{A} {C}orpus of {E}nglish {D}ialogues 1560--1760''}},
  year      = {2006},
  publisher = {Acta {U}niversitatis {U}psaliensis},
  address   = {Uppsala},
}

@Book{bybee_1994,
  author    = {Joan Bybee and Revere Perkins and William Pagliuca},
  title     = {The evolution of grammar: {T}ense, aspect, and modality in the languages of the world},
  year      = {1994},
  publisher = {Chicago University Press},
  address   = {Chicago},
}

@Book{HentschelWeydt2013,
  author    = {Hentschel, Elke and Harald Weydt},
  title     = {{H}andbuch der deutschen {G}rammatik},
  year      = {2013},
  edition   = {4},
  series    = {{De} {Gruyter} {Studium}},
  publisher = {De Gruyter},
  address   = {Berlin},
}

@Book{Lopasov1978,
  author    = {Lopašov, Jurij Aleksandrovič},
  title     = {Mestoimennye povtory dopolnenija v balkanskich jazykach},
  year      = {1978},
  publisher = {Nauka},
  address   = {Leningrad},
}

@InCollection{ShefqetHoxha1975,
  author    = {{Shefqet Hoxha}},
  title     = {Vëzhgime mbi të folmen e Vilë-e-Kalisit të {L}umës},
  booktitle = {Dialektologjia shqiptare 3},
  year      = {1975},
  editor    = {{Mahir Domi} and Gjinari, Jorgji and Shkurtaj, Gjovalin},
  publisher = {Akademia e Shkencave e RPS të Shqipërisë, Instituti i Gjuhësisë dhe i Letërsisë, Sektori i Gramatikës dhe i Dialektologjisë},
  pages     = {130--210},
  address   = {Tiranë},
}

@Article{aristar1996,
  author        = {Anthony Aristar},
  title         = {The relationship between dative and locative: {K}ury{\l}owicz's argument from a typological perspective},
  journal       = {Diachronica},
  year          = {1996},
  volume        = {13},
  number        = {2},
  pages         = {207--224},
  doi           = {10.1075/dia.13.2.02ari},
  bdsk-url-1    = {http://dx.doi.org/10.1075/dia.13.2.02ari},
  date-modified = {2014-12-20 15:21:11 +0000},
}

@Article{wedel-exemplar,
  author    = {Wedel, Andrew B.},
  title     = {Exemplar models, evolution and language change},
  journal   = {The Linguistic Review},
  year      = {2006},
  volume    = {23},
  number    = {3},
  pages     = {247--274},
  publisher = {Walter de Gruyter},
}

@Article{price72a,
  author  = {George R. Price},
  title   = {{Fisher}'s `fundamental theorem' made clear},
  journal = {Annals of Human Genetics},
  year    = {1972},
  volume  = {36},
  number  = {2},
  pages   = {129--40},
}

@Article{price72b,
  author  = {George R. Price},
  title   = {Extension of covariance selection mathematics},
  journal = {Annals of Human Genetics},
  year    = {1972},
  volume  = {35},
  number  = {4},
  pages   = {485--490},
}

@InCollection{zee-icphs,
  author    = {Zee, Eric and Lee, Wai-Sum},
  title     = {Vowel typology in {C}hinese},
  booktitle = {Proceedings of {ICPhS} 16},
  year      = {2007},
  editor    = {Trouvain, Jürgen and Barry, William J.},
  url       = {http://www.icphs2007.de/},
  urldate   = {2022-03-16},
}

@PhdThesis{ernestus2000,
  author  = {Mirjam Ernestus},
  title   = {Voice assimilation and segment reduction in casual {Dutch}},
  year    = {2000},
  address = {Amsterdam},
  school  = {Vrije Universiteit te Amsterdam},
}

@InCollection{vennemann,
  author    = {Vennemann, Theo},
  title     = {Language change as language improvement},
  booktitle = {Historical linguistics: {Problems} and perspectives},
  year      = {1993},
  editor    = {Jones, Charles},
  publisher = {Longman},
  pages     = {319--344},
  address   = {New York},
}

@Article{woledge56,
  author       = {Woledge, Brian},
  title        = {The Plural of the Indefinite Article in {Old} {French}},
  journaltitle = {The Modern Language Review},
  date         = {1956},
  volume       = {51},
  number       = {1},
  pages        = {17--32},
  doi          = {10.2307/3718256},
}

@InCollection{Albright_2008,
  author    = {Adam Albright},
  title     = {Explaining Universal Tendencies and Language Particulars in Analogical Change},
  booktitle = {Linguistic Universals and Language Change},
  year      = {2008},
  editor    = {Jeff Good},
  publisher = {Oxford University Press},
  pages     = {144--181},
  address   = {Oxford},
}

@InCollection{Haspelmath1995,
  author    = {Haspelmath, Martin},
  title     = {The converb as a cross-linguistically valid category},
  booktitle = {Converbs in cross-linguistic perspective: {{S}}tructure and meaning of adverbial verb forms: {{A}}dverbial participles, gerunds},
  year      = {1995},
  editor    = {Martin Haspelmath and Ekkehard König},
  series    = {Empirical Approaches to Language Typology},
  number    = {13},
  publisher = {De Gruyter},
  pages     = {1–55},
  address   = {Berlin},
}

@Article{Doerfer1973,
  author  = {Doerfer, Gerhard},
  title   = {Das {K}ur-{U}rmiische und seine {V}erwandten},
  journal = {Zentralasiatische Studien},
  year    = {1973},
  volume  = {7},
  pages   = {567--599},
}

@Article{StoutThomson1974,
  author  = {Stout, Mickey and Thomson, Ruth},
  title   = {Fonêmica {T}xukuhamei ({K}ayapó)},
  journal = {Série Lingüística},
  year    = {1974},
  number  = {3},
  pages   = {153-176},
}

@Article{Haspelmath1999,
  author  = {Haspelmath, Martin},
  title   = {Why is grammaticalization irreversible?},
  journal = {Linguistics},
  year    = {1999},
  volume  = {37},
  number  = {6},
  pages   = {1043–1068}
}

@ARTICLE{Haspelmath1999optimality,
  author = {Martin Haspelmath},
  title = {Optimality and diachronic adaptation},
  journal = {Zeitschrift für Sprachwissenschaft},
  year = {1999},
   volume = {18},
  number =	 {2},
  pages = {180--205}
}

@InCollection{rosenbach_08,
  author    = {Anette Rosenbach},
  title     = {Language change as cultural evolution: {E}volutionary approaches to language change},
  booktitle = {Variation, Selection, Development: {P}robing the Evolutionary Model of Language Change},
  year      = {2008},
  editor    = {Regine Eckardt and Gerhard Jäger and Tonjes Veenstra},
  publisher = {Mouton te Gruyter},
  pages     = {23--74},
  address   = {Berlin},
}

@Article{sole10,
  author       = {Solé, Maria-Josep},
  title        = {Effects of Syllable Position on Sound Change: {A}n Aerodynamic of Final Fricative Weakening},
  journaltitle = {Journal of Phonetics},
  date         = {2010},
  volume       = {38},
  number       = {2},
  pages        = {289--305},
  doi          = {10.1016/j.wocn.2010.02.001},
}

@Article{Abraham2004,
  author  = {Abraham, Werner},
  title   = {The grammaticalization of the infinitival preposition - Toward a theory of ‘grammaticalizing reanalysis’},
  journal = {Journal of Comparative Germanic Linguistics},
  year    = {2004},
  volume  = {7},
  number  = {2},
  pages   = {111–170},
}

@Article{Blust2005,
  author        = {Blust, Robert},
  title         = {Must sound change be linguistically motivated?},
  journal       = {Diachronica},
  year          = {2005},
  volume        = {22},
  number        = {2},
  pages         = {219-269},
  date-added    = {2018-05-21 06:25:03 +0000},
  date-modified = {2018-05-21 06:25:54 +0000},
}

@InCollection{Abraham2001,
  author    = {Abraham, Werner},
  title     = {Modals: {{T}}owards explaining the ‘epistemic non-finiteness gap’},
  booktitle = {Modalität und {Modalverben} im {D}eutschen},
  year      = {2001},
  editor    = {Reimar Müller and Marga Reis},
  series    = {Linguistische Berichte: Sonderheft},
  number    = {9},
  publisher = {Buske},
  pages     = {7–36},
  address   = {Hamburg},
}

@Article{HuImart1987,
  author  = {{Hu Zhenhua} and Guy Imart},
  title   = {Fu-yü {G}ïrgïs: {A} tentative description of the easternmost {T}urkic language},
  journal = {Papers on Inner Asia},
  year    = {1987},
  volume  = {8},
  pages   = {1–61},
}

@Book{Geluykens_2013,
  author    = {Ronald Geluykens},
  title     = {The Pragmatics of Discourse Anaphora in {E}nglish: {E}vidence from Conversational Repair},
  year      = {2013},
  publisher = {De Gruyter Mouton},
  address   = {Berlin},
}

@InCollection{Beci1974,
  author    = {Beci, Bahri},
  title     = {E folmja e {L}uznisë së {D}ibrës},
  booktitle = {Dialektologjia shqiptare 2},
  year      = {1974},
  editor    = {{Mahir Domi} and Gjinari, Jorgji and Shkurtaj, Gjovalin},
  publisher = {Akademia e Shkencave e RPS të Shqipërisë, Instituti i Gjuhësisë dhe i Letërsisë, Sektori i Gramatikës dhe i Dialektologjisë},
  pages     = {223--281},
  address   = {Tiranë},
}

@Book{Yang_2002,
  author    = {Charles D. Yang},
  title     = {Knowledge and Learning in Natural Language.},
  year      = {2002},
  publisher = {Oxford University Press},
  address   = {Oxford},
}

@Book{MaddiesonLadefoged1993,
  author        = {Maddieson, Ian and Ladefoged, Peter},
  title         = {Nasals, Nasalization, and the Velum},
  year          = {1993},
  editor        = {Huffman, Marie K. and Krakow, Rena A.},
  series        = {Phonetics and phonology},
  number        = {5},
  publisher     = {Academic Press},
  pages         = {251-301},
  address       = {London}
}

@Thesis{massot08,
  author      = {Massot, Benjamin},
  title       = {Français et diglossie: Décrire la situation linguistique française contemporaine comme une diglossie: {A}rguments morphosyntaxiques},
  type        = {phdthesis},
  institution = {Université Paris~8},
  date        = {2008},
  location    = {Saint-Denis},
  annotation  = {als pdf vorhanden},
  langid      = {french},
}

@InCollection{Bybee1997,
  author    = {Bybee, Joan},
  title     = {Semantic aspects of morphological typology},
  booktitle = {Essays on language function and language type: {{D}}edicated to {{T}}. {{G}}ivón},
  year      = {1997},
  editor    = {Joan Bybee, John Haiman and Sandra A. Thompson},
  publisher = {John Benjamins},
  pages     = {25–50},
  address   = {Amsterdam},
}

@Misc{Böhm1984,
  author    = {Böhm, Gerhard},
  title     = {{G}rammatik der {K}unama-{S}prache},
  year      = {1984},
  note      = {Wien},
  number    = {22},
  publisher = {Institut für Afrikanistik und Ägyptologie der Universität Wien},
  series    = {Beiträge zur Afrikanistik},
}

@Article{moran58,
  author  = {Patrick Alfred Pierce Moran},
  title   = {Random processes in genetics},
  journal = {Mathematical Proceedings of the Cambridge Philosophical Society},
  year    = {1958},
  volume  = {54},
  number  = {1},
  pages   = {60--71},
}

@InCollection{Yamakoshi2007,
  author    = {Yamakoshi, Yasuhiro},
  title     = {Hamuniga mongurugo tekisuto: {N}ichij\=o kaiwa o daizai ni shita kihon bunrei-sh\=u},
  booktitle = {Languages of the {N}orth {P}acific {R}im},
  year      = {2007},
  editor    = {Toshiro Tsumagari},
  volume    = {14},
  publisher = {Graduate School of Letters, Hokkaid\=o University},
  pages     = {119–157},
  address   = {Sapporo},
}

@Article{Schmidt1923,
  author  = {Schmidt, Peter},
  title   = {The language of the {O}lchas},
  journal = {Acta Universitatis Latviensis},
  year    = {1923},
  volume  = {8},
  pages   = {229–288},
}

@InCollection{RappWöllstein2013,
  author    = {Rapp, Irene and Angelika Wöllstein},
  title     = {Satzwertige \textit{zu}-{I}nfinitivkonstruktionen},
  booktitle = {Satztypen des {Deutschen}},
  year      = {2013},
  editor    = {Meibauer, Jörg and Steinbach, Markus and Altmann, Hans},
  series    = {De Gruyter Lexikon},
  publisher = {De Gruyter},
  pages     = {338–355},
  address   = {Berlin},
  sortname  = {Rapp, Irene and Angelika Wollstein},
}

@Article{Roberts_18,
  author  = {Gareth Roberts and Maryia Fedzechkina},
  title   = {Social biases modulate the loss of redundant forms in the cultural evolution of language},
  journal = {Cognition},
  year    = {2018},
  volume  = {171},
  pages   = {194--201},
}

@InCollection{Hyman1975,
  author    = {Hyman, Larry M.},
  title     = {Nasal states and nasal processes},
  booktitle = {Nasálfest: {P}apers from a symposium on nasals and nasalization},
  year      = {1975},
  editor    = {Ferguson, Charles and Hyman, Larry M. and Ohala, John},
  publisher = {Department of Linguistics, Stanford University},
  address   = {Stanford, CA},
  pages     = {249-264}
}

@Book{gu-ssanova,
  author    = {Gu, Chong},
  title     = {Smoothing spline {ANOVA} models},
  year      = {2002},
  publisher = {Springer Science \& Business Media},
  address   = {Heidelberg},
}

@Book{Flemming2002,
  author    = {Flemming, Edward},
  title     = {Auditory representations in phonology},
  year      = {2002},
  publisher = {Routledge},
  address   = {New York},
}

@Article{kirby-bias,
  author  = {Kirby, James P. and Sonderegger, Morgan},
  title   = {Bias and population structure in the actuation of sound change},
  journal = {arXiv preprint arXiv:1507.04420},
  year    = {2015},
}

@Article{Schmidt1928,
  author  = {Schmidt, Peter},
  title   = {The language of the {S}amagirs},
  journal = {Acta Universitatis Latviensis},
  year    = {1928},
  volume  = {19},
  pages   = {219–49},
}

@InCollection{hyman-enlarging,
  author    = {Hyman, Larry M.},
  title     = {Enlarging the scope of phonologization},
  booktitle = {Origins of Sound Change: {Approaches} to Phonologization},
  year      = {2013},
  editor    = {Yu, Alan C. L.},
  publisher = {Oxford University Press},
  pages     = {3--28},
  address   = {Oxford},
}

@Book{Blust2013,
  author        = {Blust, Robert},
  title         = {The {Austronesian} Languages},
  year          = {2013},
  publisher     = {Asia-Pacific Linguistics},
  address       = {Canberra, Australia},
  date-added    = {2018-05-21 06:26:01 +0000},
  date-modified = {2018-05-21 06:27:43 +0000},
}

@Book{NikolaevaTolskaya2001,
  author    = {Nikolaeva, Irina A. and Maria Tolskaya},
  title     = {A grammar of {U}dihe},
  year      = {2001},
  publisher = {Mouton de Gruyter},
  address   = {Berlin},
}

@Book{ye-suzhou,
  author    = {Ye, Xiangling},
  title     = {S\=uzh\=ou fángyán zh\`{\i} [{R}ecord of the {S}uzhou dialect]},
  year      = {1988},
  publisher = {Ji\=angs\=u ji\`aoy\`u ch\=ub\v{a}nsh\`e [Jiangsu Education Press]},
}

@InCollection{samuels,
  author    = {Samuels, Michael L.},
  title     = {The status of the functional approach},
  booktitle = {Explanation and linguistic change},
  year      = {1987},
  editor    = {Koopman, Willem F. and {van der Leek}, Frederike and Fischer, Olga and Eaton, Roger},
  publisher = {John Benjamins},
  pages     = {239--50},
  address   = {Amsterdam},
}

@Thesis{nilsson16,
  author  = {Nilsson, Sofie},
  title   = {Das perfektische {Präteritum} im {Deutschen}},
  type    = {phdthesis},
  year    = {2016},
  address = {Lund},
  annote  = {This is about preterites with a perfect meaning, not a perfective meaning, as one might think},
  school  = {Lund University},
}

@InCollection{Yamakoshi2011,
  author    = {Yamakoshi, Yasuhiro},
  title     = {Shineken {B}uryat},
  booktitle = {Grammatical sketches from the field},
  year      = {2011},
  editor    = {Yasuhiro Yamakoshi},
  publisher = {Research Institute for Languages and Cultures of Asia and Africa},
  pages     = {137–177},
  address   = {T\=oky\=o},
}

@Book{BoasDeloria1976,
  author    = {Boas, Franz and Ella Deloria},
  title     = {Dakota grammar ({Memoirs} of the {National} {Academy} of {Sciences}/{National} {Academy} of {Sciences}, {W}ashington, {D}.{C} 23/2)},
  year      = {1976 [1941]},
  publisher = {AMS Press},
  address   = {Reprint of the 1941 edn. New York},
}

@InCollection{Huttegger11,
  author    = {Huttegger, Simon M. and Zollman, Kevin J. S.},
  title     = {Signaling games: {Dy}namics of evolution and learning},
  booktitle = {Language, games, and evolution},
  year      = {2011},
  editor    = {Benz, Anton and Ebert, Christian and Jäger, Gerhard and van Rooij, Robert},
  publisher = {Springer},
  pages     = {160--176},
  address   = {Heidelberg},
}

@InCollection{giacalone-ramat,
  author    = {{Giacalone Ramat}, Anna},
  title     = {Are there dysfunctional changes?},
  booktitle = {Papers from the {S}ixth {I}nternational {C}onference on {H}istorical {L}inguistics, {P}ozna\'{n}, 22--26 {A}ugust 1983},
  year      = {1985},
  editor    = {Fisiak, Jacek},
  publisher = {John Benjamins},
  address   = {Amsterdam},
}

@InCollection{Bond2019,
  author    = {Bond, Oliver},
  title     = {Canonical typology},
  booktitle = {The {O}xford handbook of morphological theory},
  year      = {2019},
  editor    = {Audring, Jenny and Masini, Francesca},
  publisher = {Oxford University Press},
  address   = {Oxford},
}

@Book{croft-explaining,
  author    = {Croft, William},
  title     = {Explaining language change: {A}n evolutionary approach},
  year      = {2000},
  publisher = {Pearson Education},
  address   = {London},
}

@Article{jaeger_2008b,
  author  = {Gerhard Jäger},
  title   = {Applications of Game Theory in Linguistics},
  journal = {Language and Linguistics Compass},
  year    = {2008},
  volume  = {2/3},
  pages   = {408--421},
}

@Article{Gouskova2011,
  author        = {Gouskova, Maria and Zsiga, Elizabeth and Boyer, One T.},
  title         = {Grounded constraints and the consonants of {Setswana}},
  journal       = {Lingua},
  year          = {2011},
  volume        = {121},
  number        = {15},
  pages         = {2120-2152},
}

@Article{FranoLuli1975,
  author  = {{Frano Luli}},
  title   = {E folmja e {P}ostrripës},
  journal = {Studime filologjike},
  year    = {1975},
  volume  = {1},
  pages   = {79--99},
}

@InCollection{Hudak1987,
  author    = {Hudak, Thomas J.},
  title     = {{Thai}},
  booktitle = {The world’s major languages},
  year      = {1987},
  editor    = {Bernard Comrie},
  publisher = {Routledge},
  pages     = {757–775},
  address   = {London},
}

@Article{crespi,
  author    = {Crespi, Bernard J.},
  title     = {The evolution of maladaptation},
  journal   = {Heredity},
  year      = {2000},
  volume    = {84},
  number    = {6},
  pages     = {623--29},
  publisher = {Nature Publishing Group},
}

@Book{hinuber2001,
  author    = {von Hinüber, Oskar},
  title     = {Das {Ä}ltere {M}ittelindisch im {Ü}berblick},
  year      = {2001},
  publisher = {Österreichische Akademie der Wissenschaften},
  address   = {Vienna},
}

@Book{pischel00,
  author    = {Richard Pischel},
  title     = {A grammar of the {P}rakrit languages},
  year      = {1981 [1900]},
  note      = {Translated from German by Subhadra Jha},
  publisher = {Motilal Banarsidass},
  address   = {Delhi, India},
}

@Book{dawkins76,
  author    = {Richard Dawkins},
  title     = {The Selfish Gene},
  year      = {1976},
  publisher = {Oxford University Press},
  address   = {Oxford},
}

@PhdThesis{Pessoa2012,
  author = {Pessoa, Katia N.},
  title  = {An{á}lise fonética e fonológica da língua {Krenak} e abordagem preliminar de contos botocudo},
  year   = {2012},
  school = {Universidade Estadual de Campinas},
}

@Book{Buchholz1987,
  author    = {Buchholz, Oda and Fiedler, Wilfried},
  title     = {Albanische {G}rammatik},
  year      = {1987},
  publisher = {Verlag Enzyklopädie},
  address   = {Leipzig},
}

@Article{Velupillai2016,
  author  = {Velupillai, Viveka},
  title   = {Partitioning the timeline: {{A}} cross-linguistic survey of tense},
  journal = {Studies in Language},
  year    = {2016},
  volume  = {40},
  number  = {1},
  pages   = {93–136},
}

@Article{lindblom-sundberg,
  author    = {Lindblom, Björn and Sundberg, Johan},
  title     = {Acoustical consequences of lip, tongue, jaw, and larynx movement},
  journal   = {The Journal of the Acoustical Society of America},
  year      = {1971},
  volume    = {50},
  number    = {4B},
  pages     = {1166--1179},
  publisher = {Acoustical Society of America},
}

@Article{Chang2015,
  author  = {Chang, Will and Cathcart, Chundra and Hall, David and Garrett, Andrew},
  title   = {Ancestry-constrained phylogenetics analysis supports the {I}ndo-{E}uropean steppe hypothesis},
  journal = {Language},
  year    = {2015},
  volume  = {91},
  pages   = {194--244},
}

@InCollection{Janhunen2012,
  author    = {Janhunen, Juha},
  title     = {The expansion of {T}ungusic as an ethnic and linguistic process},
  booktitle = {Recent advances in {T}ungusic linguistics},
  year      = {2012},
  editor    = {Andrej Malchukov and Lindsay J. Whaley},
  publisher = {Harrassowitz},
  pages     = {5–16},
  address   = {Wiesbaden},
}

@Book{zhu-grammar,
  author    = {Zhu, Xiaonong},
  title     = {A grammar of {S}hanghai {Wu}},
  year      = {2006},
  publisher = {LINCOM Europa},
  address   = {München},
}

@Book{keller94,
  author    = {Keller, Rudi},
  title     = {On Language Change: {The} Invisible Hand in Language},
  date      = {1994},
  note      = {German Original published in 1990 by Francke, Tübingen},
  publisher = {Routledge},
  location  = {London},
}

@Article{Kirchner2000,
  author        = {Kirchner, Robert},
  title         = {Geminate Inalterability and Lenition},
  journal       = {Language},
  year          = {2000},
  volume        = {76},
  number        = {3},
  pages         = {509-545},
  date-added    = {2018-05-21 06:51:46 +0000},
  date-modified = {2018-05-21 06:52:28 +0000},
}

@Article{Janhunen2017,
  author  = {Janhunen, Juha},
  title   = {Issues of comparative {U}ralic and {A}ltaic studies (1): {T}he case of {P}roto-{M}ongolic *x},
  journal = {Hoppō jinbun kenkyū},
  year    = {2017},
  volume  = {10},
  pages   = {97-104},
}

@InCollection{Arkadev2009,
  author    = {Arkad'ev, Peter M. and Lander, Yury A. and Letuchiy, Alexander B. and Sumbatova, Nina R. and Testelec, Yakov G.},
  title     = {Vvedenie: {O}snovnye svedenija ob adygejskom jazyke},
  booktitle = {Aspekty polisintetizma: {O}cherki po grammatike adygejskogo jazyka},
  date      = {2009},
  editor    = {Yakov G. Testelets},
  publisher = {Rossijskij gosudarstvennyj gumanitarnyj universitet},
  pages     = {17--120},
  address   = {Moscow},
}

@InCollection{Wurmbrand2017,
  author    = {Wurmbrand, Susi},
  title     = {Verb clusters, verb raising, and restructuring},
  booktitle = {The {W}iley {{Blackwell}} companion to syntax},
  year      = {2017},
  editor    = {Martin Everaert and Henk C. van Riemsdijk},
  edition   = {2},
  series    = {The {Wiley} {{Blackwell}} Companions to Linguistics},
  number    = {3},
  publisher = {Wiley Blackwell},
  pages     = {4611–4719},
  address   = {Hoboken},
}

@Unpublished{LemosdaSilva1882,
  author = {Lemos da Silva, J.},
  title  = {Os índios Cayapós},
  year   = {1882},
  note   = {Available online through the Instituto Histórico e Geogr{á}fico Brasileiro},
}

@Unpublished{Lu1935,
  author = {Lu, Ji},
  title  = {Zhùyīn fúhào: {S}ūzhōu tóngyīn chángyòng zìhuì [{P}honetic notation: {S}ūzhōu common vocabulary by homophone]},
  year   = {1935},
  note   = {Unpublished ms.},
}

@Book{Dahl1985,
  author    = {Dahl, Östen},
  title     = {Tense and aspect systems},
  year      = {1985},
  publisher = {Blackwell},
  address   = {Oxford},
  sortname  = {Dahl, Osten},
}

@InCollection{Nicholsa,
  author    = {Nichols, Johanna},
  title     = {Why is gender so complex? {S}ome typological considerations},
  booktitle = {Grammatical gender and linguistic complexity {I}: {G}eneral issues and specific studies.},
  publisher = {Language Science Press},
  year      = {2019},
  editor    = {Francesca Di Garbo and Bruno Olsson and Bernhard Wälchli},
  pages     = {63--92},
  address   = {Berlin},
}

@InCollection{Nicholsb,
  author    = {Nichols, Johanna},
  title     = {Canonical complexity},
  booktitle = {The complexities of morphology},
  year      = {2020},
  editor    = {Peter Arkadiev and Francesco Gardani},
  publisher = {Oxford University Press},
  doi       = {10.1093/oso/9780198861287.003.0007},
  address   = {Oxford},
}

@InCollection{meillet_preterit,
  author    = {Meillet, Antoine},
  title     = {Sur la disparition des formes simples du prétérit},
  booktitle = {Linguistique historique et linguistique générale},
  date      = {1909/1982},
  publisher = {Slatkine/Champion},
  location  = {Genève/Paris},
  pages     = {149--158},
  langid    = {french},
}

@Book{Müller2013,
  author    = {Müller, Stefan},
  title     = {Head-Driven {Phrase} {Structure} {Grammar}: {Eine} {Einführung}},
  year      = {2013},
  edition   = {3},
  publisher = {Stauffenburg},
  address   = {Tübingen},
  sortname  = {Muller, Stefan},
}

@Book{Buchholz1977,
  author        = {Buchholz, Oda},
  title         = {Zur {V}erdoppelung der {O}bjekte im {A}lbanischen},
  year          = {1977},
  publisher     = {Akademie der Wissenschaften der DDR},
  address       = {Berlin},
  keywords      = {Albanisch, Objektverdoppelung},
  mendeley-tags = {Albanisch,Objektverdoppelung},
}

@Proceedings{Eckardt_2008,
  title     = {Variation, selection, development: {P}robing the evolutionary model of language change},
  year      = {2008},
  editor    = {Regine Eckardt and Gerhard Jäger and Tonjes Veenstra},
  publisher = {De Gruyter},
  address   = {Berlin and New York},
}

@Book{ramsey,
  author    = {Ramsey, S. Robert},
  title     = {The languages of {China}},
  year      = {1989},
  publisher = {Princeton University Press},
  address   = {Princeton, NJ},
}

@InCollection{Langacker2001,
  author    = {Langacker, Ronald W.},
  title     = {What {WH} means},
  booktitle = {Conceptual and discourse factors in linguistic structure},
  year      = {2001},
  editor    = {Alan Cienki and Barbara J. Luka and Michael B. Smith},
  publisher = {CSLI Publications},
  pages     = {137-152},
  address   = {Stanford},
}

@Proceedings{Sampson_2009,
  title     = {Linguistic complexity as an evolving variable},
  year      = {2009},
  editor    = {Geoffrey Sampson and David Gil and Peter Trudgill},
  publisher = {Oxford University Press},
  address   = {Oxford},
}

@Article{iskarous2011,
  author    = {Iskarous, Khalil and Shadle, Christine H. and Proctor, Michael I.},
  title     = {Articulatory--acoustic kinematics: {T}he production of {A}merican {E}nglish /s/},
  journal   = {The Journal of the Acoustical Society of America},
  year      = {2011},
  volume    = {129},
  number    = {2},
  pages     = {944--954},
  publisher = {Acoustical Society of America},
}

@Article{Janhunen2002,
  author  = {Janhunen, Juha},
  title   = {On the chronology of the {Ainu} ethnic complex},
  journal = {Bulletin of the Hokkaido Museum of Northern Peoples},
  year    = {2002},
  volume  = {11},
  pages   = {1--20},
}

@Book{Ness2007,
  author    = {Næss, Åshild},
  title     = {Prototypical transitivity},
  year      = {2007},
  series    = {Typological studies in language},
  publisher = {Benjamins},
  address   = {Amsterdam},
}

@Article{MuYejun1985,
  author  = {{Mu Yejun}},
  title   = {Alechuka manyu yuyin jianlun},
  journal = {Manyu yanjiu},
  year    = {1985},
  volume  = {1},
  pages   = {5--15},
}

@Article{Hölzl2018a,
  author  = {Hölzl, Andreas},
  title   = {Udi, {U}dihe and the language(s) of the {K}yakala},
  journal = {International Journal of Diachronic Linguistics and Linguistic Reconstruction},
  year    = {2018},
  volume  = {15},
  pages   = {111-146},
}

@Article{MuYejun1986,
  author  = {{Mu Yejun}},
  title   = {Alechuka manyu de shuci yu gezhuci},
  journal = {Manyu yanjiu},
  year    = {1986},
  volume  = {2},
  pages   = {2--17},
}

@Book{Hölzl2018b,
  author    = {Hölzl, Andreas},
  title     = {A typology of questions in {N}ortheast {A}sia and beyond: {A}n ecological perspective},
  series    = {Studies in Diversity Linguistics},
  number    = {20},
  year      = {2018},
  publisher = {Language Science Press},
  address   = {Berlin},
}

@Article{Hölzltoappear,
  author  = {Hölzl, Andreas and Yadi Hölzl},
  title   = {A wedding ceremony of the {K}yakala in {C}hina: {L}anguage and ritual},
  journal = {International Journal of Diachronic Linguistics and Linguistic Reconstruction},
  year    = {2019},
  volume  = {16},
  pages   = {87--144},
}

@Article{MuYejun1987,
  author  = {{Mu Yejun}},
  title   = {Balayu},
  journal = {Manyu yanjiu},
  year    = {1987},
  volume  = {2},
  pages   = {2--31, 128},
}

@Misc{Hölzl2018c,
  author = {Hölzl, Andreas},
  title  = {Das {M}andschurische: {E}in diachroner {Ü}berblick},
  year   = {2018},
  note   = {Paper presented at {Asien-Orient Institut der Universität Zürich, 16 March, 2018, Zurich}},
}

@Article{Jaeger07,
  author  = {Gerhard Jäger},
  title   = {Evolutionary Game Theory and Typology: {A} Case Study},
  journal = {Language},
  year    = {2007},
  volume  = {83},
  number  = {1},
  pages   = {74--109},
}

@InCollection{lass-shitting,
  author    = {Lass, Roger},
  title     = {On \textit{sh*tting} the door in {E}arly {M}odern {E}nglish: {A} reply to {P}rofessor {S}amuels},
  booktitle = {Explanation and linguistic change},
  year      = {1987},
  editor    = {Koopman, Willem F and {van der Leek}, Frederike and Fischer, Olga and Eaton, Roger},
  publisher = {John Benjamins},
  pages     = {251--55},
  address   = {Amsterdam},
}

@Article{MuYejun1988,
  author  = {{Mu Yejun}},
  title   = {Alechukayu yuanyin fasheng de yinbian tedian},
  journal = {Manyu yanjiu},
  year    = {1988},
  volume  = {7},
  pages   = {1--24},
}

@TechReport{Jaeger04,
  author      = {Jäger, Gerhard},
  title       = {Evolutionary Game Theory for Linguists: {A} primer},
  institution = {Stanford University and University of Potsdam},
  year        = {2004},
}

@InCollection{Reis2017,
  author    = {Reis, Marga},
  title     = {Grammatische {V}ariation und realistische {G}rammatik},
  booktitle = {Grammatische {V}ariation: {E}mpirische {Z}ugänge und theoretische {M}odellierung ({J}ahrbuch des {I}nstituts für {D}eutsche {S}prache 2016)},
  year      = {2017},
  editor    = {Marek Konopka and Angelika Wöllstein},
  publisher = {De Gruyter},
  pages     = {255–282},
  address   = {Berlin},
}

@InCollection{Newmeyer2017,
  author    = {Newmeyer, Frederick J.},
  title     = {Formal and functional explanation},
  booktitle = {The {Oxford} handbook of {Universal} {Grammar}},
  year      = {2017},
  editor    = {Ian Roberts},
  series    = {Oxford Handbooks in Linguistics},
  publisher = {Oxford University Press},
  pages     = {129–152},
  address   = {Oxford},
}

@Article{portner03,
  author       = {Portner, Paul},
  title        = {The (Temporal) Semantics and (Modal) Pragmatics of the Perfect},
  journaltitle = {Linguistics and {P}hilosophy},
  date         = {2003},
  volume       = {26},
  pages        = {459--510},
  annotation   = {als .pdf vorhanden},
}

@InCollection{Wright1997,
  author    = {Wright, Susan},
  title     = {``{A}h'm Going For To Give Youse A Story Today'': {R}emarks On Second Person Plural Pronouns In {Englishes}},
  booktitle = {Taming the Vernacular: {F}rom Dialect to Written Standard Language},
  year      = {1997},
  editor    = {Cheshire, Jenny and Stein, Dieter},
  publisher = {Longman},
  pages     = {170-184},
  address   = {London},
}

@InCollection{Coetzee2007,
  author        = {Coetzee, Andries W. and Lin, Susan and Pretorius, Rigardt},
  title         = {Post-nasal devoicing in {Tswana}},
  booktitle     = {Proceedings of the 16th {I}nternational {C}ongress of {P}honetic {S}ciences},
  year          = {2007},
  editor        = {Trouvain, Jürgen and Barry, William J.},
  pages         = {861-864},
  address       = {Saarbrücken, Germany},
  date-added    = {2018-05-21 06:33:37 +0000},
  date-modified = {2018-05-21 06:35:24 +0000},
}

@Book{Mayerthaler_1980,
  author    = {Willi Mayerthaler},
  title     = {Morphologische {N}atürlichkeit},
  year      = {1988},
  publisher = {Athenäum},
  address   = {Frankfurt a.M.},
}

@MastersThesis{Quintino2000,
  author  = {Quintino, William P.},
  title   = {Aspectos da fonolog{\'\i}a {X}avante},
  year    = {2000},
  address = {Brazil},
  school  = {Universidade Estadual de Campinas},
}

@InCollection{Harris2005,
  author        = {Harris, Alice C.},
  title         = {The challenge of typologically unusual structures},
  booktitle     = {Proceedings of the fourth {M}editerranean {M}orphology {M}eeting ({MMM}4), 21-23 {S}eptember, 2003},
  year          = {2005},
  editor        = {Booij, Geert and Guevara, Emiliano and Ralli, Angela and Scalise, Sergio},
  pages         = {277-284},
  address       = {Catania},
  date-added    = {2018-05-21 06:40:24 +0000},
  date-modified = {2018-05-21 06:42:19 +0000},
}

@InCollection{Lass1999,
  author    = {Lass, Roger},
  title     = {Phonology and Morphology},
  booktitle = {The {C}ambridge history of the {E}nglish language. {V}ol. 3: 1476 to 1776},
  year      = {1999},
  editor    = {Lass, Roger},
  publisher = {Cambridge University Press},
  pages     = {56--186},
  address   = {Cambridge},
}

@InCollection{ling,
  author    = {Ling, Feng},
  title     = {The articulatory and acoustic study of fricative vowels in {S}uzhou {C}hinese},
  booktitle = {Proceedings of {ICPhS} 16},
  year      = {2007},
  url       = {http://www.icphs2007.de/},
  urldate   = {2022-03-16},
}

@InBook{Steriade1993,
  author    = {Steriade, Donca},
  title     = {Closure, release, and nasal contours},
  booktitle = {Nasals, nasalization, and the velum},
  year      = {1993},
  editor    = {Huffman, Marie K. and Rena A. Krakow},
  number    = {5},
  series    = {Phonetics and phonology},
  publisher = {Academic Press},
  pages     = {401--470},
  address   = {San Diego},
}

@MastersThesis{Salanova2001,
  author  = {Salanova, Andrés P.},
  title   = {A nasalidade em {M}ebengokre e {A}pinayé: {O} limite do vozeamento soante},
  year    = {2001},
  address = {Brazil},
  school  = {Universidade Estadual de Campinas},
}

@InCollection{Lass1992,
  author    = {Lass, Roger},
  title     = {Phonology and Morphology},
  booktitle = {The {C}ambridge history of the {E}nglish language. {V}ol. 2: 1066 to 1476},
  year      = {1992},
  editor    = {Blake, Norman},
  publisher = {{Cambridge University Press}},
  pages     = {23--155},
  address   = {Cambridge},
}

@Article{CoetzeePretorius2010,
  author        = {Coetzee, Andries W. and Pretorius, Rigardt},
  title         = {Phonetically grounded phonology and sound change: {T}he case of {Tswana} labial plosives},
  journal       = {Journal of Phonetics},
  year          = {2010},
  volume        = {38},
  pages         = {404-421},
  date-added    = {2018-05-21 06:35:31 +0000},
  date-modified = {2018-05-21 06:36:26 +0000},
}

@Article{King2011,
  author  = {King, Ruth and Martineau, France and Mougeon, Raymond},
  title   = {The interplay of internal and external factors in grammatical change: {F}irst-person plural pronouns in {F}rench},
  journal = {Language},
  year    = {2011},
  volume  = {87},
  number  = {3},
  pages   = {470--509},
}

@Article{Hardin1243,
  author       = {Hardin, Garrett},
  title        = {{T}he tragedy of the commons},
  journaltitle = {Science},
  date         = {1968},
  volume       = {162},
  number       = {3859},
  pages        = {1243--1248},
  doi          = {10.1126/science.162.3859.1243},
}

@Book{Benzing1956,
  author    = {Benzing, Johannes},
  title     = {Die tungusischen {S}prachen: {V}ersuch einer vergleichenden {G}rammatik},
  year      = {1956},
  publisher = {Akademie der Wissenschaften und der Literatur},
  address   = {Mainz},
}

@Book{Finkenstaedt1963,
  author    = {Finkenstaedt, Thomas},
  title     = {\emph{You} und \emph{thou}: {S}tudien zur {A}nrede im {E}nglischen: {M}it einem {E}xkurs über die {A}nrede im {D}eutschen},
  year      = {1963},
  publisher = {De Gruyter},
  address   = {Berlin},
}

@InCollection{Bogner2009,
  author    = {Bogner, Stephan},
  title     = {Futur {{I}} und {II}},
  booktitle = {Deutsche {M}orphologie},
  year      = {2009},
  editor    = {Elke Hentschel and Petra M. Vogel},
  series    = {{De} {Gruyter} {Lexikon}},
  publisher = {De Gruyter},
  pages     = {96–112},
  address   = {Berlin},
}

@Book{comrie_76,
  author    = {Bernard Comrie},
  title     = {Aspect},
  year      = {1976},
  series    = {Cambridge Textbooks in Linguistics},
  publisher = {Cambridge University Press},
  address   = {Cambridge},
}

@Book{comrie76,
  author    = {Bernard Comrie},
  title     = {Aspect: {A}n Introduction to the Study of Verbal Aspect and Related Problems},
  year      = {1976},
  publisher = {Cambridge University Press},
  address   = {Cambridge},
}

@Book{Nakanome1928,
  author    = {Nakanome, Akira},
  title     = {Grammatik der {O}rokko-{S}prache},
  year      = {1928},
  publisher = {The Osaka Asiatic Society},
  address   = {Osaka},
}

@Book{Benzing1955,
  author    = {Benzing, Johannes},
  title     = {Lamutische {G}rammatik: {M}it {B}ibliographie, {S}prachproben und {G}lossar},
  year      = {1955},
  publisher = {Harrassowitz},
  address   = {Wiesbaden},
}

@Book{BulatovaCotrozzi2004,
  author    = {Bulatova, Nadezhda and Stefano Cotrozzi},
  title     = {Ewenkische {E}rzählungen aus der {I}nsel {S}achalin},
  year      = {2004},
  publisher = {Verlag für Kultur und Wissenschaft},
  address   = {Bonn},
}

@Article{Stadler_2016,
  author  = {Kevin Stadler and Richard A. Blythe and Kenny Smith and Simon Kirby},
  title   = {Momentum in language change},
  journal = {Language Dynamics and Change},
  year    = {2016},
  volume  = {6},
  pages   = {171--198},
}

@Article{Taylor78,
  author  = {Peter D. Taylor and Leo B. Jonker},
  title   = {Evolutionarily Stable Strategies and Game Dynamics},
  journal = {Mathematical Biosciences},
  year    = {1978},
  volume  = {40},
  pages   = {145--156},
}

@Article{wood-palatal,
  author    = {Wood, Sidney},
  title     = {The acoustical significance of tongue, lip, and larynx maneuvers in rounded palatal vowels},
  journal   = {The Journal of the Acoustical Society of America},
  year      = {1986},
  volume    = {80},
  number    = {2},
  pages     = {391--401},
  publisher = {Acoustical Society of America},
}

@InCollection{Dourado2004,
  author    = {Dourado, Luciana},
  title     = {As vicissitudes do povo Panar{á} e a sua língua},
  booktitle = {Atas do II Encontro Nacional do GELCO: {I}ntegra{\c c}ão linguística, étnica e social},
  year      = {2004},
  publisher = {Oficina Editorial do Instituto de Letras da UnB},
  address   = {Brasília, Brazil},
}

@InCollection{BickelNichols2007,
  author    = {Bickel, Balthasar and Johanna Nichols},
  title     = {Inflectional morphology},
  booktitle = {Language typology and syntactic description, vol. 3: {G}rammatical categories and the lexicon},
  year      = {2007},
  editor    = {Timothy Shopen},
  edition   = {2},
  publisher = {Cambridge University Press},
  pages     = {169–240},
  address   = {Cambridge},
}

@PhdThesis{Giraldin1997,
  author  = {Giraldin, Odair},
  title   = {Cayapó e {P}anar{á}: {L}uta e sobrevivência de um povo j{\^e} no {B}rasil {C}entral},
  year    = {1997},
  address = {Campinas},
  school  = {Universidade Estadual de Campinas},
}

@Article{Ehrenreich1894,
  author  = {Ehrenreich, Paul},
  title   = {Materialen zur {S}prachenkunde {B}rasiliens},
  journal = {Zeitschrift für Ethnologie},
  year    = {1894},
  number  = {26},
  pages   = {115-137},
}

@Article{Ahmetaj1989,
  author  = {Ahmetaj, Mehmet},
  title   = {E folmja shqipe e {P}lavës dhe e {G}ucisë},
  journal = {Studime gjuhësore},
  year    = {1989},
  volume  = {2},
  pages   = {223--342},
}

@Article{frank95,
  author  = {Steven A. Frank},
  title   = {George {P}rice's contributions to evolutionary genetics},
  journal = {Journal of Theoretical Biology},
  year    = {1995},
  volume  = {175},
  number  = {3},
  pages   = {373--388},
}

@Book{karlgren,
  author    = {Karlgren, Bernhard},
  title     = {{{\'E}tudes sur la phonologie chinoise}},
  year      = {1926},
  publisher = {EJ Brill},
  address   = {Leyde},
}

@InCollection{dayal1999,
  author    = {Veneeta Dayal},
  title     = {Bare {NPs}, reference to kinds, and incorporation},
  booktitle = {Proceedings of the 9th Semantics and Linguistic Theory Conference ({SALT 9})},
  year      = {1999},
  editor    = {Tanya Matthews and Devon Strolovitch},
  publisher = {Cornell University},
  pages     = {34--51},
  doi       = {10.3765/salt.v9i0.2816},
  address   = {Ithaca, NY},
}

@Article{vanRooij_2004,
  author  = {van Rooij, Robert},
  title   = {Evolution of conventional meaning and conversational principles},
  journal = {Synthese},
  year    = {2004},
  volume  = {139},
  number  = {2},
  pages   = {331--366},
}

@Article{Price_1995,
  author  = {George R. Price},
  title   = {The nature of selection},
  journal = {Journal of Theoretical Biology},
  year    = {1995},
  volume  = {175(3)},
  pages   = {389--396},
}

@InCollection{Nikolaeva2007,
  author    = {Nikolaeva, Irina A.},
  title     = {Introduction},
  booktitle = {Finiteness: {T}heoretical and empirical foundations},
  year      = {2007},
  editor    = {Irina A. Nikolaeva},
  publisher = {Oxford University Press},
  pages     = {1–19},
  address   = {Oxford},
}

@Book{Chao2017,
  author    = {Chao, Yuen Ren},
  title     = {Dāngdài wúyǔ yánjiū [{S}tudies in the {M}odern {W}u-dialects]},
  year      = {1928/2017},
  publisher = {Beijing: Shāngwù yìnshūguǎn [Commercial Press]},
}

@Book{Erben1980,
  author    = {Erben, Johannes},
  title     = {Deutsche {G}rammatik: {E}in {A}briß},
  year      = {1980},
  edition   = {12},
  publisher = {Hueber},
  address   = {Munich},
}

@Unpublished{Barbosa1918,
  author = {Barbosa, Alexandre S.},
  title  = {Cayapó e panar{á}},
  year   = {1918},
  note   = {Available online through the Instituto Histórico e Geogr{á}fico Brasileiro},
}

@Article{rose-yang,
  author    = {Rose, Phil},
  title     = {Phonetics and phonology of {Y}ang tone; phonation types in {Z}henhai},
  journal   = {Cahiers de linguistique---Asie orientale},
  year      = {1989},
  volume    = {18},
  number    = {2},
  pages     = {229--245},
  publisher = {Persée-Portail des revues scientifiques en SHS},
}

@Book{Wöllstein2016,
  title     = {Duden: {D}ie {G}rammatik},
  year      = {2016},
  editor    = {Wöllstein, Angelika},
  series    = {Der Duden in 12 Bänden},
  number    = {4},
  publisher = {Dudenverlag},
  address   = {Berlin},
  sortname  = {Wollstein, Angelika},
}

@InCollection{Burnley2003,
  author    = {Burnley, David},
  title     = {The {T/V} pronouns in later {M}iddle {E}nglish literature},
  booktitle = {Diachronic perspectives on address term systems},
  year      = {2003},
  editor    = {Jucker, Andreas and Taavitsainen, Irma},
  publisher = {John Benjamins},
  pages     = {28--45},
  address   = {Amsterdam},
}

@Book{Doerfer1985,
  author    = {Doerfer, Gerhard},
  title     = {Mongolo-{T}ungusica},
  year      = {1985},
  series    = {Tungusica},
  number    = {3},
  publisher = {Harrassowitz},
  address   = {Wiesbaden},
}

@Book{cai-yancheng,
  author    = {Cai, Huaxiang},
  title     = {Yánch\'eng fángy\v{a}n yánji\=u [{R}esearch on the {Y}ánch\'eng dialect]},
  year      = {2011},
  publisher = {Beijing: Zh\=onghuá Sh\=uj\'u [Zhonghua Book Company]},
}

@Book{Schmidtke-Bode2009,
  author    = {Schmidtke-Bode, Karsten},
  title     = {A typology of purpose clauses},
  year      = {2009},
  series    = {Typological Studies in Language},
  number    = {88},
  publisher = {John Benjamins},
  address   = {Amsterdam},
}

@Article{Deo_2015,
  author  = {Ashwini Deo},
  title   = {The semantic and pragmatic underpinnings of grammaticalization paths: {T}he progressive to imperfective shift},
  journal = {Semantics and Pragmatics},
  year    = {2015},
  volume  = {8},
  pages   = {1--52}
}

@Book{Leith1997,
  author    = {Leith, Dick},
  title     = {A social history of {E}nglish},
  year      = {1997},
  publisher = {Routledge},
  address   = {London},
}

@Book{xu-tang,
  author    = {Xu, Baohua and Tang, Zhenzhu},
  title     = {Sh\`angh\v{a}i sh\`{\i}q\=u fángy\v{a}n zh\`{\i} [{A} description of the urban {S}hanghai dialect]},
  year      = {1988},
  publisher = {Sh\`angh\v{a}i ji\`aoy\`u ch\=ub\v{a}nsh\`e [Shanghai Education Press]},
}

@Article{Heyd2010,
  author  = {Heyd, Theresa},
  title   = {\textit{How you guys doin'?} {S}taged orality and emerging plural address in the television series \textit{{F}riends}},
  journal = {American Speech},
  year    = {2010},
  volume  = {85},
  number  = {1},
  pages   = {33--66},
}

% missing references (re)added by Andi

@incollection{ferguson90,
  address               = {Amsterdam},
  author                = {Ferguson, Charles A.},
  booktitle             = {Studies in typology and diachrony: {P}apers presented to {J}oseph {H}. {G}reenberg on his 75th birthday},
  editor                = {Croft, William A. and Kemmer, Suzanne and Denning, Keith},
  pages                 = {59-78},
  publisher             = {John Benjamins},
  title                 = {From esses to aitches: {I}dentifying pathways of diachronic change},
  year                  = {1990}
}

@incollection{Miestamo2008grammatical,
	address = {Amsterdam},
	author = {Miestamo, Matti},
	booktitle = {Language complexity: {T}ypology, contact, change},
	editor = {Matti Miestamo and Kaius Sinnemäki and Fred Karlsson},
	pages = {23-41},
	publisher = {Benjamins},
	title = {Grammatical complexity in a cross-linguistic perspective},
	year = {2008}
}

@book{StuckyStucky1976,
    author = {Al Stucky and Dellene Stucky},
    note = {(Unpublished manuscript.)},
    title = {Nii grammar: {F}rom morpheme to discourse},
    year = {1976},
    url= {https://www.sil.org/resources/publications/entry/31273},
    urldate   = {2022-03-18}
}

@Book{Kortmannetal2020,
  title     = {The electronic world atlas of varieties of {E}nglish},
  publisher = {{Zenodo}},
  year      = {2020},
  editor    = {Kortmann, Bernd and Lunkenheimer, Kerstin and Katharina Ehret},
  url       = {http://ewave-atlas.org},
  urldate   = {2022-02-22},
}

@book{Cetta1982,
address = {Prishtinë},
author = {{\c{C}}etta, Anton},
publisher = {Instituti Albanologjik i Prishtinës},
title = {Përralla},
volume = {2},
year = {1982}
}

@Comment{jabref-meta: databaseType:biblatex;}
