@article{abbott.etal1985,
  title = {The representation of scripts in memory},
  author = {Abbott, Valerie and Black, John B. and Smith, Edward E.},
  date = {1985-04},
  journaltitle = {Journal of Memory and Language},
  volume = {24},
  pages = {179--199},
  issn = {0749596X},
  doi = {10.1016/0749-596X(85)90023-3},
  number = {2}
}

@phdthesis{abels2003,
  title = {Successive cyclicity, anti-locality, and adposition stranding},
  author = {Abels, Klaus},
  date = {2003},
  institution = {{University of Connecticut}},
  type = {PhD thesis},
  doi = {10.1515/9783110284225}
}

@book{abels2012,
  title = {Phases: {{An}} essay on cyclicity in syntax},
  author = {Abels, Klaus},
  date = {2012},
  publisher = {{Walter de Gruyter}},
  location = {{Berlin \& Boston}}, 
  doi = {10.1515/9783110284225}
}

@phdthesis{aelbrecht2009,
  title = {You have the right to remain silent: {{The}} syntactic licensing of ellipsis},
  author = {Aelbrecht, Loebke},
  date = {2009},
  institution = {{Hogeschool-Universiteit Brussel}},
  location = {{Brussels}},
  type = {PhD thesis}
}

@article{arregi2003,
  title = {Clitic left dislocation is contrastive topicalization},
  author = {Arregi, Karlos},
  date = {2003},
  journaltitle = {U. Penn Working Papers in Linguistics},
  volume = {9},
  number = {1},
  issue = {Article 4},
  pages = {31--44}
}

@article{arregui.etal2006,
  title = {Processing elided verb phrases with flawed antecedents: {{The}} recycling hypothesis},
  shorttitle = {Processing elided verb phrases with flawed antecedents},
  author = {Arregui, Ana and Clifton, Charles and Frazier, Lyn and Moulton, Keir},
  date = {2006-08},
  journaltitle = {Journal of Memory and Language},
  volume = {55},
  pages = {232--246},
  issn = {0749596X},
  doi = {10.1016/j.jml.2006.02.005},
  number = {2}
}

@inproceedings{asr.demberg2015,
  title = {Uniform {{Information Density}} at the level of discourse relations: {{Negation}} markers and discourse donnective omission},
  booktitle = {Proceedings of the 11th {{International Conference}} on {{Computational Semantics}}},
  author = {Asr, Fatameh Torabi and Demberg, Vera},
  editor = {Purver, Matthew and Sadrzadeh, Mehrnoosh and Stone, Matthew},
  date = {2015},
  pages = {118--128},
  publisher = {{Association for Computational Linguistics}},
  location = {{London, UK}}
}


@book{attneave1959,
  title = {Applications of information theory to psychology},
  author = {Attneave, Fred},
  date = {1959},
  publisher = {{Holt-Dryden}},
  location = {{Oxford}}
}

@article{aylett.turk2004,
  title = {The {{Smooth Signal Redundancy Hypothesis}}: {{A}} functional explanation for relationships between redundancy, prosodic prominence, and duration in spontaneous speech},
  author = {Aylett, Matthew and Turk, Alice},
  date = {2004},
  journaltitle = {Language and Speech},
  volume = {47},
  pages = {31--56},
  doi = {10.1177/00238309040470010201},
  number = {1}
}

@article{balling.kizach2017,
  title = {Effects of surprisal and locality on {{Danish}} sentence processing: {{An}} eye-tracking investigation},
  shorttitle = {Effects of {{Surprisal}} and {{Locality}} on {{Danish Sentence Processing}}},
  author = {Balling, Laura Winther and Kizach, Johannes},
  date = {2017-10},
  journaltitle = {Journal of Psycholinguistic Research},
  volume = {46},
  pages = {1119--1136},
  issn = {0090-6905, 1573-6555},
  doi = {10.1007/s10936-017-9482-2},
  number = {5}
}

@article{bar-hillel.carnap1953,
  title = {Semantic information},
  author = {{Bar-Hillel}, Yehoshua and Carnap, Rudolf},
  year = {1953},
  volume = {4},
  pages = {147--157},
  journal = {The British Journal for the Philosophy of Science},
  number = {14}
}

@article{barr.etal2013,
  title = {Random effects structure for confirmatory hypothesis testing: {{Keep}} it maximal},
  author = {Barr, Dale J. and Levy, Roger and Scheepers, Christoph and Tily, Harry J.},
  date = {2013},
  journaltitle = {Journal of Memory and Language},
  volume = {68},
  pages = {255--278},
  issn = {0749-596X},
  doi = {10.1016/j.jml.2012.11.001},
  keywords = {Generalization,Linear mixed-effects models,Monte Carlo simulation,Statistics},
  number = {3}
}

@book{barton1990,
  title = {Nonsentential constituents: {{A}} theory of grammatical structure and pragmatic interpretation},
  author = {Barton, Ellen},
  date = {1990},
  publisher = {{John Benjamins}},
  location = {Amsterdam \& Philadelphia}, 
  doi = {10.1075/pbns.2}
}

@article{barton1998,
  title = {The grammar of telegraphic structures: {{Sentential}} and nonsentential derivation},
  shorttitle = {The {{Grammar}} of {{Telegraphic Structures}}},
  author = {Barton, Ellen},
  date = {1998-03},
  journaltitle = {Journal of English Linguistics},
  volume = {26},
  pages = {37--67},
  issn = {0075-4242, 1552-5457},
  doi = {10.1177/007542429802600103},
  number = {1}
}

@incollection{barton2006,
  title = {Toward a nonsentential analysis in generative grammar},
  booktitle = {Linguistik {{Aktuell}}/{{Linguistics Today}}},
  author = {Barton, Ellen},
  editor = {Progovac, Ljiljana and Paesani, Kate and Casielles, Eugenia and Barton, Ellen},
  date = {2006},
  volume = {93},
  pages = {11--31},
  publisher = {{John Benjamins}},
  location = {Amsterdam},
  doi = {10.1075/la.93.03bar},
  isbn = {978-90-272-3357-8}
}

@incollection{barton.progovac2005,
  title = {Nonsententials in {{Minimalism}}},
  booktitle = {Ellipsis and {{Nonsentential Speech}}},
  author = {Barton, Ellen and Progovac, Ljiljana},
  editor = {Elugardo, Reinaldo and Stainton, Robert J.},
  date = {2005},
  pages = {71--93},
  publisher = {{Springer Netherlands}},
  location = {{Dordrecht}},
  doi = {10.1007/1-4020-2301-4_4},
  isbn = {978-1-4020-2301-9}
}

@article{bates.etal2015,
  title = {Fitting linear mixed-effects models using lme4},
  author = {Bates, Douglas and Mächler, Martin and Bolker, Ben and Walker, Steve},
  date = {2015},
  journaltitle = {Journal of Statistical Software},
  volume = {67},
  pages = {1--48},
  doi = {10.18637/jss.v067.i01},
  number = {1}
}

@inproceedings{baumann.etal2006,
  title = {Prosodic marking of focus domains: {{Categorical}} or gradient?},
  booktitle = {Proceedings of {{Speech Prosody}} 2006},
  author = {Baumann, Stefan and Grice, Martine and Steindamm, Susanne},
  date = {2006},
  pages = {301--304}
}

@inproceedings{baumann.etal2007,
  title = {Tonal and articulatory marking of focus in {{German}}},
  booktitle = {Proceedings of the 16th {{International Congress}} of {{Phonetic Sciences}}},
  author = {Baumann, Stefan and Becker, Johannes and Grice, Martine and Mücke, Doris},
  date = {2007},
  pages = {1029--1032},
  location = {{Saarbrücken}}
}

@article{bell.etal2003,
  title = {Effects of disfluencies, predictability, and utterance position on word form variation in {{English}} conversation},
  author = {Bell, Alan and Jurafsky, Daniel and Fosler-Lussier, Eric and Girand, Cynthia and Gregory, Michelle and Gildea, Daniel},
  date = {2003-02},
  journaltitle = {The Journal of the Acoustical Society of America},
  volume = {113},
  pages = {1001--1024},
  issn = {0001-4966},
  doi = {10.1121/1.1534836},
  number = {2}
}

@article{bell.etal2009,
  title = {Predictability effects on durations of content and function words in conversational {{English}}},
  author = {Bell, Alan and Brenier, Jason M. and Gregory, Michelle and Girand, Cynthia and Jurafsky, Dan},
  year = {2009},
  month = jan,
  volume = {60},
  pages = {92--111},
  issn = {0749596X},
  doi = {10.1016/j.jml.2008.06.003},
  journal = {Journal of Memory and Language},
  number = {1}
}

@article{bell1984,
  title = {Language style as audience design},
  author = {Bell, Allan},
  date = {1984},
  journaltitle = {Language in Society},
  volume = {13},
  pages = {145--204},
  doi = {10.1017/S004740450001037X},
  number = {2}
}

@incollection{beninca.poletto2004,
  title = {Topic, focus and {{V2}}: {{Defining}} the {{CP}} sublayers},
  booktitle = {The structure of {{CP}} and {{IP}}: {{The}} cartography of syntactic structures},
  author = {Benincà, Paola and Poletto, Cecilia},
  editor = {Rizzi, Luigi},
  date = {2004},
  volume = {2},
  pages = {52--75},
  publisher = {{Oxford University Press}},
  location = {{Oxford}}
}

@article{benz.vanrooij2007,
  title = {Optimal assertions, and what they implicate: {{A}} uniform game theoretic approach},
  author = {Benz, Anton and van Rooij, Robert},
  date = {2007-03},
  journaltitle = {Topoi},
  volume = {26},
  pages = {63--78},
  issn = {0167-7411, 1572-8749},
  doi = {10.1007/s11245-006-9007-3},
  number = {1},
  options = {useprefix=true}
}

@article{bergen.goodman2015,
  title = {The strategic use of noise in pragmatic reasoning},
  author = {Bergen, Leon and Goodman, Noah D.},
  date = {2015},
  journaltitle = {Topics in Cognitive Science},
  volume = {7},
  pages = {336--350},
  number = {2}, 
  doi = {10.1111/tops.12144}
}

@article{bicknell.etal2010,
  title = {Effects of event knowledge in processing verbal arguments},
  author = {Bicknell, Klinton and Elman, Jeffrey L. and Hare, Mary and McRae, Ken and Kutas, Marta},
  date = {2010-11},
  journaltitle = {Journal of Memory and Language},
  volume = {63},
  pages = {489--505},
  issn = {0749596X},
  doi = {10.1016/j.jml.2010.08.004},
  number = {4}
}

@article{bildhauer2011,
  title = {Mehrfache {{Vorfeldbesetzung}} und {{Informationsstruktur}}: {{Eine Bestandsaufnahme}}},
  author = {Bildhauer, Felix},
  date = {2011},
  journaltitle = {Deutsche Sprache},
  volume = {4},
  pages = {362--379},
  number = {11}
}

@article{bock1987,
  title = {An effect of the accessibility of word forms on sentence structures},
  author = {Bock, Kathryn},
  date = {1987-04},
  journaltitle = {Journal of Memory and Language},
  volume = {26},
  pages = {119--137},
  issn = {0749596X},
  doi = {10.1016/0749-596X(87)90120-3},
  number = {2}
}

@incollection{bogal-allbritten2013,
  title = {Modification of {{DPs}} by epistemic modal adverbs},
  booktitle = {Proceedings of the 19th {{Amsterdam Colloquium}} 2013},
  author = {Bogal-Allbritten, Elizabeth},
  editor = {Aloni, Maria and Franke, Michael and Roelofsen, Floris},
  date = {2013},
  pages = {51--58}
}

@article{boskovic2002,
  title = {On {{Multiple}} \textbackslash emph\{wh\}-{{Fronting}}},
  author = {Bošković, Željko},
  date = {2002-07},
  journaltitle = {Linguistic Inquiry},
  volume = {33},
  pages = {351--383},
  issn = {0024-3892, 1530-9150},
  doi = {10.1162/002438902760168536},
  number = {3}
}

@article{boskovic2005,
  title = {On the locality of left branch extraction and the structure of {{NP}}},
  author = {Bǒsković, Željko},
  date = {2005},
  journaltitle = {Studia Linguistica},
  volume = {59},
  doi = {10.1111/j.1467-9582.2005.00118.x},
  pages = {1--45}
}
 
@article{botvinick.plaut2004,
  title = {Doing without schema hierarchies: {{A}} recurrent connectionist approach to normal and impaired routine sequential action.},
  shorttitle = {Doing {{Without Schema Hierarchies}}},
  author = {Botvinick, Matthew and Plaut, David C.},
  date = {2004},
  journaltitle = {Psychological Review},
  volume = {111},
  pages = {395--429},
  issn = {1939-1471, 0033-295X},
  doi = {10.1037/0033-295X.111.2.395},
  number = {2}
}

@article{bower.etal1979,
  title = {Scripts in memory for text},
  author = {Bower, Gordon H. and Black, John B. and Turner, Terrence J.},
  date = {1979-04},
  journaltitle = {Cognitive Psychology},
  volume = {11},
  pages = {177--220},
  issn = {00100285},
  doi = {10.1016/0010-0285(79)90009-4},
  number = {2}
}

@incollection{brandner2004,
  title = {Head-movement in minimalism, and {{V2}} as {{FORCE}}-marking},
  booktitle = {The syntax and semantics of the left periphery},
  author = {Brandner, Ellen},
  editor = {Lohnstein, Horst and Trissler, Susanne},
  date = {2004-01-31},
  publisher = {{de Gruyter}},
  location = {{Berlin \& Boston}},
  doi = {10.1515/9783110912111.97},
  isbn = {978-3-11-091211-1}
}

@inproceedings{brandt.etal2017,
  title = {Mel-cepstral distortion of {{German}} vowels in different information density contexts},
  booktitle = {Proceedings of {Interspeech} 2017},
  author = {Brandt, Erika and Zimmerer, Frank and Andreeva, Bistra and Möbius, Bernd},
  date = {2017-08-20},
  pages = {2993--2997},
  publisher = {{ISCA}},
  doi = {10.21437/Interspeech.2017-838},
  eventtitle = {Interspeech 2017}
}

@inproceedings{brandt.etal2018,
  title = {Impact of prosodic structure and information density on dynamic formant trajectories in {{German}}},
  booktitle = {9th {{International Conference}} on {{Speech Prosody}} 2018},
  author = {Brandt, Erika and Zimmerer, Frank and Andreeva, Bistra and Möbius, Bernd},
  date = {2018-06-13},
  pages = {119--123},
  publisher = {{ISCA}},
  doi = {10.21437/SpeechProsody.2018-24},
  eventtitle = {9th {{International Conference}} on {{Speech Prosody}} 2018}
}

@article{breheny.etal2006,
  title = {Are generalised scalar implicatures generated by default? {{An}} on-line investigation into the role of context in generating pragmatic inferences},
  shorttitle = {Are generalised scalar implicatures generated by default?},
  author = {Breheny, Richard and Katsos, Napoleon and Williams, John},
  date = {2006-07},
  journaltitle = {Cognition},
  volume = {100},
  pages = {434--463},
  issn = {00100277},
  doi = {10.1016/j.cognition.2005.07.003},
  number = {3}
}

@misc{brothers.kuperberg2019,
  title = {Linear (not logarithmic) effects of lexical predictability},
  author = {Brothers, Trevor and Kuperberg, Gina},
  date = {2019},
  addendum = {Poster presented at CUNY 2019. Boulder, CO.}
}

@book{buring1997,
  title = {The meaning of topic and focus: {{The}} 59th {{Street Bridge}} accent},
  author = {Büring, Daniel},
  date = {1997},
  publisher = {{Routledge}},
  location = {{London}}
}

@unpublished{burnard2000,
  title = {Reference guide for the {{British National Corpus}} ({{World Edition}})},
  author = {Burnard, Lou},
  date = {2000},
  addendum = {Oxford Universtity Computing Services}
}

@article{camblin.etal2007,
  title = {The interplay of discourse congruence and lexical association during sentence processing: {{Evidence}} from {{ERPs}} and eye tracking},
  shorttitle = {The interplay of discourse congruence and lexical association during sentence processing},
  author = {Camblin, C. Christine and Gordon, Peter C. and Swaab, Tamara Y.},
  date = {2007-01},
  journaltitle = {Journal of Memory and Language},
  volume = {56},
  pages = {103--128},
  issn = {0749596X},
  doi = {10.1016/j.jml.2006.07.005},
  number = {1}
}

@incollection{chafe1976,
  title = {Givenness,  contrastiveness,  definiteness,  subjects, topics  and  point  of  view},
  booktitle = {Subject and topic},
  author = {Chafe, Wallace L},
  editor = {Li, Charles N.},
  date = {1976},
  publisher = {{Academic Press}},
  location = {{New York}}
}

@inproceedings{chambers.jurafsky2008,
  title = {Unsupervised learning of narrative event chains},
  booktitle = {Proceedings of {{ACL}} '08: {{HLT}}},
  author = {Chambers, Nathanael and Jurafsky, Dan},
  date = {2008},
  pages = {789--797},
  location = {{Columbus, OH}}
}

@inproceedings{chambers.jurafsky2009,
  title = {Unsupervised learning of narrative schemas and their participants},
  booktitle = {{{ACL}} '09: {{Proceedings}} of the {{Joint Conference}} of the 47th annual meeting of the {{ACL}} and the 4th {{International Joint Conference}} on {{Natural Language Processing}}},
  author = {Chambers, Nathanael and Jurafsky, Dan},
  date = {2009},
  volume = {2},
  pages = {602--610},
  publisher = {{Association for Computational Linguistics}},
  location = {{Suntec, Singapore}},
  doi = {10.3115/1690219.1690231},
  isbn = {978-1-932432-46-6}
}

@article{chevallier.etal2008,
  title = {Making disjunctions exclusive},
  author = {Chevallier, Coralie and Noveck, Ira and Nazir, Tatjana and Bott, Lewis and Lanzetti, Valentina and Sperber, Dan},
  date = {2008},
  journaltitle = {{{The Quarterly Journal of Experimental Psychology}}},
  volume = {61},
  pages = {1741--1760},
  number = {11}, 
  doi = {10.1080/17470210701712960}
}

@book{chomsky1965,
  title = {Aspects of the theory of syntax},
  author = {Chomsky, Noam},
  date = {1965},
  publisher = {{MIT Press}},
  location = {{Cambridge, MA}}
}

@incollection{chomsky1973,
  title = {Conditions on transformations},
  booktitle = {A festschrift for {{Morris Halle}}},
  author = {Chomsky, Noam},
  editor = {Anderson, Steven and Kiparsky, Paul},
  date = {1973},
  pages = {232--286},
  publisher = {{Holt, Reinhart and Winston}},
  location = {{New York}}
}

@book{chomsky1981,
  title = {Lectures on government and binding},
  author = {Chomsky, Noam},
  date = {1981},
  publisher = {{Foris}},
  location = {{Dordrecht}}
}

@book{chomsky1995,
  title = {The {Minimalist} program},
  author = {Chomsky, Noam},
  date = {1995},
  publisher = {{MIT Press}},
  location = {{Cambridge, MA}}
}

@misc{christensen2015,
  title = {{ordinal}: {{Regression}} models for ordinal data},
  author = {Christensen, Rune Haubo B.},
  date = {2015},
  addendum = {R package version 2015.6-28. http://cran.r-project.org/package=ordinal/}
}

@inproceedings{chung2006,
  title = {Sluicing and the lexicon: {{The}} point of no return},
  shorttitle = {Sluicing and the {{Lexicon}}},
  booktitle = {Annual meeting of the {{Berkeley Linguistics Society}}},
  author = {Chung, Sandra},
  date = {2006},
  volume = {31},
  pages = {73--91},
  doi = {10.3765/bls.v31i1.896}
}

@book{cinque1990,
  title = {Types of {{A}}'-dependencies},
  author = {Cinque, Guglielmo},
  date = {1990},
  publisher = {{MIT Press}},
  location = {{Cambridge, MA}}
}

@incollection{cinque1994,
  title = {On the  evidence for partial {{N}}-movement in the {{Romance DP}}},
  booktitle = {Paths towards universal grammar: {{Studies}} in honor of {{Richard S}}. {{Kayne}}},
  author = {Cinque, Guglielmo},
  editor = {Cinque, Guglielmo and Koster, Jan and Pollock, Jean-Yves and Rizzi, Luigi and Zanuttini, Raffaela},
  date = {1994},
  pages = {85--110},
  publisher = {{Georgetown University Press}},
  location = {{Washington, D.C.}}
}

@article{citko2011,
  title = {Small clauses},
  author = {Citko, Barbara},
  date = {2011},
  journaltitle = {Language and Linguistics Compass},
  volume = {5/10},
  pages = {748--763},
  doi = {10.1111/j.1749-818x.2011.00312.x}
}

@article{cooper.shallice2000,
  title = {Contention scheduling and the control of routine activities},
  author = {Cooper, Richard and Shallice, Tim},
  date = {2000-06},
  journaltitle = {Cognitive Neuropsychology},
  volume = {17},
  pages = {297--338},
  issn = {0264-3294, 1464-0627},
  doi = {10.1080/026432900380427},
  number = {4}
}

@book{culicover.jackendoff2005,
  title = {Simpler syntax},
  author = {Culicover, Peter and Jackendoff, Ray},
  date = {2005},
  publisher = {{Oxford University Press}},
  location = {{New York}}, 
  doi = {10.1093/acprof:oso}
}

@article{delogu.etal2017,
  title = {Teasing apart coercion and surprisal: {{Evidence}} from eye-movements and {{ERPs}}},
  author = {Delogu, Francesca and Crocker, Matthew W. and Drenhaus, Heiner},
  date = {2017},
  journaltitle = {Cognition},
  volume = {161},
  pages = {46--59},
  publisher = {The Authors},
  issn = {00100277},
  doi = {10.1016/j.cognition.2016.12.017}
}

@article{delogu.etal2018,
  title = {On the predictability of event boundaries in discourse: {{An ERP}} investigation},
  shorttitle = {On the predictability of event boundaries in discourse},
  author = {Delogu, Francesca and Drenhaus, Heiner and Crocker, Matthew W.},
  date = {2018-02},
  journaltitle = {Memory \& Cognition},
  volume = {46},
  pages = {315--325},
  issn = {0090-502X, 1532-5946},
  doi = {10.3758/s13421-017-0766-4},
  number = {2}
}

@inproceedings{demberg.etal2012,
  title = {Syntactic surprisal affects spoken word duration in conversational contexts},
  booktitle = {Proceedings of {{EMNLP}}-{{CoNNL}} 2012},
  author = {Demberg, Vera and Sayeed, Asad B. and Gorinski, Philip J. and Engonopoulos, Nikolaos},
  date = {2012}
}

@article{demberg.keller2008,
  title = {Data from eye-tracking corpora as evidence for theories of syntactic processing complexity},
  author = {Demberg, Vera and Keller, Frank},
  date = {2008},
  journaltitle = {Cognition},
  volume = {109},
  pages = {193--210}
}

@article{denbesten1989,
  title = {On the interaction of root transformations and lexical deletive rules},
  author = {den Besten, Hans},
  date = {1989},
  journaltitle = {Studies in West Germanic Syntax},
  volume = {20},
  pages = {14--100},
  options = {useprefix=true}
}

@misc{dendikken2013,
  title = {On the syntax of locative and directional adpositional phrases},
  author = {den Dikken, Marcel},
  date = {2013},
  addendum = {Manuscript, CUNY},
  options = {useprefix=true}
}

@misc{devlin.etal2019,
  title = {{{BERT}}: {{Pre}}-training of Deep Bidirectional Transformers for Language Understanding},
  date = {2019},
  author = {Devlin, Jacob and Chang, Ming-Wei and Lee, Kenton and Toutanova, Kristina},
  url = {http://arxiv.org/abs/1810.04805}
}

@incollection{dimeola2003,
  title = {Grammaticalization of postpositions in {{German}}},
  booktitle = {Current issues in linguistic theory},
  author = {Di Meola, Claudio},
  editor = {Cuyckens, Hubert and Berg, Thomas and Dirven, René and Panther, Klaus-Uwe},
  date = {2003},
  volume = {243},
  pages = {203--222},
  publisher = {{John Benjamins}},
  location = {Amsterdam},
  doi = {10.1075/cilt.243.14dim},
  isbn = {978-90-272-4755-1},
  options = {useprefix=true}
}

@article{dixon1977,
  title = {Where have all the adjectives gone?},
  author = {Dixon, Robert M. W.},
  date = {1977},
  journaltitle = {Studies in Language},
  volume = {1},
  pages = {19--80},
  number = {1}
}

@misc{doring2016,
  title = {A morphosyntactic analysis of {{German}} {\upshape außer} `except'},
  author = {Döring, Sandra},
  date = {2016},
  addendum = {Rencontres d’{{Automne}} de {{Linguistique}} formelle : {{Langage}}, {{Langues}} et {{Cognition}}},
  venue = {{Paris, France}}
}

@book{drach1937,
  title = {Grundgedanken der deutschen {{Satzlehre}}},
  author = {Drach, Erich},
  date = {1937},
  publisher = {{Diesterweg}},
  location = {{Frankfurt am Main}}
}

@article{ehrlich.rayner1981,
  title = {Contextual effects on word perception and eye movements during reading},
  author = {Ehrlich, Susan F. and Rayner, Keith},
  date = {1981-12},
  journaltitle = {Journal of Verbal Learning and Verbal Behavior},
  volume = {20},
  pages = {641--655},
  issn = {00225371},
  doi = {10.1016/S0022-5371(81)90220-6},
  number = {6}
}

@book{eisenberg1999,
  title = {Grundriß der deutschen {{Grammatik}}},
  author = {Eisenberg, Peter},
  date = {1999},
  volume = {2: Der Satz},
  publisher = {{Metzler}},
  location = {{Stuttgart}}
}

@book{eldridge1911,
  title = {Six thousand common {{English}} words},
  author = {Eldridge, R C},
  date = {1911},
  publisher = {{The Clement Press}},
  location = {{Buffalo}}
}

@inproceedings{engonopoulos.etal2013,
  title = {Language and cognitive load in a dual task environment},
  booktitle = {Proceedings of the 35th annual meeting of the {{Cognitive Science Society}}},
  author = {Engonopoulos, Nikolaos and Sayeed, Asad and Demberg, Vera},
  editor = {Knauff, M. and Pauen, M. and Sebanz, N. and Wachsmuth, I.},
  date = {2013},
  pages = {2249--2254},
  publisher = {{Cognitive Science Society}},
  location = {{Berlin}}
}

@article{fanselow1993,
  title = {Die {{Rückkehr}} der {{Basisgenerierer}}},
  author = {Fanselow, Gisbert},
  date = {1993},
  journaltitle = {Groninger Arbeiten zur Germanistischen Linguistik},
  volume = {36},
  pages = {1--74}
}

@article{featherston2007,
  title = {Data in generative grammar: {{The}} stick and the carrot},
  shorttitle = {Data in generative grammar},
  author = {Featherston, Sam},
  date = {2007-01-11},
  journaltitle = {Theoretical Linguistics},
  volume = {33},
  issn = {0301-4428, 1613-4060},
  doi = {10.1515/TL.2007.020},
  number = {3}
}

@article{fenk-oczlon1983,
  title = {Ist die {{SVO}}-{{Wortfolge}} die natürlichste?},
  author = {Fenk-Oczlon, Gertraud},
  date = {1983},
  journaltitle = {Papiere zur Linguistik},
  volume = {29},
  pages = {23--32}
}

@article{fenk-oczlon1989,
  title = {Word frequency and word order in freezes},
  author = {Fenk-Oczlon, Gertraud},
  date = {1989},
  journaltitle = {Linguistics},
  volume = {27},
  pages = {517--556}
}

@incollection{fenk-oczlon1990,
  title = {Ökonomieprinzipien in {{Kognition}} und {{Kommunikation}}},
  booktitle = {Spielarten der {{Natürlichkeit}} -- {{Spielarten}} der {{Ökonomie}}},
  author = {Fenk-Oczlon, Gertraud},
  editor = {Boretzky, N and Enninger, W and Stolz, T},
  date = {1990},
  pages = {37--50},
  publisher = {{Brockmayer}},
  location = {{Bochum}}
}

@article{fenk.fenk1980,
  title = {Konstanz im {{Kurzzeitgedächtnis}} – {{Konstanz}} im sprachlichen {{Informationsfluß}}},
  author = {Fenk, August and Fenk, Gertraud},
  indexauthor = {Fenk, August and Fenk-Oczlon, Gertraud}, 
  date = {1980},
  journaltitle = {Zeitschrift für experimentelle und angewandte Psychologie},
  volume = {27},
  pages = {400--414},
  number = {3}
}

@article{fernandez.ginzburg2002,
  title = {Non-sentential utterances: {{A}} corpus study},
  booktitle = {TAL.CHECK!},
  author = {Fernández, Raquel and Ginzburg, Jonathan},
  date = {2002},
  journaltitle = {TAL},
  volume = {43},
  pages = {13--42},
  number = {2}
}

@article{ferreira.dell2000,
  title = {Effect of ambiguity and lexical availability on syntactic and lexical production},
  author = {Ferreira, Victor S. and Dell, Gary S.},
  date = {2000-06},
  journaltitle = {Cognitive Psychology},
  volume = {40},
  pages = {296--340},
  issn = {00100285},
  doi = {10.1006/cogp.1999.0730},
  number = {4}
}

@incollection{fery.ishihara2009,
  title = {How focus and givenness shape prosody},
  booktitle = {Information structure: {{Theoretical}}, typological, and experimental perspectives},
  author = {Féry, Caroline and Ishihara, Shinichiro},
  editor = {Zimmermann, Malte and Féry, Caroline},
  date = {2009},
  pages = {36--63},
  publisher = {{Oxford University Press}},
  location = {{Oxford}},
  doi = {10.1093/acprof:oso/9780199570959.003.0003}
}

@article{fortin2007,
  title = {Some (not all) nonsententials are only a phase},
  author = {Fortin, Catherine},
  date = {2007},
  journaltitle = {Lingua},
  volume = {117},
  pages = {67--94},
  issn = {0024-3841},
  doi = {10.1016/j.lingua.2005.09.004},
  number = {1}
}

@article{fox.lasnik2003,
  title = {Successive-cyclic movement and island repair: {{The}} difference between sluicing and {{VP}}-{{Ellipsis}}},
  shorttitle = {Successive-{{Cyclic Movement}} and {{Island Repair}}},
  author = {Fox, Danny and Lasnik, Howard},
  date = {2003-01},
  journaltitle = {Linguistic Inquiry},
  volume = {34},
  pages = {143--154},
  issn = {0024-3892, 1530-9150},
  doi = {10.1162/002438903763255959},
  number = {1}
}

@article{frank.etal2015,
  title = {The {{ERP}} response to the amount of information conveyed by words in sentences},
  author = {Frank, Stefan L. and Otten, Leun J. and Galli, Giulia and Vigliocco, Gabriella},
  date = {2015-01},
  journaltitle = {Brain and Language},
  volume = {140},
  pages = {1--11},
  issn = {0093934X},
  doi = {10.1016/j.bandl.2014.10.006}
}

@article{frank.goodman2012,
  title = {Predicting pragmatic reasoning in language games},
  author = {Frank, Michael C. and Goodman, Noah D.},
  date = {2012-05-25},
  journaltitle = {Science},
  volume = {336},
  pages = {998--998},
  issn = {0036-8075, 1095-9203},
  doi = {10.1126/science.1218633},
  number = {6084}
}

@article{frank.jaeger2008,
  title = {Speaking rationally: {{Uniform Information Density}} as an optimal strategy for language production},
  author = {Frank, Austin F and Jaeger, T. Florian},
  date = {2008},
  journaltitle = {Proceedings of the annual meeting of the Cognitive Science Society},
  volume = {30},
  pages = {939--944}
}

@phdthesis{franke2009,
  title = {Signal to act: {{Game}} theory in pragmatics},
  author = {Franke, Michael},
  date = {2009},
  institution = {{Universiteit van Amsterdam}},
  type = {PhD thesis}
}

@article{frazier.clifton2001,
  title = {Parsing coordinates and ellipsis: {{Copy}} alpha},
  author = {Frazier, Lyn and Clifton, Charles},
  date = {2001},
  journaltitle = {Syntax},
  volume = {4},
  pages = {1--22}, 
  doi = {10.1111/1467-9612.00034}
}

@incollection{frey2005,
  title = {Zur {{Syntax}} der linken {{Peripherie}} im {{Deutschen}}},
  booktitle = {Deutsche {{Syntax}}: {{Empirie}} und {{Theorie}}},
  author = {Frey, Werner},
  editor = {d' Avis, Franz-Josef},
  date = {2005},
  pages = {147--171},
  publisher = {{Acta Universitatis Gothoburgensis}},
  location = {{Göteborg}},
  number = {46},
  options = {useprefix=true},
  series = {Göteborger {{Germanistische Forschungen}}}
}

@phdthesis{gengel2007,
  title = {Focus and ellipsis: {{A}} generative analysis of pseudogapping and other elliptical structures},
  author = {Gengel, Kirsten},
  date = {2007},
  institution = {{Universität Stuttgart}},
  type = {PhD thesis}
}

@inproceedings{genzel.charniak2002,
  title = {Entropy rate constancy in text},
  booktitle = {Proceedings of the 40th annual meeting of the {{Association}} for {{Computational Linguistics}} ({{ACL}})},
  author = {Genzel, Dmitriy and Charniak, Eugene},
  date = {2002},
  pages = {199--206},
  location = {{Philadelphia}}
}

@inproceedings{genzel.charniak2003,
  title = {Variation of entropy and parse trees of sentences as a function of the sentence number},
  booktitle = {Proceedings of the 2003 {{Conference}} on {{Empirical Methods}} in {{Natural Language Processing}}},
  author = {Genzel, Dmitriy and Charniak, Eugene},
  date = {2003},
  volume = {10},
  pages = {65--72},
  publisher = {{Association for Computational Linguistics}},
  location = {{Sapporo}},
  doi = {10.3115/1119355.1119364}
}

@article{gibson.etal2011,
  title = {Using {{Mechanical Turk}} to obtain and analyze {{English}} acceptability judgments},
  shorttitle = {Using {{Mechanical Turk}} to {{Obtain}} and {{Analyze English Acceptability Judgments}}},
  author = {Gibson, Edward and Piantadosi, Steve and Fedorenko, Kristina},
  date = {2011-08},
  journaltitle = {Language and Linguistics Compass},
  volume = {5},
  pages = {509--524},
  issn = {1749818X},
  doi = {10.1111/j.1749-818X.2011.00295.x},
  number = {8}
}

@book{ginzburg.sag2000,
  title = {Interrogative investigations: {{The}} form, meaning, and use of {{English}} interrogatives},
  author = {Ginzburg, Jonathan and Sag, Ivan A.},
  date = {2000},
  publisher = {{CSLI Publications}},
  location = {{Stanford, California}}
}

@article{goodman.stuhlmuller2013,
  title = {Knowledge and implicature: {{Modeling}} language understanding as social cognition},
  shorttitle = {Knowledge and {{Implicature}}},
  author = {Goodman, Noah D. and Stuhlmüller, Andreas},
  date = {2013-01},
  journaltitle = {Topics in Cognitive Science},
  volume = {5},
  pages = {173--184},
  issn = {17568757},
  doi = {10.1111/tops.12007},
  number = {1}
}

@article{gotzner.benz2018,
  title = {The {{Best Response Paradigm}}: {{A}} New Approach to Test Implicatures of complex Sentences},
  author = {Gotzner, Nicole and Benz, Anton},
  date = {2018-01-12},
  journaltitle = {Frontiers in Communication},
  volume = {2},
  issn = {2297-900X},
  doi = {10.3389/fcomm.2017.00021}
}

@incollection{grave.etal2017,
  title = {Unbounded cache model for online language modeling with open vocabulary},
  booktitle = {Advances in neural information processing systems 30},
  author = {Grave, Edouard and Cisse, Moustapha and Joulin, Armand},
  editor = {Guyon, I. and Luxburg, U. V. and Bengio, S. and Wallach, H. and Fergus, R. and Vishwanathan, S. and Garnett, R.},
  date = {2017},
  pages = {6042--6052},
  publisher = {{Curran Associates}},
  archiveprefix = {arXiv},
  eprint = {1711.02604},
  eprinttype = {arxiv},
  location = {{{Red Hook, NY}}}
}

@incollection{grice1975,
  title = {Logic and conversation},
  booktitle = {Syntax and semantics},
  author = {Grice, H. Paul},
  editor = {Cole, P. and Morgan, J.L.},
  date = {1975},
  volume = {3},
  pages = {41--58},
  publisher = {{Academic Press}},
  location = {{New York}}
}

@misc{griffiths.etal2018,
  title = {A minimalist approach to reprise fragments},
  author = {Griffiths, James and Güneş, Güliz and Lipták, Anikó},
  date = {2018},
  addendum = {Presentation at DGfS 2018. Stuttgart.}
}

@article{griffiths2019,
  title = {A {{Q}}-based approach to clausal ellipsis: {{Deriving}} the preposition stranding and island sensitivity generalisations without movement},
  shorttitle = {A {{Q}}-based approach to clausal ellipsis},
  author = {Griffiths, James},
  date = {2019-01-23},
  journaltitle = {Glossa},
  volume = {4},
  pages = {12},
  issn = {2397-1835},
  doi = {10.5334/gjgl.653},
  number = {1}
}

@incollection{grimshaw2000,
  title = {Locality and extended projection},
  booktitle = {Lexical specification and insertion},
  author = {Grimshaw, Jane},
  editor = {Coopmans, Peter and Everaert, Martin B. H. and Grimshaw, Jane},
  date = {2000},
  pages = {115--133},
  publisher = {{John Benjamins}},
  location = {Amsterdam \& Philadelphia},
  doi = {10.1075/cilt.197.07gri},
  number = {197},
  series = {Current {{Issues}} in {{Linguistic Theory}}}
}

@article{grodner.etal2010,
  title = {“{{Some}},” and possibly all, scalar inferences are not delayed: {{Evidence}} for immediate pragmatic enrichment},
  shorttitle = {“{{Some}},” and possibly all, scalar inferences are not delayed},
  author = {Grodner, Daniel J. and Klein, Natalie M. and Carbary, Kathleen M. and Tanenhaus, Michael K.},
  date = {2010-07},
  journaltitle = {Cognition},
  volume = {116},
  pages = {42--55},
  issn = {00100277},
  doi = {10.1016/j.cognition.2010.03.014},
  number = {1}
}

@book{gussenhoven1983,
  title = {A semantic analysis of the nuclear tones of {{English}}},
  author = {Gussenhoven, Carlos},
  date = {1983},
  publisher = {{Indiana University Linguistics Club}},
  location = {{Bloomington, IN}}
}

@article{haider2000,
  title = {Adverb placement: {{Convergence}} of structure and licensing},
  author = {Haider, Hubert},
  date = {2000},
  journaltitle = {Theoretical Linguistics},
  volume = {26},
  pages = {95--134},
  doi = {10.1515/thli.2000.26.1-2.95}
}

@inproceedings{hale2001,
  title = {A probabilistic {{Earley}} parser as a psycholinguistic model},
  booktitle = {Proceedings of {{NAACL}} ({{Vol}}. 2)},
  author = {Hale, John},
  date = {2001},
  pages = {159--166},
  doi = {10.3115/1073336.1073357}
}

@article{hale2006,
  title = {Uncertainty about the rest of the sentence},
  author = {Hale, John},
  date = {2006-07-08},
  journaltitle = {Cognitive Science},
  volume = {30},
  pages = {643--672},
  issn = {03640213},
  doi = {10.1207/s15516709cog0000_64},
  number = {4}
}

@article{hale2016,
  title = {Information-theoretical complexity metrics},
  shorttitle = {Information-theoretical {{Complexity Metrics}}},
  author = {Hale, John},
  date = {2016-09},
  journaltitle = {Language and Linguistics Compass},
  volume = {10},
  pages = {397--412},
  issn = {1749818X},
  doi = {10.1111/lnc3.12196},
  number = {9}
}

@incollection{halle.marantz1993,
  title = {Distributed morphology and the pieces of inflection},
  booktitle = {The view from {{Building}} 20: {{Essays}} in linguistics in honor of {{Sylvain Bromberger}}},
  author = {Halle, Morris and Marantz, Alec},
  editor = {Hale, K. L. and Keyser, S. J.},
  date = {1993},
  pages = {111--176},
  publisher = {{MIT}},
  location = {{Cambridge, MA}}
}

@article{hare.etal2009,
  title = {Activating event knowledge},
  author = {Hare, Mary and Jones, Michael and Thomson, Caroline and Kelly, Sarah and McRae, Ken},
  date = {2009-05},
  journaltitle = {Cognition},
  volume = {111},
  pages = {151--167},
  issn = {00100277},
  doi = {10.1016/j.cognition.2009.01.009},
  number = {2}
}

@article{hauser.etal2019,
  title = {Effects of aging and dual-task demands on the comprehension of less expected sentence continuations: {{Evidence}} from pupillometry},
  shorttitle = {Effects of {{Aging}} and {{Dual}}-{{Task Demands}} on the {{Comprehension}} of {{Less Expected Sentence Continuations}}},
  author = {Häuser, Katja I. and Demberg, Vera and Kray, Jutta},
  date = {2019-03-29},
  journaltitle = {Frontiers in Psychology},
  volume = {10},
  issn = {1664-1078},
  doi = {10.3389/fpsyg.2019.00709}
}

@book{hawkins2004,
  title = {A performance theory of order and constituency},
  author = {Hawkins, John A},
  date = {2004},
  publisher = {{Cambridge University Press}},
  location = {{Cambridge}},
  doi = {10.1017/CBO9780511554285}
}

@book{heck2008,
  title = {On pied-piping: {{Wh}}-movement and beyond},
  author = {Heck, Fabian},
  date = {2008},
  publisher = {{Mouton de Gruyter}},
  location = {{Berlin}}, 
  doi = {10.1515/9783110211467}
}

@phdthesis{hegarty1992,
  title = {Adjunct extraction and chain configuration},
  author = {Hegarty, Michael Vincent},
  date = {1992},
  institution = {{MIT}},
  location = {{Cambridge, MA}},
  type = {PhD thesis}
}

@article{huang.snedeker2009,
  title = {Online interpretation of scalar quantifiers: {{Insight}} into the semantics–pragmatics interface},
  shorttitle = {Online interpretation of scalar quantifiers},
  author = {Huang, Yi Ting and Snedeker, Jesse},
  date = {2009-05},
  journaltitle = {Cognitive Psychology},
  volume = {58},
  pages = {376--415},
  issn = {00100285},
  doi = {10.1016/j.cogpsych.2008.09.001},
  number = {3}
}

@inproceedings{iyer.ostendorf1996,
  title = {Modeling long distance dependence in language: {{Topic}} mixtures vs. dynamic cache models},
  shorttitle = {Modeling long distance dependence in language},
  booktitle = {Proceedings of the fourth {International Conference} on {{Spoken Language Processing}}. {{ICSLP}} '96},
  author = {Iyer, Rukmini M. and Ostendorf, Mari},
  date = {1996},
  volume = {1},
  pages = {236--239},
  publisher = {{IEEE}},
  location = {{Philadelphia, PA, USA}},
  doi = {10.1109/ICSLP.1996.607085},
  isbn = {978-0-7803-3555-4}
}

@incollection{jacobs1986,
  title = {The syntax of focus and adverbials in {{German}}},
  booktitle = {Topic, focus, and configurationality: {{Papers}} from the 6th {{Groningen Grammar Talks}}, {{Groningen}}, 1984},
  author = {Jacobs, Joachim},
  editor = {Abraham, Werner and de Meij, Sjaak},
  date = {1986},
  pages = {103--127},
  publisher = {{John Benjamins}},
  location = {Amsterdam \& Philadelphia},
  options = {useprefix=true}
}

@incollection{jaeger.buz2017,
  title = {Signal reduction and linguistic encoding},
  booktitle = {The {{Handbook}} of {{Psycholinguistics}}},
  author = {Jaeger, T. Florian and Buz, Esteban},
  editor = {Fernández, Eva M. and Cairns, Helen Smith},
  date = {2017-09-22},
  pages = {38--81},
  publisher = {{John Wiley \& Sons}},
  location = {{Hoboken, NJ, USA}},
  doi = {10.1002/9781118829516.ch3}
}

@article{jaeger2010,
  title = {Redundancy and reduction: {{Speakers}} manage syntactic information density},
  shorttitle = {Redundancy and reduction},
  author = {Jaeger, T. Florian},
  date = {2010-08},
  journaltitle = {Cognitive Psychology},
  volume = {61},
  pages = {23--62},
  issn = {00100285},
  doi = {10.1016/j.cogpsych.2010.02.002},
  number = {1}
}

@incollection{jager2012,
  title = {Game theory in semantics and pragmatics},
  booktitle = {Semantics: {{An}} international handbook of natural language meaning},
  author = {Jäger, Gerhard},
  editor = {Maienborn, Claudia and Portner, Paul and von Heusinger, Klaus},
  date = {2012},
  volume = {3},
  pages = {2487--2516},
  publisher = {{de Gruyter}},
  location = {{Berlin}},
  doi = {10.1515/9783110253382.2487},
  options = {useprefix=true}
}

@inproceedings{jans.etal2012,
  title = {Skip n-grams and ranking functions for predicting script events},
  booktitle = {Proceedings of the 13th {{Conference}} of the {{European Chapter}} of the {{Association}} for {{Computational Linguistics}}},
  author = {Jans, Bram and Bethard, Steven and Vulic, Ivan and Moens, Marie Francine},
  date = {2012},
  pages = {336--344},
  publisher = {{Association for Computational Linguistics}},
  location = {{Avignon}}
}

@inproceedings{junqua1994,
  title = {A duration study of speech vowels produced in noise},
  author = {Junqua, Jean-Claude},
  date = {1994},
  pages = {419--422},
  location = {{Yokohama}},
  booktitle={{{Proc. 3rd International Conference on Spoken Language Processing (ICSLP 1994)}}},
}

@article{junqua1996,
  title = {The influence of acoustics on speech production: {{A}} noise-induced stress phenomenon known as the {{Lombard}} reflex},
  shorttitle = {The influence of acoustics on speech production},
  author = {Junqua, Jean-Claude},
  date = {1996-11},
  journaltitle = {Speech Communication},
  volume = {20},
  pages = {13--22},
  issn = {01676393},
  doi = {10.1016/S0167-6393(96)00041-6},
  number = {1-2}
}

@book{kaeding1897,
  title = {Häufigkeitswörterbuch der deutschen {{Sprache}}},
  author = {Kaeding, Friedrich Wilhelm},
  date = {1897},
  publisher = {{Author's edition}},
  location = {{Steglitz bei Berlin}}
}

@article{kayne1981,
  title = {{{ECP}} extensions},
  author = {Kayne, Richard S.},
  date = {1981},
  journaltitle = {Linguistic Inquiry},
  volume = {12},
  number = {1},
  pages = {93--133}
}

@book{kehler2002,
  title = {Coherence, reference, and the theory of grammar},
  author = {Kehler, Andrew},
  date = {2002},
  publisher = {{CSLI}},
  location = {{Stanford, California}}
}

@inproceedings{khandelwal.etal2018,
  title = {Sharp nearby, fuzzy far away: {{How}} neural language models use context},
  booktitle = {Proceedings of the 56th annual meeting of the {{Association}} for {{Computational Linguistics}} ({{Volume}} 1: {{Long Papers}})},
  author = {Khandelwal, Urvashi and He, He and Qi, Peng and Jurafsky, Dan},
  date = {2018},
  pages = {284--294},
  publisher = {{Association for Computational Linguistics}},
  location = {{Melbourne, Australia}},
  doi = {10.18653/v1/P18-1027}
}

@incollection{kiparsky.kiparsky1970,
  title = {Fact},
  booktitle = {Progress in {{Linguistics}}},
  author = {Kiparsky, Paul and Kiparsky, Carol},
  editor = {Bierwisch, Manfred and Heidolph, Karl Erich},
  date = {1970},
  pages = {143--173},
  publisher = {{Mouton}},
  location = {{Den Haag}}
}

@article{kiparsky1968,
  title = {Tense and mood in {{Indo}}-{{European}} syntax},
  author = {Kiparsky, Paul},
  date = {1968},
  journaltitle = {Foundations of Language},
  volume = {4},
  pages = {30--57},
  number = {1}
}

@inproceedings{klein.manning2003,
  title = {Accurate unlexicalized parsing},
  booktitle = {Proceedings of the 41st meeting of the {{Association}} for {{Computational Linguistics}}},
  author = {Klein, Dan and Manning, Christopher D.},
  date = {2003},
  pages = {423--430},
  publisher = {{Association for Computational Linguistics}},
  location = {{Sapporo}},
  doi = {10.3115/1075096.1075150}
}

@incollection{klein1993,
  title = {Ellipse},
  booktitle = {Syntax: {{An}} international handbook of contemporary research},
  author = {Klein, Wolfgang},
  editor = {Jacobs, Jochen and von Stechow, Arnim and Sternefeld, Wolfgang and Venneman, Theo},
  date = {1993},
  pages = {763--799},
  publisher = {{de Gruyter}},
  location = {{Berlin \& New York}}
}

@inproceedings{konieczny.doring2003,
  title = {Anticipation of clause-final heads: {{Evidence}} from eye-tracking and {{SRNs}}},
  booktitle = {Proceedings of the 4th {{International Conference}} on {{Cognitive Science}}},
  author = {Konieczny, Lars and Döring, Philipp},
  editor = {Slezak, Peter},
  date = {2003},
  pages = {330--335},
  location = {{University of New South Wales, Sydney, Australia}}
}

@inproceedings{kravtchenko.demberg2015,
  title = {Semantically underinformative utterances trigger pragmatic inferences},
  booktitle = {Proceedings of the 37th annual meeting of the {{Cognitive Science Society}}},
  author = {Kravtchenko, Ekaterina and Demberg, Vera},
  date = {2015},
  pages = {1207--1212}
}

@inproceedings{kravtchenko2014,
  title = {Predictability and syntactic production: {{Evidence}} from subject omission in {{Russian}}},
  booktitle = {Proceedings of the annual meeting of the {{Cognitive Science Society}}},
  author = {Kravtchenko, Ekaterina},
  date = {2014},
  volume = {36},
  pages = {785--790}
}

@article{krifka1995,
  title = {The semantics and pragmatics of polarity items},
  author = {Krifka, Manfred},
  date = {1995},
  journaltitle = {Linguistic Analysis},
  volume = {25},
  pages = {209--257}
}

@incollection{krifka2007,
  title = {Basic notions of information structure},
  booktitle = {Interdisciplinary studies on information structure},
  author = {Krifka, Manfred},
  editor = {Féry, Caroline and Fanselow, Gisbert and Krifka, Manfred},
  date = {2007},
  volume = {6},
  pages = {13--56},
  publisher = {{Universitätsverlag Potsdam}},
  location = {{Potsdam}}
}

@article{kuperberg.etal2020,
  title = {A tale of two positivities and the {{N400}}: {{Distinct}} neural signatures are evoked by confirmed and violated predictions at different levels of representation},
  author = {Kuperberg, Gina and Brothers, Trevor and Wlotko, Edward W.},
  date = {2020},
  journaltitle = {Journal of Cognitive Neuroscience},
  volume = {32},
  pages = {12--35},
  number = {1}, 
  doi = {10.1162/jocn_a_01465}
}

@article{kuperman.bresnan2012,
  title = {The effects of construction probability on word durations during spontaneous incremental sentence production},
  author = {Kuperman, Victor and Bresnan, Joan},
  date = {2012-05},
  journaltitle = {Journal of Memory and Language},
  volume = {66},
  pages = {588--611},
  issn = {0749596X},
  doi = {10.1016/j.jml.2012.04.003},
  number = {4}
}

@article{kurumada.jaeger2015,
  title = {Communicative efficiency in language production: {{Optional}} case-marking in {{Japanese}}},
  shorttitle = {Communicative efficiency in language production},
  author = {Kurumada, Chigusa and Jaeger, T. Florian},
  date = {2015-08},
  journaltitle = {Journal of Memory and Language},
  volume = {83},
  pages = {152--178},
  issn = {0749596X},
  doi = {10.1016/j.jml.2015.03.003}
}

@misc{lasnik2006,
  title = {On ellipsis: {{Is}} material that is phonetically absent but semantically present present or absent syntactically?},
  author = {Lasnik, Howard},
  date = {2006},
  addendum = {22nd Scandinavian Conference of Linguistics. Aalborg, Denmark.}
}

@misc{lasnik2015,
  title = {Islands and ellipsis: {{A}} reexamination},
  author = {Lasnik, Howard},
  date = {2015},
  addendum = {Grasping ellipsis: {Its} syntax, semantics, acquisition and processing. University of Campinas, Brasil.}
}

@inproceedings{lemke.etal2017,
  title = {Optimal encoding!: {Information} theory constrains article omission in newspaper headlines},
  booktitle = {Proceedings of the 15th {{Conference}} of the European {{Chapter}} of the {{Association}} for {{Computational Linguistics}}: {{Volume}} 2, {{Short Papers}}},
  author = {Lemke, Robin and Horch, Eva and Reich, Ingo},
  date = {2017},
  pages = {131--135}
}

@inproceedings{lemke.etalunderreview,
  title = {Can identity conditions on ellipsis be explained by processing principles?},
  booktitle = {Proceedings of {{Linguistic Evidence}} 2020},
  author = {Lemke, Robin and Schäfer, Lisa and Reich, Ingo},
  year = {under review},
  location = {{Tübingen}},
  eventtitle = {Linguistic {{Evidence}} 2020}
}

@inproceedings{lemke.etal2020,
  title = {Script knowledge constrains ellipses in fragments: {{Evidence}} from production data and language modeling},
  booktitle = {Proceedings of the {{Society}} for {{Computation}} in {{Linguistics}} ({{SCiL}}) 2020},
  author = {Lemke, Robin and Schäfer, Lisa and Drenhaus, Heiner and Reich, Ingo},
  date = {2020},
  volume = {3},
  pages = {441--444},
  location = {{New Orleans, LA}},
  doi = {10.7275/mpby-zr74}
}

@article{lemke.etal2021,
  title = {Modeling the predictive potential of extralinguistic context with script knowledege: {{The}} case of fragments},
  author = {Lemke, Robin and Schäfer, Lisa and Reich, Ingo},
  date = {2021},
  journaltitle = {PLOS ONE},
  volume = {16},
  pages = {1--20},
  doi = {10.1371/journal.pone.0246255}
}

@incollection{lemkeaccepted,
  title = {Satzäquivalente: {{Syntax}} oder {{Pragmatik}}?},
  author = {Lemke, Robin},
  pubstate = {forthcoming},
  booktitle = {{{Selbständigkeit}} von {{Sätzen}} und {{Satzwertigkeit}} von {{Äußerungen}}},
  series = {Linguistische {{Berichte Sonderheft}}},
  editor = {Finkbeiner, Rita and Külpmann, Robert},
  publisher = {Buske},
  location = {Hamburg}
}

@inproceedings{lemke.etalaccepted,
  title = {Can identity conditions on ellipsis be explained by processing principles?},
  author = {Lemke, Robin and Schäfer, Lisa and Reich, Ingo},
  pubstate = {forthcoming},
  editor = {Featherston, Sam and Hörnig, Robin and Konietzko, Andreas and von Wietersheim, Sophie},
  booktitle = {Proceedings of {{Linguistic Evidence}} 2020},
  publisher = {{University of Tübingen, online publication system}}
}

@inproceedings{lemke2017,
  title = {Sentential or not?: {{An}} experimental study on the syntax of fragments.},
  booktitle = {Proceedings of {{Linguistic Evidence}} 2016},
  author = {Lemke, Robin},
  editor = {Featherston, Sam and Hörnig, Robin and Steinberg, Reinhild and Umbreit, Birgit and Wallis, Jenni},
  date = {2017},
  publisher = {{University of Tübingen, online publication system}}
}

@phdthesis{lemke2020,
  title = {Experimental investigations on the syntax and usage of fragments},
  author = {Lemke, Robin},
  date = {2020},
  institution = {{Saarland University}},
  location = {{Saarbrücken}},
  type = {PhD thesis}
}

@article{lemke.etal2021a,
  title = {Predictable words are more likely to be omitted in fragments: {{Evidence}} from production data},
  author = {Lemke, Robin and Reich, Ingo and Schäfer, Lisa and Drenhaus, Heiner},
  date = {2021},
  journaltitle = {Frontiers in Psychology},
  volume = {12},
  doi = {doi: 10.3389/fpsyg.2021.662125}
}

@article{levelt.kelter1982,
  title = {Surface form and memory in question answering},
  author = {Levelt, Willem J. M. and Kelter, Stephanie},
  date = {1982-01},
  journaltitle = {Cognitive Psychology},
  volume = {14},
  pages = {78--106},
  issn = {00100285},
  doi = {10.1016/0010-0285(82)90005-6},
  number = {1}
}

@book{levinson1983,
  title = {Pragmatics},
  author = {Levinson, Stephen},
  date = {1983},
  publisher = {{Cambridge University Press}},
  location = {{London}}
}

@book{levinson2000,
  title = {Presumptive meanings: {{The}} theory of generalized conversational implicature},
  author = {Levinson, Stephen},
  date = {2000},
  publisher = {{MIT Press}},
  location = {{Cambridge}}, 
  doi = {10.7551/mitpress/5526.001.0001}
}

@incollection{levy.jaeger2007,
  title = {Speakers optimize information density through syntactic reduction},
  booktitle = {Advances in neural information processing},
  author = {Levy, Roger and Jaeger, T. Florian},
  editor = {Schölkopf, Bernhard and Platt, John and Hoffman, Thomas},
  date = {2007},
  volume = {19},
  pages = {849--856},
  publisher = {{MIT Press}},
  location = {{Cambridge, MA}}
}

@phdthesis{levy2005,
  title = {Probabilistic models of word order and syntactic discontinuity},
  author = {Levy, Roger},
  date = {2005},
  institution = {{Stanford University}},
  location = {{Stanford}},
  type = {PhD thesis}
}

@article{levy2008,
  title = {Expectation-based syntactic comprehension},
  author = {Levy, Roger},
  date = {2008-03},
  journaltitle = {Cognition},
  volume = {106},
  pages = {1126--1177},
  issn = {00100277},
  doi = {10.1016/j.cognition.2007.05.006},
  number = {3}
}

@misc{levy2018,
  title = {Using {{R}} formulae to test for main effects in the presence of higher-order interactions},
  author = {Levy, Roger},
  date = {2018},
  url = {https://arxiv.org/pdf/1405.2094.pdf}
}

@misc{libben.tesak1994,
  title = {English corpus of telegraphese},
  author = {Libben, Gary and Tesak, Jürgen},
  date = {1994},
  addendum = {European Telegram Project}
}

@unpublished{limesurveygmbh2012,
  title = {{{LimeSurvey}}: {{An open source}} survey tool},
  author = {{LimeSurvey GmbH}},
  date = {2012},
  location = {{Hamburg}},
  options = {indexing = false}
}

@article{lombard1911,
  title = {Le signe de l'élévation de la voix},
  author = {Lombard, Étienne},
  date = {1911},
  journaltitle = {Annales des maladies de l'oreille, du larynx, du nez et du pharynx},
  volume = {37},
  pages = {101--119}
}

@inproceedings{loper.bird2002,
  title = {{{NLTK}}: {{The Natural Language Toolkit}}},
  booktitle = {{{ETMTNLP}} '02 {{Proceedings}} of the {{ACL}}-02 {{Workshop on Effective Tools and Methodologies for Teaching Natural Language Processing and Computational Linguistics}}},
  author = {Loper, Edward and Bird, Steven},
  date = {2002},
  volume = {1},
  pages = {63--70},
  publisher = {{Association for Computational Linguistics}},
  location = {{Philadelphia, PA}}
}

@article{mahowald.etal2013,
  title = {Info/information theory: {{Speakers}} choose shorter words in predictive contexts},
  shorttitle = {Info/information theory},
  author = {Mahowald, Kyle and Fedorenko, Evelina and Piantadosi, Steven T. and Gibson, Edward},
  date = {2013-02},
  journaltitle = {Cognition},
  volume = {126},
  pages = {313--318},
  issn = {00100277},
  doi = {10.1016/j.cognition.2012.09.010},
  number = {2}
}

@article{mahowald.etal2018,
  title = {Word forms are structured for efficient use},
  author = {Mahowald, Kyle and Dautriche, Isabelle and Gibson, Edward and Piantadosi, Steven T.},
  date = {2018-10-07},
  journaltitle = {Cognitive Science},
  pages = {1--19},
  issn = {03640213},
  doi = {10.1111/cogs.12689}
}

@article{malisz.etal2018,
  title = {Dimensions of segmental variability: {{Interaction}} of prosody and surprisal in six languages},
  shorttitle = {Dimensions of {{Segmental Variability}}},
  author = {Malisz, Zofia and Brandt, Erika and Möbius, Bernd and Oh, Yoon Mi and Andreeva, Bistra},
  date = {2018-07-20},
  journaltitle = {Frontiers in Communication},
  volume = {3},
  pages = {1--18},
  issn = {2297-900X},
  doi = {10.3389/fcomm.2018.00025}
}

@inproceedings{manshadi.etal2008,
  title = {Learning a probabilistic model of event sequences from {{Internet}} weblog stories.},
  booktitle = {Proceedings of the {{Twenty}}-{{First International FLAIRS Conference}}},
  author = {Manshadi, Mehdi and Swanson, Reid and Gordon, Andrew S.},
  date = {2008},
  pages = {159--164}
}

@article{martin1969,
  title = {Semantic determinants of preferred adjective order},
  author = {Martin, James E.},
  date = {1969},
  journaltitle = {Journal of Verbal Learning and Verbal Behavior},
  pages = {679--704},
  number = {6},
  volume = {8}
}

@article{matsuki.etal2011,
  title = {Event-based plausibility immediately influences on-line language comprehension.},
  author = {Matsuki, Kazunaga and Chow, Tracy and Hare, Mary and Elman, Jeffrey L. and Scheepers, Christoph and McRae, Ken},
  date = {2011},
  journaltitle = {Journal of Experimental Psychology: Learning, Memory, and Cognition},
  volume = {37},
  pages = {913--934},
  issn = {1939-1285, 0278-7393},
  doi = {10.1037/a0022964},
  number = {4}
}

@article{mcdonald.shillcock2003,
  title = {Eye movements reveal the on-line computation of lexical probabilities during reading},
  author = {McDonald, Scott A. and Shillcock, Richard C.},
  date = {2003-11},
  journaltitle = {Psychological Science},
  volume = {14},
  pages = {648--652},
  issn = {0956-7976, 1467-9280},
  doi = {10.1046/j.0956-7976.2003.psci_1480.x},
  number = {6}
}

@article{mckoon.ratcliff1986,
  title = {Inferences about predictable events},
  author = {McKoon, Gail and Ratcliff, Roger},
  date = {1986},
  journaltitle = {Journal of Experimental Psychology: Learning, Memory, and Cognition},
  volume = {12},
  pages = {82--91},
  number = {1}
}

@incollection{merchant.etal2013,
  title = {Fragment answers to questions. {{A}} case of inaudible syntax},
  booktitle = {Brevity},
  author = {Merchant, Jason and Frazier, Lyn and Weskott, Thomas and Clifton, Charles},
  editor = {Goldstein, Laurence},
  date = {2013},
  pages = {21--35},
  publisher = {{Oxford University Press}},
  location = {{Oxford}}, 
  doi = {10.1093/acprof:oso/9780199664986.003.0002}
}

@book{merchant2001,
  title = {The syntax of silence. {{Sluicing}}, islands, and the theory of ellipsis},
  author = {Merchant, Jason},
  date = {2001},
  publisher = {{Oxford University Press}},
  location = {{New York}}
}

@article{merchant2004,
  title = {Fragments and ellipsis},
  author = {Merchant, Jason},
  date = {2004},
  journaltitle = {Linguistics and Philosophy},
  volume = {27},
  pages = {661--738},
  issn = {0165-0157, 1573-0549},
  doi = {10.1007/s10988-005-7378-3},
  number = {6}
}

@article{merchant2004a,
  title = {Resumptivity and non-movement},
  author = {Merchant, Jason},
  date = {2004},
  journaltitle = {Studies in Greek Linguistics},
  volume = {24},
  pages = {471--481}
}

@incollection{merchant2008,
  title = {Variable island repair under ellipsis},
  booktitle = {Topics in ellipsis},
  author = {Merchant, Jason},
  editor = {Johnson, Kyle},
  date = {2008},
  pages = {132--153},
  publisher = {{Cambridge University Press}},
  location = {New York}, 
  doi = {10.1017/CBO9780511487033.006}
}

@article{merchant2013,
  title = {Voice and ellipsis},
  author = {Merchant, Jason},
  date = {2013},
  journaltitle = {Linguistic Inquiry},
  volume = {44},
  pages = {77--108},
  doi = {10.1162/LING_a_00120},
  number = {1}
}

@article{metusalem.etal2012,
  title = {Generalized event knowledge activation during online sentence comprehension},
  author = {Metusalem, Ross and Kutas, Marta and Urbach, Thomas P. and Hare, Mary and McRae, Ken and Elman, Jeffrey L.},
  date = {2012-05},
  journaltitle = {Journal of Memory and Language},
  volume = {66},
  pages = {545--567},
  issn = {0749596X},
  doi = {10.1016/j.jml.2012.01.001},
  number = {4}
}

@article{meyer.sauerland2009,
  title = {A pragmatic constraint on ambiguity detection: {{A}} rejoinder to {{Büring}} and {{Hartmann}} and to {{Reis}}},
  shorttitle = {A pragmatic constraint on ambiguity detection},
  author = {Meyer, Marie-Christine and Sauerland, Uli},
  date = {2009-02},
  journaltitle = {Natural Language \& Linguistic Theory},
  volume = {27},
  pages = {139--150},
  issn = {0167-806X, 1573-0859},
  doi = {10.1007/s11049-008-9060-2},
  number = {1}
}

@misc{minsky1974,
  title = {A framework for representing knowledge},
  author = {Minsky, Marvin},
  date = {1974},
  addendum = {MIT-AI Laboratory Memo 306, June, 1974}
}

@incollection{morgan1973,
  title = {Sentence fragments and the notion “sentence”},
  booktitle = {Issues in linguistics. {{Papers}} in honor of {{Henry}} and {{Renée Kahane}}},
  author = {Morgan, Jerry},
  editor = {Kachru, Braj B. and Lees, Robert and Malkiel, Yakov and Pietrangeli, Angelina and Saporta, Sol},
  date = {1973},
  pages = {719--751},
  publisher = {{University of Illionois Press}},
  location = {{Urbana}}
}

@incollection{morgan1989,
  title = {Sentence fragments revisited},
  booktitle = {{{CLS Parasession}} on language in context},
  author = {Morgan, Jerry},
  editor = {Music, B and Graczyk, R. and Wiltshire, C.},
  date = {1989},
  pages = {228--241},
  publisher = {{Chicago Linguistic Society}},
  location = {{Chicago, IL}}
}

@incollection{muller2002,
  title = {Syntax or morphology: {{German}} particle verbs revisited},
  booktitle = {Verb-particle explorations},
  author = {Müller, Stefan},
  editor = {Dehé, Nicole and Jackendoff, Ray and McIntyre, Andrew and Urban, Silke},
  date = {2002-01-31},
  publisher = {{de Gruyter}},
  location = {{Berlin \& Boston}},
  pages = {119--139},
  doi = {10.1515/9783110902341.119},
  isbn = {978-3-11-090234-1}
}

@article{muller2003,
  title = {Mehrfache {{Vorfeldbesetzung}}},
  author = {Müller, Stefan},
  date = {2003},
  journaltitle = {Deutsche Sprache},
  volume = {31},
  pages = {29--62},
  number = {1}
}

@article{muller2004,
  title = {Verb-second as {{vP}}-first},
  author = {Müller, Gereon},
  date = {2004},
  journaltitle = {Journal of Comparative Germanic Linguistics},
  volume = {7},
  pages = {179--234}
}

@article{muller2005,
  title = {Zur {{Analyse}} der scheinbar mehrfachen {{Vorfeldbesetzung}}},
  author = {Müller, Stefan},
  date = {2005},
  journaltitle = {Linguistische Berichte},
  volume = {203},
  pages = {297--330}
}

@book{muller2011,
  title = {Constraints on displacement: {{A}} phase-based approach},
  shorttitle = {Constraints on {{Displacement}}},
  author = {Müller, Gereon},
  date = {2011-10-26},
  publisher = {{John Benjamins}},
  location = {Amsterdam},
  doi = {10.1075/lfab.7}
}

@article{murphy2018,
  title = {Pronominal inflection and {{NP}} ellipsis in {{German}}},
  author = {Murphy, Andrew},
  date = {2018-10},
  journaltitle = {The Journal of Comparative Germanic Linguistics},
  volume = {21},
  pages = {327--379},
  issn = {1383-4924, 1572-8552},
  doi = {10.1007/s10828-018-9102-z},
  number = {3}
}

@article{newmeyer2003,
  title = {Grammar is grammar and usage is usage},
  author = {Newmeyer, Frederick J.},
  date = {2003},
  journaltitle = {Language},
  volume = {79},
  pages = {682--707},
  issn = {1535-0665},
  doi = {10.1353/lan.2003.0260},
  number = {4}
}

@article{norcliffe.jaeger2016,
  title = {Predicting head-marking variability in {{Yucatec Maya}} relative clause production},
  author = {Norcliffe, Elisabeth and Jaeger, T. Florian},
  date = {2016-06},
  journaltitle = {Language and Cognition},
  volume = {8},
  pages = {167--205},
  issn = {1866-9808, 1866-9859},
  doi = {10.1017/langcog.2014.39},
  number = {2}
}

@article{nuthmann.vandermeer2005,
  title = {Time's arrow and pupillary response},
  author = {Nuthmann, Antje and van der Meer, Elke},
  date = {2005-05},
  journaltitle = {Psychophysiology},
  volume = {42},
  pages = {306--317},
  issn = {0048-5772, 1469-8986},
  doi = {10.1111/j.1469-8986.2005.00291.x},
  number = {3}
}

@article{nykiel2013,
  title = {Clefts and preposition omission under sluicing},
  author = {Nykiel, Joanna},
  date = {2013-01},
  journaltitle = {Lingua},
  volume = {123},
  pages = {74--117},
  issn = {00243841},
  doi = {10.1016/j.lingua.2012.10.011}
}

@misc{nykiel2014,
  title = {The ellipsis alternation: {{Remnants}} with and without prepositions},
  author = {Nykiel, Joanna},
  date = {2014},
  addendum = {Manuscript}
}

@article{nykiel2017,
  title = {Preposition stranding and ellipsis alternation},
  author = {Nykiel, Joanna},
  date = {2017-03},
  journaltitle = {English Language and Linguistics},
  volume = {21},
  pages = {27--45},
  issn = {1360-6743, 1469-4379},
  doi = {10.1017/S1360674315000477},
  number = {1}
}

@article{ott.struckmeier2016,
  title = {Deletion in clausal ellipsis: {{Remnants}} in the middle field},
  author = {Ott, Dennis and Struckmeier, Volker},
  date = {2016},
  journaltitle = {UPenn Working Papers in Linguistics},
  volume = {22},
  number = {1},
  issue = {Article 25},
  url = {https://repository.upenn.edu/pwpl/vol22/iss1/25},
  pages = {225--234}
}

@article{otten.vanberkum2007,
  title = {What makes a discourse constraining? {{Comparing}} the effects of discourse message and scenario fit on the discourse-dependent {{N400}} effect},
  shorttitle = {What makes a discourse constraining?},
  author = {Otten, Marte and Van Berkum, Jos J.A.},
  date = {2007-06},
  journaltitle = {Brain Research},
  volume = {1153},
  pages = {166--177},
  issn = {00068993},
  doi = {10.1016/j.brainres.2007.03.058}
}

@inproceedings{oualil.etal2016,
    title = {Long-Short Range Context Neural Networks for Language Modeling},
    author = {Oualil, Youssef  and Singh, Mittul and Greenberg, Clayton and Klakow, Dietrich},
    booktitle = {Proceedings of the 2016 {{Conference}} on {{Empirical}} {{Methods}} in {{Natural}} {{Language}} {{Processing}}},
    year = {2016},
    address = {Austin, TX},
    publisher = {{{Association}} for {{Computational}} {{Linguistics}}},
    doi = {10.18653/v1/D16-1154},
    pages = {1473--1481}
}

@misc{oualil.etal2017,
  title = {Sequential recurrent neural networks for language modeling},
  author = {Oualil, Youssef and Greenberg, Clayton and Singh, Mittul and Klakow, Dietrich},
  date = {2017-03-23},
  url = {http://arxiv.org/abs/1703.08068}
}

@article{pate.goldwater2015,
  title = {Talkers account for listener and channel characteristics to communicate efficiently},
  author = {Pate, John K and Goldwater, Sharon},
  date = {2015-01},
  journaltitle = {Journal of Memory and Language},
  volume = {78},
  pages = {1--17},
  issn = {0749596X},
  doi = {10.1016/j.jml.2014.10.003}
}

@article{perovic.etal2014,
  title = {The acquisition of passives in {{Serbian}}},
  author = {Perovic, Alexandra and Vuksanović, Jasmina and Petrović, Boban and Avramović-Ilić, Irena},
  date = {2014},
  journaltitle = {Applied Psycholinguistics},
  volume = {35},
  pages = {1--26}, 
  doi = {10.1017/S0142716412000240}
}

@inproceedings{philippova2014,
  title = {P-omission under sluicing, [{{P}} clitic] and the nature of {{P}}-stranding},
  booktitle = {Proceedings of {{ConSOLE XXII}}},
  author = {Philippova, Tatiana},
  date = {2014},
  pages = {133--155}
}

@article{piantadosi.etal2011,
  title = {Word lengths are optimized for efficient communication},
  author = {Piantadosi, Steven and Tily, Harry J. and Gibson, Edward},
  date = {2011},
  journaltitle = {Proceedings of the National Academy of Sciences},
  volume = {108},
  pages = {3526--3529},
  number = {9},
  doi = {10.1073/pnas.1012551108}
}

@inproceedings{pichotta.mooney2014,
  title = {Statistical script learning with multi-argument events},
  booktitle = {Proceedings of the 14th {{Conference}} of the {{European Chapter}} of the {{Association}} for {{Computational Linguistics}}},
  author = {Pichotta, Karl and Mooney, Raymond},
  date = {2014},
  pages = {220--229},
  publisher = {{Association for Computational Linguistics}},
  location = {{Gothenburg, Sweden}},
  doi = {10.3115/v1/E14-1024},
  eventtitle = {Proceedings of the 14th {{Conference}} of the {{European Chapter}} of the {{Association}} for {{Computational Linguistics}}}
}

@incollection{pierrehumbert.hirschberg1990,
  title = {The meaning of intonational contours in the interpretation of discourse},
  booktitle = {Intentions in communication},
  author = {Pierrehumbert, Janet and Hirschberg, Julia},
  editor = {Cohen, Philip R. and Morgan, Jerry L. and Pollack, Martha E.},
  date = {1990},
  pages = {271--311},
  publisher = {{MIT Press}},
  location = {{Cambridge, MA}}, 
  doi = {10.7916/D8KD24FP}
}

@misc{poppels.kehler2019a,
  title = {Ellipsis and the {{QuD}}: {{Sluicing}} with nominal antecedents},
  author = {Poppels, Till and Kehler, Andrew},
  date = {2019},
  addendum = {Poster presented at CUNY 2019. Boulder, CO}
}

@incollection{progovac2006,
  title = {{{The}} syntax of nonsententials: {{Small}} clauses and phrases at the root},
  booktitle = {Linguistik {{Aktuell}}/{{Linguistics Today}}},
  author = {Progovac, Ljiljana},
  editor = {Progovac, Ljiljana and Paesani, Kate and Casielles, Eugenia and Barton, Ellen},
  date = {2006},
  volume = {93},
  pages = {33--71},
  publisher = {{John Benjamins}},
  location = {Amsterdam},
  doi = {10.1075/la.93.04pro},
  isbn = {978-90-272-3357-8}
}

@incollection{progovac2006a,
  title = {Small clauses and phrases at the root},
  booktitle = {The syntax of nonsententials. {{Multidisciplinary}} perspectives},
  author = {Progovac, Ljiljana},
  editor = {Progovac, Ljiljana and Paesani, Kate and Casielles, Eugenia and Barton, Ellen},
  date = {2006},
  pages = {33--71},
  publisher = {{John Benjamins}},
  location = {Amsterdam},
  doi = {10.1075/la.93.04pro}
}

@incollection{progovac.etal2006,
  title = {Epilogue: {{Wherefrom}} and whereto?},
  booktitle = {The syntax of nonsententials: {{Multidisciplinary}} perspectives},
  author = {Progovac, Ljiljana and Paesani, Kate and Casielles, Eugenia and Barton, Ellen},
  editor = {Progovac, Ljiljana and Paesani, Kate and Casielles, Eugenia and Barton, Ellen},
  date = {2006},
  pages = {323--354},
  publisher = {{John Benjamins}},
  location = {Amsterdam}, 
  doi = {10.1075/la.93.15pro}
}

@incollection{pullum.huddleston2002,
  title = {Prepositions and preposition phrases},
  booktitle = {The {{Cambridge}} grammar of the {{English}} language},
  author = {Pullum, Geoffrey K. and Huddleston, Rodney},
  editor = {Huddleston, Rodney and Pullum, Geoffrey K.},
  date = {2002},
  edition = {1},
  pages = {597--662},
  publisher = {{Cambridge University Press}},
  location = {{Cambridge}},
  doi = {10.1017/9781316423530.008}
}

@article{pullum.zwicky1986,
  title = {Phonological resolution of syntactic feature conflict},
  author = {Pullum, Geoffrey K. and Zwicky, Arnold M.},
  date = {1986},
  journaltitle = {Language},
  volume = {64},
  pages = {751--773}
}

@misc{rcoreteam2019,
  title = {R: {{A}} language and environment for statistical computing},
  author = {{R Core Team}},
  date = {2019},
  location = {{Vienna, Austria}},
  addendum = {R Foundation for Statistical Computing},
  options = {indexing = false}
}

@misc{rabs.etal2017,
  title = {The influence of script knowledge on language processing: {{Evidence}} from {{ERPs}}},
  author = {Rabs, Elisabeth and Drenhaus, Heiner and Delogu, Francesca and Crocker, Matthew W.},
  date = {2017},
  addendum = {AMLaP 2017. Lancaster (UK)}
}

@phdthesis{regneri2013,
  title = {Event structures in knowledge, pictures and text},
  author = {Regneri, Micaela},
  date = {2013},
  institution = {{Saarland University}},
  langid = {german},
  type = {PhD thesis}
}

@incollection{reich2002,
  title = {Pied piping and the syntax and semantics of complex \textit{wh}-phrases},
  booktitle = {Georgetown {{University Working Papers}} in {{Theoretical Linguistics}},},
  author = {Reich, Ingo},
  editor = {Mauck, Simon and Mittelstaedt, Jenny},
  date = {2002},
  volume = {2},
  pages = {263--286}
}

@article{reich2002a,
  title = {Question/answer congruence and the semantics of \textit{wh}-phrases},
  author = {Reich, Ingo},
  date = {2002},
  journaltitle = {Theoretical Linguistics},
  volume = {28},
  pages = {73--94},
  issn = {0301-4428, 1613-4060},
  doi = {10.1515/thli.2002.28.1.73},
  number = {1}
}

@incollection{reich2007,
  title = {Toward a uniform analysis of short answers and gapping},
  booktitle = {On information structure, meaning and form},
  author = {Reich, Ingo},
  editor = {Schwabe, Kerstin and Winkler, Susanne},
  date = {2007},
  pages = {467--484},
  publisher = {{John Benjamins}},
  location = {Amsterdam},
  doi = {10.1075/la.100.25rei}
}

@incollection{reich2011,
  title = {Ellipsis},
  booktitle = {Semantics: {{An}} international handbook of natural language meaning},
  author = {Reich, Ingo},
  editor = {von Heusinger, Klaus and Maienborn, Claudia and Portner, Paul},
  date = {2011},
  pages = {1849--1874},
  publisher = {{Mouton de Gruyter}},
  location = {{Berlin \& New York}}, 
  doi = {10.1515/9783110255072.1849}
}

@article{reich2017,
  title = {On the omission of articles and copulae in {{German}} newspaper headlines},
  author = {Reich, Ingo},
  date = {2017},
  journaltitle = {Linguistic Variation},
  volume = {17},
  pages = {186--204},
  number = {2}, 
  doi = {10.1075/lv.14017.rei}
}

@article{reinhart1981,
  title = {Pragmatics and linguistics: {{An}} analysis of sentence topics},
  author = {Reinhart, Tanya},
  date = {1981},
  journaltitle = {Philosophica},
  volume = {27},
  pages = {53--94},
  number = {1}
}

@incollection{rizzi1997,
  title = {The fine structure of the left periphery},
  booktitle = {Elements of grammar},
  author = {Rizzi, Luigi},
  editor = {Haegeman, Liliane},
  date = {1997},
  pages = {281--337},
  publisher = {{Springer Netherlands}},
  location = {{Dordrecht}},
  doi = {10.1007/978-94-011-5420-8_7},
  isbn = {978-0-7923-4298-4}
}

@article{roark2001,
  title = {Probabilistic top-down parsing and language modeling},
  author = {Roark, Brian},
  date = {2001-06},
  journaltitle = {Computational Linguistics},
  volume = {27},
  pages = {249--276},
  issn = {0891-2017, 1530-9312},
  doi = {10.1162/089120101750300526},
  number = {2}
}

@incollection{roberts1996,
  title = {Information structure in discourse: {{Towards}} an integrated formal theory of pragmatics},
  booktitle = {Ohio {{State University Working Papers}} in {{Linguistics}}},
  author = {Roberts, Craige},
  editor = {Yoon, J. Hak and Kathol, A.},
  date = {1996},
  volume = {49},
  location = {{Ohio State University}}
}

@article{rodman1974,
  title = {On left dislocation},
  author = {Rodman, Robert},
  date = {1974},
  journaltitle = {Paper in Linguistics},
  volume = {7},
  pages = {437--466},
  doi = {10.1080/08351817409370381},
  number = {3--4}
}

@incollection{rodrigues.etal2009,
  title = {Cleaving the interactions between sluicing and {{P}}-stranding},
  booktitle = {Current issues in linguistic theory},
  author = {Rodrigues, Cilene and Nevins, Andrew Ira and Vicente, Luis},
  editor = {Torck, Danièle and Wetzels, W. Leo},
  date = {2009},
  volume = {303},
  pages = {175--198},
  publisher = {{John Benjamins}},
  location = {Amsterdam},
  doi = {10.1075/cilt.303.11rod},
  isbn = {978-90-272-4819-0}
}

@inproceedings{rohde.etal2012,
  title = {Communicating with cost-based implicature: {{A}} game-theoretic approach to ambiguity},
  booktitle = {Proceedings of the 16th {{Workshop}} on the {{Semantics}} and {{Pragmatics}} of {{Dialogue}}},
  author = {Rohde, Hannah and Seyfarth, Scott and Clark, Brady and Jaeger, Gerhard and Kaufmann, Stefan},
  date = {2012},
  pages = {107--116}
}

@article{rooth1992,
  title = {A theory of focus interpretation},
  author = {Rooth, Mats},
  date = {1992-02},
  journaltitle = {Natural Language Semantics},
  volume = {1},
  pages = {75--116},
  issn = {0925-854X, 1572-865X},
  doi = {10.1007/BF02342617},
  number = {1}
}

@phdthesis{ross1967,
  title = {Constraints on variables in syntax},
  author = {Ross, John R.},
  date = {1967},
  institution = {{MIT}},
  type = {PhD thesis}
}

@inproceedings{ross1969,
  title = {Guess who?},
  booktitle = {Papers from the 5th regional meeting of the {{Chicago Linguistic Society}}},
  author = {Ross, John R.},
  editor = {Binnick, Robert and Davidson, Alice and Green, Georgia},
  date = {1969},
  pages = {252--286},
  publisher = {{Chicago Linguistic Society}},
  location = {{Chicago, IL}}
}

@incollection{ross1970,
  title = {Gapping and the order of constituents},
  booktitle = {Progress in linguistics},
  author = {Ross, John R.},
  editor = {Bierwisch, Manfred and Heidolph, Karl Erich},
  date = {1970},
  pages = {249--259},
  publisher = {{Mouton}},
  location = {{The Hague}}
}

@article{saab.liptak2016,
  title = {Movement and deletion after syntax: {{Licensing}} by inflection reconsidered},
  shorttitle = {Movement and deletion after syntax},
  author = {Saab, Andrés and Lipták, Anikó},
  date = {2016-04},
  journaltitle = {Studia Linguistica},
  volume = {70},
  pages = {66--108},
  issn = {00393193},
  doi = {10.1111/stul.12039},
  number = {1}
}

@phdthesis{sag1976,
  title = {Deletion and logical form},
  author = {Sag, Ivan A.},
  date = {1976},
  institution = {{MIT}},
  location = {{Cambridge, MA}},
  type = {PhD thesis}
}

@article{sato2011,
  title = {P-stranding under sluicing and repair by ellipsis: {{W}}hy is {{Indonesian}} (not) special?},
  shorttitle = {P-stranding under sluicing and repair by ellipsis},
  author = {Sato, Yosuke},
  date = {2011-11},
  journaltitle = {Journal of East Asian Linguistics},
  volume = {20},
  pages = {339--382},
  issn = {0925-8558, 1572-8560},
  doi = {10.1007/s10831-011-9082-3},
  number = {4}
}

@article{schafer.etalunderreview,
  title = {The role of {{UID}} for the usage of verb phrase ellipsis: {{Psycholinguistic}} evidence from length and context effects},
  author = {Schäfer, Lisa and Lemke, Robin and Drenhaus, Heiner and Reich, Ingo},
  journal={Frontiers in Psychology},      	
  volume={12},      
  pages={1672},     
  year={2021},      
  doi = {10.3389/fpsyg.2021.661087}
}

@book{schank.abelson1977,
  title = {Scripts, plans, goals, and understanding: {{An}} enquiry into human knowledge structures.},
  author = {Schank, Roger and Abelson, Robert},
  date = {1977},
  publisher = {Erlbaum},
  location = {Hillsdale, NJ}
}

@book{schank1975,
  title = {Conceptual information processing},
  author = {Schank, Roger C},
  date = {1975},
  publisher = {{North Holland}},
  location = {Amsterdam}
}

@phdthesis{schlangen2003,
  title = {A coherence-based approach to the interpretation of non-sentential utterances in dialogue},
  author = {Schlangen, David},
  date = {2003},
  institution = {{University of Edinburgh}},
  type = {PhD thesis}
}

@article{schutze2001,
  title = {On the nature of default case},
  author = {Schütze, Carson T.},
  date = {2001},
  journaltitle = {Syntax},
  volume = {4},
  pages = {205--238},
  doi = {10.1111/1467-9612.00044},
  eprint = {https://onlinelibrary.wiley.com/doi/pdf/10.1111/1467-9612.00044},
  number = {3}
}

@article{schwarzschild1999,
  title = {Givenness, {{AvoidF}} and other constraints on the placement of accent},
  author = {Schwarz­schild, Roger},
  date = {1999},
  journaltitle = {Natural Language Semantics},
  volume = {7},
  pages = {141--177},
  doi = {10.1023/A:1008370902407}
}

@article{seyfarth2014,
  title = {Word informativity influences acoustic duration: {{Effects}} of contextual predictability on lexical representation},
  shorttitle = {Word informativity influences acoustic duration},
  author = {Seyfarth, Scott},
  date = {2014-10},
  journaltitle = {Cognition},
  volume = {133},
  pages = {140--155},
  issn = {00100277},
  doi = {10.1016/j.cognition.2014.06.013},
  number = {1}
}

@article{shannon1948,
  title = {A mathematical theory of communications},
  author = {Shannon, Claude E.},
  date = {1948},
  journaltitle = {Bell Systems Technical Journal},
  volume = {27},
  pages = {623--656},
  number = {4}
}

@article{shannon1951,
  title = {Prediction and entropy of printed {{English}}},
  author = {Shannon, Claude E.},
  date = {1951},
  journaltitle = {Bell Systems Technical Journal},
  volume = {3},
  pages = {50--64}
}

@book{selkirk1984,
  title = {Phonology and syntax: {{The}} relation between sound and structure},
  author = {Selkirk, Elisabeth},
  year = {1984},
  publisher = {{MIT Press}}
}

@inproceedings{sikos.etal2017,
  title = {Information density of encodings: {{The}} role of syntactic variation in comprehension},
  booktitle = {Proceedings of the 39th annual conference of the {{Cognitive Science Society}} ({{CogSci}} 2017)},
  author = {Sikos, Les and Greenberg, Clayton and Drenhaus, Heiner and Crocker, Matthew W.},
  date = {2017},
  pages = {3168--3173}
}

@misc{sikos.etal2019,
  title = {Reevaluating pragmatic reasoning in web-based language games},
  author = {Sikos, Les and Venhuizen, Noortje J. and Drenhaus, Heiner and Crocker, Matthew W.},
  date = {2019},
  addendum = {Rational Approaches in Language Science (RAILS) 2019, Saarbrücken}
}

@inproceedings{singh.etal2016a,
  title = {The custom decay language model for long range dependencies},
  booktitle = {Text, speech, and dialogue},
  author = {Singh, Mittul and Greenberg, Clayton and Klakow, Dietrich},
  editor = {Sojka, Petr and Horák, Aleš and Kopeček, Ivan and Pala, Karel},
  date = {2016},
  pages = {343--351},
  publisher = {{Springer}},
  location = {{Cham}},
  doi = {10.1007/978-3-319-45510-5_39}
}

@inproceedings{smith.levy2008,
  title = {Optimal processing times in reading: {{A}} formal model and empirical investigation},
  booktitle = {The 30th annual meeting of the {{Cognitive Science Society}}},
  author = {Smith, Nathaniel J. and Levy, Roger},
  date = {2008},
  pages = {595--600},
  location = {{Washington, D.C.}}
}

@article{smith.levy2013,
  title = {The effect of word predictability on reading time is logarithmic},
  author = {Smith, Nathaniel J. and Levy, Roger},
  date = {2013-09},
  journaltitle = {Cognition},
  volume = {128},
  pages = {302--319},
  issn = {00100277},
  doi = {10.1016/j.cognition.2013.02.013},
  number = {3}
}

@book{sperber.wilson1986,
  title = {Relevance: {{Communication}} and cognition},
  author = {Sperber, Dan and Wilson, Deirdre},
  date = {1986},
  publisher = {{Harvard University Press}},
  location = {{Cambridge, MA}}
}

@book{sperber.wilson1995,
  title = {Relevance: {{Communication}} and cognition},
  author = {Sperber, Dan and Wilson, Deirdre},
  date = {1995},
  publisher = {{Blackwell}},
  location = {{Oxford}},
  edition = {2}
}

@article{speyer.lemke2017,
  title = {Information density as a factor for variation in the embedding of relative clauses},
  author = {Speyer, Augustin and Lemke, Robin},
  year = {2017},
  url = {http://arxiv.org/abs/1705.06457}
}

@article{stainton1994,
  title = {Using non-sentences: {{An}} application of {{Relevance Theory}}},
  shorttitle = {Using non-sentences},
  author = {Stainton, Robert J.},
  date = {1994},
  journaltitle = {Pragmatics \& Cognition},
  volume = {2},
  pages = {269--284},
  issn = {0929-0907, 1569-9943},
  doi = {10.1075/pc.2.2.04sta},
  number = {2}
}

@book{stainton2006,
  title = {Words and thoughts: {{Subsentences}}, ellipsis and the philosophy of language},
  author = {Stainton, Robert},
  date = {2006},
  publisher = {{Oxford University Press}},
  location = {{Oxford, New York}}, 
  doi = {10.1093/mind/fzn105}
}

@article{stalnaker2002,
  title = {Common ground},
  author = {Stalnaker, Robert},
  date = {2002},
  journaltitle = {Linguistics and Philosophy},
  volume = {25},
  pages = {701--721},
  doi = {10.1023/A:1020867916902}
}

@misc{stigliano2018,
  title = {Syntactic identity in clausal ellipsis: {{E}}vidence from {{P}}-stranding effects in {{Spanish}}.},
  author = {Stigliano, Laura},
  date = {2018},
  addendum = {Poster presented at NELS 49. Ithaca, NY}
}

@misc{stigliano2019,
  title = {Revisiting the interaction between {{P}}-stranding and clausal ellipsis in {{Spanish}}},
  author = {Stigliano, Laura},
  date = {2019},
  addendum = {Sluicing +\@50. Chicago, IL}
}

@article{stolcke1995,
  title = {An efficient probabilistic context-free parsing algorithm that computes prefix probabilities},
  author = {Stolcke, Andreas},
  date = {1995},
  journaltitle = {Computational Linguistics},
  volume = {21},
  pages = {38},
  number = {2}
}

@inproceedings{stolcke2002,
  title = {{{SRILM}}: {{An}} extensible language modeling toolkit},
  booktitle = {Proc. {{Intl}}. {{Conf}}. {{Spoken Language Processing}}},
  author = {Stolcke, Andreas},
  date = {2002},
  location = {{Denver, Colorado}}
}

@phdthesis{stowell1981,
  title = {Origins of phrase structure},
  author = {Stowell, Tim},
  date = {1981},
  institution = {{MIT}},
  type = {PhD thesis}
}

@article{summers.etal1988,
  title = {Effects of noise on speech production: {{Acoustic}} and perceptual analyses},
  shorttitle = {Effects of noise on speech production},
  author = {Summers, W. Van and Pisoni, David B. and Bernacki, Robert H. and Pedlow, Robert I. and Stokes, Michael A.},
  date = {1988-09},
  journaltitle = {The Journal of the Acoustical Society of America},
  volume = {84},
  pages = {917--928},
  issn = {0001-4966},
  doi = {10.1121/1.396660},
  number = {3}
}

@inproceedings{szczegielniak2008,
  title = {Islands in sluicing in {{Polish}}},
  booktitle = {Proceedings of the 27th {{West Coast Conference}} on {{Formal Linguistics}}},
  author = {Szczegielniak, Adam},
  editor = {Abner, Natasha and Bishop, Jason},
  date = {2008},
  pages = {404--412},
  publisher = {{Cascadilla Proceedings Project}},
  location = {{Somerville, MA}}
}

@phdthesis{tancredi1992,
  title = {Deletion, deaccenting and presupposition},
  author = {Tancredi, Christopher},
  date = {1992},
  institution = {{MIT}},
  location = {{Cambridge, MA}},
  type = {PhD thesis}
}

@incollection{telljohann.etal2004,
  title = {The {{Tüba}}-{{D}}/{{Z}} treebank: {{Annotating German}} with a context-free backbone},
  booktitle = {Proceedings of the fourth {{International Conference}} on {{Language Resources}} and {{Evaluation}} ({{LREC}} 2004). {{Lisbon, Portugal}}},
  author = {Telljohann, Heike and Hinrichs, Erhard and Kübler, Sandra},
  editor = {Lino, Maria Teresa and Xavier, Maria Francisca and Ferreira, Fátima and Costa, Rute and Silva, Raquel},
  pages = {2229--2232},
  date = {2004},
  publisher = {{{E}}uropean {{L}}anguage {{R}}esources {{A}}ssociation ({{ELRA}})},
  location = {Paris}
}

@article{tily.etal2009,
  title = {Syntactic probabilities affect pronunciation variation in spontaneous speech},
  author = {Tily, Harry and Gahl, Susanne and Arnon, Inbal and Snider, Neal and Kothari, Anubha and Bresnan, Joan},
  date = {2009-06},
  journaltitle = {Language and Cognition},
  volume = {1},
  pages = {147--165},
  issn = {1866-9808, 1866-9859},
  doi = {10.1515/LANGCOG.2009.008},
  number = {2}
}

@inproceedings{tily.piantadosi2009,
  title = {Refer efficiently: {{Use}} less informative expressions for more predictable meanings},
  booktitle = {Proceedings of the workshop on the production of referring expressions: {{Bridging}} the gap between computational and empirical approaches to reference},
  editor = "{van Deemter}, Kees and Gatt, Albert and {van Gompel}, Roger and Krahmer, Emiel",
  author = {Tily, Harry and Piantadosi, Steven},
  date = {2009},
  location = {Amsterdam}
}

@inproceedings{tokizaki2010,
  title = {Stress location and the acquisition of morphosyntactic parameters},
  booktitle = {Proceedings of {{WCCFL}} 28},
  author = {Tokizaki, Hisao},
  date = {2010}
}

@incollection{trissler.lutz1992,
  title = {Einige {{Überlegungen}} zu syntaktischen +w-{{Merkmalen}}, {{Interrogativsätzen}} und w-{{Phrasen}} im {{Deutschen}}.},
  booktitle = {Arbeitspapiere des {{Sonderforschungsbereichs}} 340},
  author = {Trissler, Susanne and Lutz, Uli},
  date = {1992},
  volume = {7},
  pages = {105--178},
  location = {{Tübingen, Stuttgart}}
}

@phdthesis{trissler2000,
  title = {Syntaktische Bedingungen für w-Merkmale: Zur Bildung interrogativer w-Phrasen im Deutschen},
  author = {Trissler, Susanne},
  date = {2000},
  langid = {german},
  type = {PhD thesis},
  school = {Universität Tübingen}
}

@article{vancraenenbroeck2010,
  title = {Invisible last resort},
  author = {van Craenenbroeck, Jeroen},
  date = {2010-07},
  journaltitle = {Lingua},
  volume = {120},
  pages = {1714--1726},
  issn = {00243841},
  doi = {10.1016/j.lingua.2010.01.002},
  number = {7},
  options = {useprefix=true}
}

@incollection{vandenbroek1994,
  title = {Comprehension and memory of narrative texts},
  booktitle = {Handbook of psycholinguistics},
  author = {van den Broek, Paul},
  editor = {Gernsbacher, Morton Ann},
  date = {1994},
  pages = {539--588},
  publisher = {{Academic Press}},
  location = {{San Diego, CA}},
  options = {useprefix=true}
}

@article{vandermeer.etal2002,
  title = {Temporal order relations in language comprehension.},
  author = {van der Meer, Elke and Beyer, Reinhard and Heinze, Bertram and Badel, Isolde},
  date = {2002},
  journaltitle = {Journal of Experimental Psychology: Learning, Memory, and Cognition},
  volume = {28},
  pages = {770--779},
  issn = {0278-7393},
  doi = {10.1037//0278-7393.28.4.770},
  number = {4},
  options = {useprefix=true}
}

@article{vankuppevelt1996,
  title = {Inferring from topics},
  author = {van Kuppevelt, Jan},
  date = {1996},
  journaltitle = {Linguistics and philosophy},
  volume = {19},
  pages = {393--443},
  options = {useprefix=true}
}

@book{vanriemsdijk1978,
  title = {A case study in syntactic markedness: {{The}} binding nature of prprepositional phrases},
  author = {van Riemsdijk, Henk},
  date = {1978},
  publisher = {{Peter de Ridder Press}},
  location = {{Lisse}},
  options = {useprefix=true}
}

@article{vanrooy2004,
  title = {Utility, informativity and protocols},
  author = {van Rooy, Robert},
  indexauthor = {van Rooij, Robert},
  date = {2004-08},
  journaltitle = {Journal of Philosophical Logic},
  volume = {33},
  pages = {389--419},
  issn = {0022-3611, 1573-0433},
  doi = {10.1023/B:LOGI.0000036830.62877.ee},
  number = {4},
  options = {useprefix=true}
}

@incollection{vat1981,
  title = {Left dislocation, connectedness and reconstruction},
  booktitle = {Materials on left dislocation},
  author = {Vat, Jan},
  editor = {Anagnostopoulou, Elena and van Riemsdijk, Henk and Zwarts, Frans},
  date = {1981},
  pages = {67--92},
  publisher = {{John Benjamins}},
  location = {Amsterdam},
  annotation = {[Originally published as: Groninger Arbeiten zur Germanistischen Linguistik 20]}
}

@incollection{vonstechow1981,
  title = {Topic, focus and local relevance},
  author = {von Stechow, Arnim},
  editor = {Klein, Wolfgang and Levelt, Willem J. M.},
  booktitle = {Crossing the Boundaries in Linguistics},
  date = {1981},
  pages = {95--130},
  publisher = {{Springer}},
  location = {{Dordrecht}},
  number = {13},
  options = {useprefix=true},
  series = {Synthese {{Language Library}}},
}

@inproceedings{wanzare.etal2016,
  title = {{{DeScript}}: {{A}} crowdsourced corpus for the acquisition of high-quality script knowledge},
  booktitle = {Proceedings of {{LREC}} 2016},
  author = {Wanzare, Lilian D. A. and Zarcone, Alessandra and Thater, Stefan and Pinkal, Manfred},
  date = {2016},
  pages = {3494--3501},
  location = {{Portoroz, Slovenia}}
}

@book{webelhuth1992,
  title = {Principles and parameters of syntactic saturation},
  author = {Webelhuth, Gerd},
  date = {1992},
  publisher = {{Oxford University Press}},
  location = {Oxford}
}

@inproceedings{weir2014,
  title = {Fragment answers and the {{Question}} under {{Discussion}}},
  booktitle = {Proceedings of {{NELS}} 44},
  author = {Weir, Andrew},
  editor = {Iyer, Jyoti and Kusmer, Leland},
  date = {2014},
  pages = {255--266}
}

@phdthesis{weir2014a,
  title = {Fragments and clausal ellipsis},
  author = {Weir, Andrew},
  date = {2014},
  institution = {{University of Massachusetts Amherst}},
  type = {PhD thesis}
}

@inproceedings{weir2015,
  title = {Fragment answers and exceptional movement under ellipsis: {{A}} {{PF}}-movement account},
  booktitle = {Proceedings of {{NELS}} 45},
  author = {Weir, Andrew},
  editor = {Bui, Thuy and Özyıldız, Deniz},
  date = {2015},
  pages = {175--188},
  publisher = {{University of Ghent}}
}

@inproceedings{weir2018,
  title = {Cointensional questions, fragment answers, and structured meanings},
  booktitle = {Proceedings of {{Sinn}} und {{Bedeutung}} 21},
  author = {Weir, Andrew},
  editor = {Trueswell, Robert and Cummins, Chris and Heycock, Caroline and Rabern, Brian and Rohde, Hannah},
  year = {2018},
  pages = {1289--1306}
}

@incollection{williams1975,
  title = {Small clauses in {{English}}},
  booktitle = {Syntax and semantics},
  author = {Williams, Edwin},
  editor = {Kimball, John},
  date = {1975},
  pages = {249--273},
  publisher = {{Academic Press}},
  location = {{Orlando, FL}}
}

@article{williams1977,
  title = {Discourse and logical form},
  author = {Williams, Edwin},
  date = {1977},
  journaltitle = {Linguistic Inquiry},
  volume = {8},
  pages = {101--139}
}

@article{woolford2006,
  title = {Lexical case, inherent case, and argument structure},
  author = {Woolford, Ellen},
  date = {2006-01},
  journaltitle = {Linguistic Inquiry},
  volume = {37},
  pages = {111--130},
  issn = {0024-3892, 1530-9150},
  doi = {10.1162/002438906775321175},
  number = {1}
}

@article{wulff2003,
  title = {A multifactorial corpus analysis of adjective order in {{English}}},
  author = {Wulff, Stefanie},
  date = {2003-12-31},
  journaltitle = {International Journal of Corpus Linguistics},
  volume = {8},
  pages = {245--282},
  issn = {1384-6655, 1569-9811},
  doi = {10.1075/ijcl.8.2.04wul},
  number = {2}
}

@inproceedings{yoon2001,
  title = {Feature percolation, movement and cross-linguistic variation in pied-piping},
  booktitle = {Language, {{Information}} and {{Computation}}: {{Proceedings}} of {{The}} 15th {{Pacific Asia Conference}}},
  author = {Yoon, Jeong-Me},
  date = {2001},
  pages = {283--292},
  location = {{Hong Kong}}
}

@misc{zhan.etal2017,
  title = {Rational inference and sentence interpretation in {{Mandarin Chinese}}},
  author = {Zhan, Meilin and Levy, Roger and Gibson, Edward},
  date = {2017},
  addendum = {Poster presented at CUNY 2017. Cambridge, MA}
}

@misc{zhan.levy2019,
  title = {Availability-{{Based Production Predicts Speakers}}' {{Real}}-time {{Choices}} of {{Mandarin Classifiers}}},
  author = {Zhan, Meilin and Levy, Roger},
  date = {2019-05-17},
  archiveprefix = {arXiv},
  eprint = {1905.07321},
  eprinttype = {arxiv}
}
@book{zipf1935,
  title = {The psycho-biology of language},
  author = {Zipf, George Kingsley},
  date = {1935},
  publisher = {{Houghton, Mifflin}},
  location = {{Oxford}}
}

@article{zimmermann.onea2011,
  title = {Focus marking and focus interpretation},
  author = {Zimmermann, Malte and Onea, Edgar},
  year = {2011},
  month = sep,
  journal = {Lingua},
  volume = {121},
  number = {11},
  pages = {1651--1670},
  issn = {00243841},
  doi = {10.1016/j.lingua.2011.06.002}
}

@phdthesis{zondervan2010,
  title = {Scalar implicatures or focus: {{An}} experimental approach},
  shorttitle = {Scalar implicatures or focus},
  author = {Zondervan, Albert Jan},
  date = {2010},
  institution = {{LOT\slash Netherlands Graduate School of Linguistics}},
  location = {{Utrecht}},
  type = {PhD thesis}
}

@misc{zwarts2005,
  title = {The case of prepositions: {{Government}} and compositionality in {{German PPs}}},
  author = {Zwarts, Joost},
  date = {2005},
  location = {{Haifa}},
  addendum = {21st annual meeting of the {{Israel Association}} for {{Theoretical Linguistics}}}
}



@preamble{ "\ifdefined\DeclarePrefChars\DeclarePrefChars{'’-}\else\fi " }
