@InCollection{holmberg2000,
  title={Deriving {OV} order in {F}innish},
  author={Holmberg, Anders},
  journal={The Derivation of {VO} and {OV}},
  pages={123--152},
  year={2000},
  booktitle={The Derivation of VO and OV},
  editor={Peter Svenonius},
  publisher={Amsterdam: John Benjamins}
}


@book{hawkins1983,
  title={Word order universals},
  author={Hawkins, John A},
  year={1983},
  publisher={Academic Press},
  address={New York}
}

@inproceedings{arregi-molinaazaola2004,
  title={Restructuring in {B}asque and the theory of agreement},
  author={Arregi, Karlos and Molina-Azaola, Gainko},
  booktitle={Proceedings of the 23rd {W}est {C}oast {C}onference on {F}ormal {L}inguistics},
  pages={43--56},
  year={2004}
}

@phdthesis{laka1990,
  title={Negation in syntax, on the nature of functional categories and projections},
  author={Laka, Itziar},
  year={1990},
  school={Massachusetts Institute of Technology, Dept. of Linguistics and Philosophy}
}

@PhDThesis{irurtzun2007,
	address = "{Vitoria-Gasteiz}",
	title = "The Grammar of Focus at the Interfaces",
	school = "University of the Basque Country (UPV/EHU)",
	author = "Aritz Irurtzun",
	year = "2007"
}

@InCollection{haddican2008,
  title={Euskal perpausaren oinarrizko espez-buru-osagarri hurrenkeraren aldeko argudio batzuk},
  author={Haddican, Bill},
  booktitle={Antisimetriaren hipotesia vs. buru parametroa: {E}uskararen oinarrizko hurrenkera ezbaian},
  year={2008},
    editor={I{\~n}igo Arteatx and Xabier Artiagoitia and Arantzazu Elordieta},
  publisher={EHUko Argitalpen Zerbitzua},
  address={Bilbao},
   pages={69--96}
}

@misc{coon2012,
title={Predication, predicate fronting, and what it takes to be a verb, Paper presented at {NELS} 43},
year={2012},
author={Coon, Jessica},
publisher={NELS 43 talk}
}

@InCollection{massam2000,
  title={{VSO} and {VOS}: Aspects of {N}iuean word order},
  author={Massam, Diane},
  booktitle={The syntax of verb initial languages},
    editor={Carnie, Andrew and Guilfoyle, Eithne},
   publisher={Oxford University Press},
  address={Oxford},
  pages={97--116},
  year={2000}
}

@article{massam2001,
  title={Pseudo noun incorporation in Niuean},
  author={Massam, Diane},
  journal={Natural Language \& Linguistic Theory},
  volume={19},
  number={1},
  pages={153--197},
  year={2001},
  publisher={Springer}
}

@article{massam2010,
  title={V1 or {V}2?: On the left in {N}iuean},
  author={Massam, Diane},
  journal={Lingua},
  volume={120},
  number={2},
  pages={284--302},
  year={2010},
  publisher={Elsevier}
}

@InCollection{ortizdeurbina2002,
  title={Focus of correction and remnant movement in Basque},
author = "Jon {Ortiz de Urbina}",  editor={Xabier Artiagoitia},
  booktitle={Erramu Boneta. Festschrift for Rudolf PG de Rijk},
  pages={511--524},
  year={2002},
  address={Bilbao, Basque Country},
  publisher={University of the Basque Country}
}

@article{collins2005b,
  title={A smuggling approach to the passive in {E}nglish},
  author={Collins, Chris},
  journal={Syntax},
  volume={8},
  number={2},
  pages={81--120},
  year={2005},
  publisher={Wiley Online Library}
}


@article{collins2005a,
  title={A smuggling approach to raising in {E}nglish},
  author={Collins, Chris},
  journal={Linguistic Inquiry},
  volume={36},
  number={2},
  pages={289--298},
  year={2005},
  publisher={MIT Press}
}

@inproceedings{uribeetxebarria2003,
  title={Euskararen eta Hizkuntza erromanikoen foko egituren arteko zenbait paralelotasunez},
  author={Uribe-Etxebarria, Myriam},
  booktitle={Euskal Gramatikari eta literaturari buruzko Jardunaldiak XXI. mendearen atarian (I-II)},
  pages={437--457},
  year={2003},
  organization={Euskaltzaindia}
}

@article{haddican2007,
  title={On \textit{egin}: \textit{Do}-support and {VP} focus in {C}entral and {W}estern {B}asque},
  author={Haddican, Bill},
  journal={Natural Language \& Linguistic Theory},
  volume={25},
  number={4},
  pages={735--764},
  year={2007},
  publisher={Springer}
}


@article{coon2010,
  title={{VOS} as predicate fronting in {C}hol},
  author={Coon, Jessica},
  journal={Lingua},
  volume={120},
  number={2},
  pages={354--378},
  year={2010},
  publisher={Elsevier}
}

@article{haddican2004a,
  title={Sentence polarity and word order in {B}asque},
  author={Haddican, William},
  journal={Linguistic {R}eview},
  volume={21},
  pages={87--124},
  year={2004},
  publisher={WALTER DE GRUYTER \& CO.}
}

@InCollection{elordieta2008,
  title={{OA} hizkuntzak: oinarrizko hurrenkeraz eta hurrenkera  eratorriez},
  author={Elordieta, Arantzazu},
  booktitle={Antisimetriaren hipotesia vs. buru parametroa: {E}uskararen oinarrizko hurrenkera ezbaian},
  year={2008},
    editor={I{\~n}igo Arteatx and Xabier Artiagoitia and Arantzazu Elordieta},
  publisher={EHUko Argitalpen Zerbitzua},
  address={Bilbao},
   pages={93--126}
}

@article{ortizdeurbina1994,
  title={Verb-initial patterns in {B}asque and {B}reton},
  author = "Jon {Ortiz de Urbina}", 
  journal={Lingua},
  volume={94},
  number={2},
  pages={125--153},
  year={1994},
  publisher={Elsevier}
}
@article{rezac2008,
  title={The syntax of eccentric agreement: The {P}erson {C}ase {C}onstraint and absolutive displacement in {B}asque},
  author={Rezac, Milan},
  journal={Natural Language \& Linguistic Theory},
  volume={26},
  number={1},
  pages={61--106},
  year={2008},
  publisher={Springer}
}

@book{hawkins1995,
  title={A performance theory of order and constituency},
  author={Hawkins, John A},
  volume={73},
  year={1995},
  publisher={Cambridge University Press},
  address={New York}
}

@inproceedings{biberaueretal2008,
  title={Structure and linearization in disharmonic word orders},
  author={Biberauer, Theresa and Holmberg, Anders and Roberts, Ian},
  booktitle={Proceedings of the 26th {W}est {C}oast {C}onference on {F}ormal {L}inguistics},
  pages={96--104},
  year={2008}
}

@article{biberaueretal2014,
	title = {A syntactic universal and its consequences},
	volume = {45},
	journal = {Linguistic Inquiry},
	author = {Biberauer, Theresa and Holmberg, Anders and Roberts, Ian},
	year = {2014},
	pages = {169--225}
}

@article{sheehan2013b,
  title={Some implications of a copy theory of labeling},
  author={Sheehan, Michelle L},
  journal={Syntax},
  volume={16},
  number={4},
  pages={362--396},
  year={2013},
  publisher={Wiley Online Library}
}

@InCollection{sheehan2013a,
  title={Explaining the {F}inal-over-{F}inal {C}onstraint: {F}ormal and functional approaches},
  author={Sheehan, Michelle},
  editor={Theresa Biberauer and Michelle Sheehan},
  booktitle={Theoretical Approaches to Disharmonic Word Order},
  pages={407-444},
  year={2013},
  address={Oxford},
  publisher={Oxford University Press}
}

@article{biberaueretal2009,
  title={Limiting synchronic and diachronic variation and change: the Final-Over-Final Constraint},
  author={Biberauer, Theresa and Newton, Glenda and Sheehan, Michelle},
  journal={Language and Linguistics},
  volume={10},
  number={4},
  pages={699--741},
  year={2009}
}


@inCollection{biberaueretal2010,
  title={Impossible changes and impossible borrowings},
  author={Biberauer, Theresa and Sheehan, Michelle and Newton, Glenda},
  booktitle={Continuity and Change in Grammar},
  editor={A. Breitbarth and C. Lucas and S.Watts and D. Willis},
  address={Amsterdam},
  publisher={John Benjamins},
  pages={35--60},
  year={2010}
}

@InCollection{sheehan2017,
  title={The {F}inal-over-{F}inal {C}ondition and the {H}ead-{F}inal {F}ilter},
  author={Sheehan, Michelle},
  editor={Michelle Sheehan and Theresa Biberauer and Anders Holmberg and Ian Roberts},
  booktitle={The {F}inal-over-{F}inal {C}ondition},
  pages={ },
  year={to appear},
  address={Cambridge, Mass.},
  publisher={MIT Press}
}


@book{kayne1994,
  title={The antisymmetry of syntax},
  author={Kayne, Richard S},
  volume={25},
  year={1994},
  address={Cambridge, Mass.},
  publisher={MIT Press}
}

@article{etxepare-uribeetxebarria2009,
  title={Hitz hurrenkera eta birregituraketa euskaraz},
  author={Etxepare, Ricardo and Uribe-Etxebarria, Myriam},
  journal={Anuario del Seminario de Filolog{\'\i}a Vasca Julio de Urquijo},
  volume={43},
  number={1-2},
  year={2009},
  pages={335-355}
}

@article{balza2010,
  title={Clausal architecture and morpho-syntactic structure from the point of view of modal verbs},
  author={Balza, Irene},
  journal={Ms, University of the Basque Country (UPV/EHU)},
  year={2010}
}

@inCollection{etxepare-uribeetxebarria2012,
    title={Denominal necessity modals in {B}asque},
  author={Etxepare, Ricardo and Uribe-Etxebarria, Myriam},
  journal={Noun Phrases and Nominalization in Basque: Syntax and Semantics},
      editor={Urtzi Etxeberria and Ricardo Etxepare and Myriam Uribe-Etxebarria},
  volume={187},
  pages={283-332},
  year={2012},
  publisher={John Benjamins Publishing}
}

@article{williams1982,
  title={Another argument that passive is transformational},
  author={Williams, Edwin},
  journal={Linguistic Inquiry},
  volume={13},
  number={1},
  pages={160--163},
  year={1982},
  publisher={JSTOR}
}


@article{greenberg1963,
  title={Some universals of grammar with particular reference to the order of meaningful elements},
  author={Greenberg, Joseph H},
  journal={Universals of language},
  volume={2},
  pages={73--113},
  year={1963},
  publisher={Cambridge, Mass.}
}


@book{nunes2004,
  title={Linearization of chains and sideward movement},
  author={Nunes, Jairo},
  year={2004},
    address={Cambridge, Mass.},
  publisher={MIT Press}
}

@book{chomsky1995,
  title={The {M}inimalist {P}rogram},
  author={Chomsky, Noam},
  year={1995},
  publisher={MIT Press},
  address={Cambridge, Mass.}
}

@book{ elordieta2001,
	address = {Utrecht},
	title = {Verb Movement and Constituent Permutation in {B}asque},
	publisher = {LOT},
	author = {Elordieta, Arantzazu},
	year = {2001}
}

@Book{ ortizdeurbina1989,
	address = "Dordrecht",
	title = "Some Parameters in the Grammar of {B}asque",
	isbn = "9064673381",
	publisher = "Foris Publications",
	author = "Jon {Ortiz de Urbina}",
	year = "1989"
}


@article{derijk1969,
  title={Is {B}asque an {SOV} language?},
  author={Rijk, Rudolf PG de},
  journal={Fontes linguae vasconum: Studia et documenta},
  volume={1},
  number={3},
  pages={319--352},
  year={1969}
}