% Include entries that you actually cite. Do not copy here your whole bib-file.

@incollection{Breu2000,
	address = "München",
	author = "Breu, Walter",
	booktitle = "{Slavistische Linguistik 1999}",
	editor = "Breu, Walter",
	pages = "37–76",
	publisher = "Sagner",
	title = "{Der Verbalaspekt in der obersorbischen Umgangssprache im Rahmen des {ILA-Modells}}",
	year = "2000"
}

@book{mue:Comrie1976,
	address = "Cambridge",
	author = "Comrie, Bernhard",
	publisher = "Cambridge University Press",
	title = "{Aspect}",
	year = "1976"
}

@incollection{mue:Filip2000,
	address = "Stanford, CA",
	author = "Filip, Hana",
	booktitle = "Events as Grammatical Objects: {The} Converging Perspectives of Lexical Semantics and Syntax",
	editor = "Pustejovsky, James and Tenny, Carol",
	pages = "3–60",
	publisher = "CSLI",
	title = "The Quantization Puzzle",
	year = "2000"
}

@book{mue:Dickey2000,
	address = "Stanford",
	author = "Dickey, Stephen",
	publisher = "CSLI",
	title = {Parameters of {Slavic} Aspect},
	year = "2000"
}

@Article{mue:Bailyn2004,
  author    = {John F. Bailyn},
  title     = {Generalized inversion},
  journal   = {Natural Language \& Linguistic Theory},
  year      = {2004},
  volume    = {22},
  number    = {1},
  pages     = {1-49},
  doi = {10.1023/B:NALA.0000005556.40898.a5}
}

@incollection{Toops1998,
	address = "Bloomington",
	author = "Toops, Gary",
	booktitle = {American Contributions to the Twelfth International Congress of {Slavists}: {Cracow}, {August}--{September} 1998},
	editor = "Maguire, {Robert A.} and Timberlake, Alan",
	pages = "515–529",
	publisher = "Slavica",
	title = {The Scope of Secondary Imperfectivization in {Bulgarian}, {Russian} and {Upper} {Sorbian}},
	year = "1998"
}


@book{Petruchina2000,
	address = "Moskva",
	author = "Petruchina, {Elena V.}",
	publisher = "MGU",
	title = "{Aspektual'nye kategorii glagola v russkom jazyke v sopostavlenii s češskim, slovackim, pol'skim i bolgarskim jazykami}",
	year = "2000"
}

@incollection{Stone1993,
	address = "London and New York",
	author = "Stone, Gerald",
	booktitle = {The {Slavonic} Languages},
	editor = "Comrie, Bernard and Corbett, Greville",
	pages = "593–685",
	publisher = "Routledge",
	title = "{Sorbian}",
	year = "1993"
}

@book{Comrie1976,
	address = "Cambridge",
	author = "Comrie, Bernhard",
	publisher = "Cambridge University Press",
	title = "{Aspect}",
	year = "1976"
}

@book{AG1980,
	address = "Moskva",
	author = "{Švedova}, Natalja Ju. and Arutjunova, {Nina D.} and 
Bondarko, {Aleksandr V.} and 
Ivanov, {Valerij V.} and
Lopatin, {Vladimir V.} and 
Uluchanov, {Igor' S.} and
Filin, {Fedot P.}",
	publisher = "Nauka",
	title = "{Russkaja grammatika}",
	year = "1980"
}





@book{Karlik95,
	author = "Karl\'ik, Petr and Nekula, Marek and Rus\'inov\'a, Zdenka",
		address = "Praha",
	publisher = "Nakladatelstv\'i Lidov\'e noviny",
	title = "{P\v{z}\'iru\v{c}n\'i mluvnice \v{c}e\v{s}tiny}",
	year = "1995"
}

@book{SchankAbel1977,
	author = "Schank, Roger and Abelson, Robert",
	publisher = "Hillsdale: Erlbaum",
	title = {Scripts, Plans, Goals, and Understanding},
	year = "1977"
}

@article{Werner2018,
	author = "Werner, Eduard",
	journal = "Slavia Occidentalis",
	number = "1",
	pages = "143–149",
	title = "{Aspect and performativity in Sorbian}",
	volume = "74",
doi = {https://doi.org/10.14746/so.2018.75.10},
	year = "2018"
}

@incollection{Filip2000,
	address = "Stanford, CA",
	author = "Filip, Hana",
	booktitle = "Events as Grammatical Objects: The Converging Perspectives of Lexical Semantics and Syntax",
	editor = "Pustejovsky, James and Tenny, Carol",
	pages = "3–60",
	publisher = "CSLI",
	title = "The Quantization Puzzle",
	year = "2000"
}

@article{Dickey2006,
	author = "Dickey, Stephen",
	journal = "Glossos",
	volume = "7",
	pages = "1–37",
	title = {Aspectual pairs, goal orientation and \textit{po}-delimitatives in {Russian}},
	year = "2006"
}


@article{Seres2019,
	author = "Seres, Daria and Espinal, {M. Teresa}",
	doi = "https://doi.org/10.5334/gjgl.760",
	journal = "Glossa: a journal of general linguistics",
	number = "1",
	pages = "1–30",
	title = "{Russian definitional generic sentences}",
	volume = "4",
	year = "2019"
}

@InCollection{Leslie22,
	author       =	{Leslie, Sarah-Jane and Lerner, Adam},
	title        =	{Generic Generalizations},
	booktitle    =	{The {Stanford} Encyclopedia of Philosophy},
	editor       =	{Edward N. Zalta and Uri Nodelman},
	url = {https://plato.stanford.edu/archives/fall2022/entries/generics/},
	year         =	{2022},
	edition      =	{{F}all 2022},
	publisher    =	{Metaphysics Research Lab}, 
    address = {Stanford University}
}

@incollection{Krifka1995,
	address = "Chicago, London",
	author = "Krifka, Manfred and Pelletier, Francis and Carlson, Gregory and {ter Meulen}, Alice and Chierchia, Gennaro and Link, Godehard",
	booktitle = {The Generic Book},
	editor = "Carlson, Gregory and Pelletier, Francis",
	pages = "1–124",
	publisher = "University of Chicago Press",
	title = {Genericity: {An} Introduction},
	year = "1995"
}

@article{Klimek2012,
	author = "Klimek-Jankowska, Dorota",
	doi = "https://doi.org/10.1007/s10849-011-9154-9",
	issn = "1572-9583",
	journal = "Journal of Logic, Language and Information",
	number = "1",
	pages = "31–52",
	title = {Imperfective and Perfective Habituals in {Polish}: {A} Bi-Directional {OT} Account of Variation and Ambiguity},
	volume = "21",
	year = "2012"
}

@incollection{Carlson1995,
	address = "Chicago, London",
	author = "Carlson, Greg",
	booktitle = {The Generic Book},
	editor = "Carlson, Gregory and Pelletier, Francis",
	pages = "224–237",
	publisher = "University of Chicago Press",
	title = {Truth Conditions of Generic Sentences: {Two} Contrasting Views},
	year = "1995"
}

@InCollection{LesliLerner22,
	author       =	{Leslie, Sarah-Jane and Lerner, Adam},
	title        =	{{Generic Generalizations}},
	booktitle    =	{The {Stanford} Encyclopedia of Philosophy},
	editor       =	{Edward N. Zalta and Uri Nodelman},
	howpublished =	{\url{https://plato.stanford.edu/archives/fall2022/entries/generics/}},
	year         =	{2022},
	edition      =	{{F}all 2022},
	publisher    =	{Metaphysics Research Lab, Stanford University}
}

@article{Hesni2022,
	author = "Hesni, Samia",
	journal = "Inquiry",
	pages = "1–24",
	title = "{Normative generics and social kind terms}",
	url = "https://doi.org/10.1080/0020174X.2022.2032323",
	year = "2022"
}


@incollection{omr20concealed,
	address = "Berlin",
	author = "Mueller-Reichau, Olav",
	booktitle = {Current Developments in {Slavic} Linguistics: {Twenty} Years After (based on selected papers from {FDSL} 11)},
	editor = "Radeva-Bork, Teodora and Kosta, Peter",
	pages = "273–290",
	publisher = "Language Science Press",
	title = {On Concealed Properties in {Polish} Perfective Generics},
	year = "2020",
doi ={10.3726/978-3-653-07147-4}
}

@incollection{Cohen2022,
	author = {Ariel Cohen},
	publisher = {Oxford: Oxford University Press},
	booktitle = {Oxford Research Encyclopedia of Linguistics},
	title = {Genericity},
	year = {2022},
	editor = {Mark Aronoff},
doi = {10.1093/acrefore/9780199384655.013.326},
	pages = {1--35}
}

@incollection{Klimek2008,
	address = "Oslo",
	author = "Klimek-Jankowska, Dorota",
	booktitle = "{Proceedings of Sinn und Bedeutung 12}",
	editor = "Grønn, Atle",
	pages = "318–336",
	publisher = "ILOS",
	title = {On an Analogy between {English} Nominal and {Polish} Aspectual Manifestations of Genericity},
	year = "2008"
}

@article{PrasadaDillingham2006,
	author = "Prasada, Sundeep and Dillingham, Elaine",
	journal = "Cognition",
	number = "1",
	pages = "73–112",
	title = {Principled and Statistical Connections in Common Sense Conception},
doi = {10.1016/j.cognition.2005.01.003},
	volume = "99",
	year = "2006"
}

@incollection{Krifka13,
	address = "Oxford",
	author = "Krifka, Manfred",
	booktitle = "{Genericity}",
	editor = "Mari, Alda and Beyssade, Claire and {Del Prete}, Fabio",
	pages = "372–389",
	publisher = "Oxford University Press",
	title = {Definitional Generics},
	year = "2013"
}



@article{Zwarts2005,
	author = "Zwarts, Joost",
	doi = "10.1007/s10988-005-2466-y",
	journal = "Linguistics and Philosophy",
	number = "6",
	pages = "739–779",
	risfield_0_da = "2005/12/01",
	risfield_1_do = "10.1007/s10988-005-2466-y",
	title = {Prepositional Aspect and the Algebra of Paths},
	volume = "28",
	year = "2005"
}

@book{Greenberg2003,
	address = "New York",
	author = "Greenberg, Yael",
	publisher = "Routledge",
	title = {Manifestations of Genericity},
	year = "2003"
}

@book{Gehrke2008,
	address = "Utrecht",
	author = "Gehrke, Berit",
	publisher = "LOT",
	title = {Ps in Motion: {On} the Semantics and Syntax of {P} Elements and Motion Events},
    series = {LOT Dissertation Series},
    volume = {184},
	year = "2008"
}

@book{Kagan15,
	address = "Cambridge",
	author = "Kagan, Olga",
	publisher = "Cambridge University Press",
	title = {Scalarity in the Verbal Domain: {The} Case of Verbal Prefixation in {Russian}},
 doi = "https://doi.org/10.1017/CBO9781316136195",
	year = "2015"
}

@incollection{Krifka1998,
	address = "Dordrecht",
	author = "Krifka, Manfred",
	booktitle = {Events and Grammar},
	editor = "Rothstein, Susan",
	pages = "197–235",
	publisher = "Kluwer",
	title = {The Origins of Telicity},
	year = "1998"
}

@incollection{Lewa2002,
	address = "Klagenfurt",
	author = "Lewaszkiewicz, Tadeusz",
	booktitle = "{Lexikon der Sprachen des europäischen Ostens}",
	editor = "Okuka, Miloš",
	pages = "343–354",
	publisher = "Wieser",
	title = "{Obersorbisch}",
	year = "2002"
}


@incollection{anamuller20,
	address = "Hoboken, NJ",
	author = "Müller, Ana and Sanchez-Mendes, Luciana",
	booktitle = {The {Wiley} {Blackwell} Companion to Semantics},
	editor = "Gutzmann, Daniel and Matthewson, Lisa and Meier, Cécile and  Rullmann, Hotze and Zimmermann, {Thomas Ede}",
	pages = "1-34",
	publisher = "John Wiley",
	title = "{Pluractionality: {The} phenomenon, the issues, and a case study}",
doi = {https://doi.org/10.1002/9781118788516.sem134},
	year = "2020"
}


  


@article{Breu2012,
	author = "Breu, Walter",
	journal = "Language Typology and Universals",
	number = "3",
	pages = "246–266",
	title = "{Aspect forms and functions in Sorbian varieties}",
doi = {10.1524/stuf.2012.0016},
	volume = "65",
	year = "2012"
}

@book{Scholze2008,
	address = "Bautzen",
	author = "Scholze, Lenka",
	publisher = "Domowina-Verlag",
	title = "{Das grammatische System der obersorbischen Umgangssprache im Sprachkontakt}",
	year = "2008"
}

@book{Fasske1981,
	address = "Bautzen",
	author = "Fasske, Helmut",
	publisher = "Domowina-Verlag",
	title = "{Grammatik der obersorbischen Schriftsprache der Gegenwart. Morphologie}",
	year = "1981"
}


@incollection{omr23,
	address = "Berlin",
	author = "Mueller-Reichau, Olav",
	booktitle = {Topics in the semantics of {Slavic} languages},
	editor = "Gehrke, Berit and \v{S}im\'ik, Radek",
	publisher = "Language Science Press",
	title = {The Morphosemantics of {Russian} Aspect},
	year = {to appear},
}

@incollection{Werner2013,
	address = "Bucharest",
	author = "Werner, Eduard",
	booktitle = {The Verbal Aspect in the {Slavic} Languages. {Special} Issue of {Romano-Bohemica}},
	editor = "Paliga, Sorin",
	pages = "165–182",
	publisher = "Editura",
	title = "{Upper Sorbian and verbal aspect}",
	year = "2013"
}


@book{Scerba1973,
	address = "Bautzen",
	author = "\v{S}\v{c}erba, {Lev V.}",
	publisher = "Domowina",
	title = "{Vosto\v{c}nolu\v{z}ickoe nare\v{c}ie (reprint from 1915)}",
	year = "1973"
}

@book{Klein1994,
	address = "London and New York",
	author = "Klein, Wolfgang",
	publisher = "Routledge",
	title = {Time in Language},
	year = "1994"
}

@book{Gronn2004,
	address = "Oslo",
	author = "Grønn, Atle",
	publisher = "Acta Humaniora",
	title = {The Semantics and Pragmatics of the {Russian} Factual Imperfective},
	year = "2004"
}

@incollection{Stunova1991,
	address = "Amsterdam",
	author = "Stunová, Anna",
	booktitle = {Studies in {West} {Slavic} and {Baltic} Linguistics},
	editor = "Barentsen, Adrian and Groen, Ben and Sprenger, Rob",
	pages = "259–319",
	publisher = "Rodopi",
	title = {In defence of language-specific invariant meanings of aspect in {Russian} and {Czech}},
	year = "1991"
}

@incollection{Barentsen95,
	address = "Kraków",
	author = "Barentsen, Adrian",
	booktitle = "{Semantika i struktura slavjanskogo vida}",
	editor = "Karolak, Stanis\l{a}w",
	pages = "1–28",
	publisher = "Wydawnictwo Naukowe WSP",
	title = "{Trechstupenčataja model' invarianta soveršennogo vida russkom jazyke}",
	year = "1995"
}

@incollection{Filip2008,
	address = "Amsterdam",
	author = "Filip, Hana",
	booktitle = {Theoretical and Crosslinguistic Approaches to the Semantics of Aspect},
	editor = "Rothstein, Susan",
	pages = "217–256",
	publisher = "John Benjamins",
doi = {10.1075/la.110.10fil},
	title = {Events and Maximalization: {The} Case of Telicity and Perfectivity},
	year = "2008"
}

@article{Filip17,
	author = "Filip, Hana",
	journal = "Italian Journal of Linguistics",
	number = "1",
	pages = "167–200",
	title = {The Semantics of Perfectivity},
	volume = "29",
doi = {10.26346/1120-2726-107},
	year = "2017"
}

@incollection{Barentsen98,
	address = "Moskva",
	author = "Barentsen, Adrian",
	booktitle = {Tipologija vida: {Problemy}, poiski, rešenija},
	editor = "Čertkova, {Marina Ju.}",
	pages = "43–58",
	publisher = "Jazyki russkoj kul'tury",
	title = "{Priznak sekventnaja svjas' i vidovoe protivopostavlenie v russkom jazyke}",
	year = "1998"
}


@incollection{Dickey15,
	address = "Bloomington",
	author = "Dickey, Stephen",
	booktitle = {Studies in Accentology and {Slavic} Linguistics in Honor of {Ronald F. Feldstein}},
	editor = "Shrager, Miriam and Andrews, Edna and Fowler, George and Franks, Steven",
	pages = "29–45",
	publisher = "Slavica",
	title = {Parameters of {Slavic} Aspect Reconsidered: {The} East-West Division from a Diachronic Perspective},
	year = "2015"
}


@book{Dickey2000,
	address = "Stanford",
	author = "Dickey, Stephen",
	publisher = "CSLI",
	title = {Parameters of {Slavic} Aspect},
	year = "2000"
}

@phdthesis{Stunova1993,
	author = "Stunová, Anna",
	school = "University of Amsterdam",
    address = {Amsterdam},
	title = {A Contrastive Analysis of {Russian} and {Czech} Aspect: {Invariance} vs. Discourse},
	year = "1993"
}

@article{Toops2001,
	author = "Toops, Gary",
	journal = "Journal of Slavic Linguistics",
	pages = "127–154",
	title = {Aspectual competition and iterative contexts in Contemporary {Upper} {Sorbian}},
	volume = "9",
	year = "2001"
}

@book{Rakhilina2000,
	address = "Moskva",
	author = "Rachilina, Ekaterina V.",
	publisher = "Russkie slovari",
	title = "{Kognitivnyj analiz predmetnych imen: {Semantika} i sočetaemost'}",
	year = "2000"
}

@incollection{omr18,
	address = "Berlin",
	author = "Mueller-Reichau, Olav",
	booktitle = "{Advances in formal Slavic linguistics 2016}",
	editor = "Šimík, Radek and Lenertová, Denisa and Meyer, Roland and Szucsich, Luka",
	publisher = "Language Science Press",
	title = "{General-factual perfectives: On an asymmetry in aspect choice between western and eastern Slavic languages}",
doi = {DOI:10.5281/zenodo.2545531},
pages = "289-311",
	year = "2018"
}


@article{Klimek22,
	author = "Klimek-Jankowska, Dorota",
	title = {Variation in Aspect Usage in General-Factual Contexts: {New} Quantitative Data from {Polish}, {Czech}, and {Russian}},
	journal = {Languages},
	volume = {7},
	number = {2},
	pages = {146},
	doi = {https://doi.org/10.3390/languages7020146},
	year = "2022"
}

@article{Gehrke22,
	author = "Gehrke, Berit",
		title = {Differences between {Russian} and {Czech} in the Use of Aspect in Narrative Discourse and Factual Contexts},
	journal = {Languages},
	volume = {7},
	number = {2},
	pages = {155},
	doi = {https://doi.org/10.3390/languages7020155},
	year = "2022"
}


@incollection{Heck18,
	author = "Heck, Stefan",
	booktitle = {Grammar and Corpora 2016},
	editor = "Fu{\ss}, Erik and Konopka, Marek and Traw\'inski, Beata and Wa{\ss}ner, Ulrich",
	title = "{Verbal aspect in the Czech and Russian imperative}",
 address = "Heidelberg",
		pages = "249–258",
doi = {10.17885/heiup.361.c4705},
	publisher = "Heidelberg University Publishing",
	year = "2018"
}


@article{Berger13,
	author = "Berger, Tilman",
	journal = "Zeitschrift für Slawistik",
	pages = "31–42",
	title = {Ungewöhnliche {Verwendungen} des {Aspekts} im {Tschechischen}: {Der} imperfektive {Aspekt} in {Handlungssequenzen}},
	volume = "58",
number = "1",
doi = {10.1524/slaw.2013.0002},
	year = "2013"
}


@book{Alvestad13,
	address = "Oslo",
	author = "Alvestad, {Silje Susanne}",
	publisher = "University of Oslo",
	title = {Beware of {Fakes}! {Fake} Imperfectives in the {Slavic} Imperative},
	year = "2013"
}

@article{Arregui14,
	author = "Arregui, Ana and Rivero, {Maria Luisa} and Salanova, Andr\'es",
	journal = {Natural Language \& Linguistic Theory},
	pages = "307–362",
volume = "32",
	title = "{Cross-linguistic variation in imperfectivity}",
doi = {https://doi.org/10.1007/s11049-013-9226-4},
	year = "2014"
}

@incollection{Rivero10,
	author = "Rivero, {Maria Luisa} and Arregui, Ana",
	booktitle = "Proceedings of the 2010 annual conference of the {Canadian Linguistic Association}",
	title = {Aspectual Microvariation: {The} Case of {Slavic} Imperfectives},
editor = {Heijl, Melinda},
address = "Toronto",
publisher = "Toronto University",
	year = "2010",
pages = {1-15},
}

@incollection{Wiemer08,
	address = "München",
	author = "Wiemer, Björn",
	booktitle = "{Deutsche Beiträge zum 14. internationalen Slavistenkongress, Ohrid 2008}",
	editor = "Gutschmidt, Karl and Kosny, Witold and Kosta, Peter",
	pages = "383–409",
	publisher = "Sagner",
	title = "{Zur innerslavischen Variation bei der Aspektwahl und der Gewichtung ihrer Faktoren}",
doi = {10.20378/irbo-3763 },
	year = "2008"
}


@book{Benacchio2010,
	address = "München",
	author = "Benacchio, Rosanna",
	publisher = "Sagner",
	title = "{Vid i kategorija ve\v{z}livosti v slavjanskom imperative: sravnitel'nyj analiz}",
	year = "2010"
}

@article{Berger16,
	author = "Berger, Tilman",
	journal = "Wiener Slavistischer Almanach",
	pages = "37–54",
	title = "{Noch einmal Imperfektiva in Handlungsfolgen}",
	volume = "77",
	year = "2016"
}

@book{Werner2003,
	address = "Bautzen",
	author = "Werner, Eduard",
	publisher = "Domowina-Verlag",
	title = "{Die Verbalaffigierung im Obersorbischen}",
	year = "2003"
}

@incollection{Scholze23,
	address = "Firenze",
	author = "Scholze, Lenka",
	booktitle = "{L’aspettualità nel contatto linguistico: {Lingue} slave e oltre}",
	editor = "Breu, Walter and Pila, Malinka",
	pages = "161-182",
	publisher = "Firenze University Press",
	title = "{Der Verbalaspekt in der obersorbischen Umgangssprache im Sprachkontakt}",
doi ={10.36253/979-12-215-0184-1.11},
	year = "2023"
}


@incollection{Breu00,
	address = "Tübingen",
	author = "Breu, Walter",
	booktitle = "{Probleme der Interaktion von Lexik und Aspekt (ILA) }",
	editor = "Breu, Walter",
	pages = "21–54",
	publisher = "Niemeyer",
	title = "{Zur Position des Slavischen in einer Typologie des Verbalaspekts}",
doi = {10.1515/9783110924800.21},
	year = "2000"
}

@Article{Bailyn2004,
  author    = {John F. Bailyn},
  title     = {Generalized inversion},
  journal   = {Natural Language \& Linguistic Theory},
  year      = {2004},
  volume    = {22},
  number    = {1},
  pages     = {1-49},
  doi = {10.1023/B:NALA.0000005556.40898.a5}
}


@BOOK{Comrie1981,
  author = {Bernard Comrie},
  year = {1981},
  title = {Language Universals and Linguistic Typology},
  address = {Oxford},
  publisher = {Basil Blackwell}
}

@BOOK{Chomsky1957,
  author = {Noam Chomsky},
  year = {1957},
  title = {Syntactic structures},
  address = {The Hague},
  publisher = {Mouton}
}


@BOOK{Circov1900,
  author = {Ćircov, Boban},
  sortname={Circov},
  year = {1957},
  title = {Test book},
  address = {The Hague},
  publisher = {Mouton}
}
 
@misc{Nordhoff2018,
  author = {Sebastian Nordhoff},
  year = {2018},
  title = {BibTeX generator},
  url = {http://glottotopia.org/doc2tex/doc2bib},
  note = {Follow the link to generate BibTeX} 
}

@misc{VandenWyngaerd2017,
author = {Guido {Vanden Wyngaerd}},
year = {2017},
title = {Forest quickstart guide},
url = {https://ling.auf.net/lingbuzz/003391},
}

@Unpublished{leipzig-glossing-rules,
  author    = {Balthasar Bickel and Bernard Comrie and Martin Haspelmath},
  title     = {The {Leipzig} glossing rules: {Conventions} for interlinear morpheme-by-morpheme glosses},
  note      = {University of Leipzig and Max Planck Institute for Evolutionary Anthropology},
  year      = {2015},
  address   = {Leipzig},
  owner     = {radeksimik},
  timestamp = {2019-06-27},
  url       = {https://www.eva.mpg.de/lingua/pdf/Glossing-Rules.pdf},
}


@Misc{Nordhoff.Muller2021,
  author       = {Sebastian Nordhoff and Stefan Müller},
  howpublished = {Language Science Press},
  title        = {Language {Science} {Press} guidelines: Complete set of guidelines},
  year         = {2021},
  owner        = {radeksimik},
  timestamp    = {2021-06-17},
  url          = {http://langsci.github.io/guidelines/latexguidelines/LangSci-guidelines.pdf},
}
