@book{Acquaviva2008,
	address = {Oxford},
	author = {Acquaviva, Paolo},
	publisher = {Oxford University Press},
	title = {Lexical plurals},
	year = {2008}
}

%@misc{Acquaviva2004,
%	author = {Acquaviva, Paolo},
%	note = {Verbum},
%	volume = {36},
%	pages = {387-401},
%	title = {Plural mass nouns and the compositionality of number},
%	year = {2004},
%	url = {http://hdl.handle.net/10197/3898}
%}
@article{Acquaviva2004,
	author = {Acquaviva, Paolo},
	journal = {Verbum},
	pages = {387-401},
	title = {Plural mass nouns and the compositionality of number},
	volume = {26},
	number = {4},
	year = {2004},
	url = {http://hdl.handle.net/10197/3898}
}

@article{Alexiadou2019,
	author = {Alexiadou, Artemis},
	journal = {Zeitschrift für Sprachwissenschaft},
	doi = {10.1515/zfs-2019-0004},
	number = {1},
	pages = {123-154},
	title = {Morphological and semantic markedness revisited: {The} realization of plurality across languages},
	volume = {38},
	year = {2019}
}

@incollection{Acquaviva2015,
	author = {Acquaviva, Paolo},
	booktitle = {Word-Formation: {An} international handbook for the languages of {Europe}},
	volume = {2},
	editor = {Müller, Peter and Ohnheiser, Ingeborg and Olsen, Susan and Rainer, Franz},
	pages = {1171-1182},
	publisher = {Mouton de Gruyter},
	addess = {Berlin, New York},
	title = {Singulatives},
	year = {2015}
}

@incollection{Alexiadou2011,
	address = {Somerville, MA},
	author = {Alexiadou, Artemis},
	booktitle = {Proceedings of the 28th {West Coast Conference on Formal Linguistics}},
	editor = {Byram Washburn, Mary and McKinney-Bock, Katherine and Varis, Erika and Sawyer, Ann and Tomaszewicz, Barbara},
	pages = {33-41},
	publisher = {Cascadilla Press},
	title = {Plural mass nouns and the morpho-syntax of number},
	year = {2011}
}

@book{AlexiadouStavrou2007,
	address = {Berlin, New York},
	booktitle = {Noun phrase in the generative perspective},
	doi = {10.1515/9783110207491},
	editor = {Alexiadou, Artemis and Haegeman, Liliane and Stavrou, Melita},
	publisher = {Mouton de Gruyter},
	title = {Noun phrase in the generative perspective},
	year = {2007}
}

@article{BaleKhanjian2011,
	author = {Bale, Alan and Gagnon, Michaёl and Khanjian, Hrayr},
	journal = {Morphology},
	doi = {10.1007/s11525-010-9158-1},
	pages = {197-221},
	title = {On the relationship between morphological and semantic markedness: {The} case of plural morphology},
	volume = {21},
	number = {2},
	year = {2011}
}

@book{Borer2005,
	address = {Oxford},
	author = {Borer, Hagit},
	publisher = {Oxford University Press},
	title = {Structuring sense {Volume I}: {In} name only},
	year = {2005},
	doi = {10.1093/acprof:oso/9780199263905.001.0001}
}

@incollection{Borer2003,
	address = {Stanford, CA},
	author = {Borer, Hagit},
	booktitle = {The nature of explanation in linguistic theory},
	editor = {Moore, John and Polinsky, Maria },
	pages = {31--67},
	publisher = {CSLI Publications},
	title = {Exo-skeletal vs. endo-skeletal explanations: {Syntactic} projections and the lexicon},
	year = {2003}
}

%@phdthesis{Carlson1977,
%	address = {Amherst},
%	author = {Carlson, Greg N.},
%	school = {University of Massachusetts},
%	title = {Reference to kinds in {English}},
%	year = {1977}
%}

@incollection{ChengZamparelli2017,
	address = {Cambridge, MA},
	author = {Cheng, Lisa Lai-Shen and Heycock, Caroline and Zamparelli, Roberto},
	booktitle = {Proceedings of {GLOW} in {Asia} {XI}},
	editor = {Erlewine, Michael Yoshitaka},
	pages = {79-93},
	publisher = {MIT Press},
	title = {Two levels for definiteness},
	year = {2017},
	volume = {1},
	doi = {10.13140/RG.2.2.25020.95364}
}

@incollection{ChengSybesma2014,
	address = {Chichester},
	author = {Cheng, Lisa Lai-Shen and Sybesma, Rint},
	booktitle = {The handbook of {Chinese} linguistics},
	editor = {{C.-T. James} Huang and {Y.-H. Audrey} Li and Andrew Simpson},
	pages = {248-274},
	publisher = {Wiley Blackwell},
	title = {The Syntactic Structure of Noun Phrases},
	year = {2014}
}

@article{ChengSybesma1999,
	author = {Cheng, Lisa Lai-Shen and Sybesma, Rint},
	journal = {Linguistic Inquiry},
	doi = {10.1162/002438999554192},
	number = {4},
	pages = {509–542},
	title = {Bare and not-so-bare nouns and the structure of {NP}},
	volume = {30},
	year = {1999}
}

@article{Chierchia1998,
	author = {Chierchia, Gennaro},
	journal = {{Natural Language} Semantics},
	doi = {10.1002/9781118584552.ch10},
	number = {4},
	pages = {339-405},
	title = {Reference to kinds across languages},
	volume = {6},
	year = {1998}
}

@book{Corbett2000,
	address = {Cambridge},
	author = {Corbett, Greville G.},
	publisher = {Cambridge University Press},
	title = {Number},
	year = {2000},
	doi = {10.1017/CBO9781139164344}
}

@book{DiSciulloWilliams1987,
	address = {Cambridge},
	author = {{Di Sciullo}, Anne-Marie and Williams, Edwin},
	publisher = {MIT Press},
	title = {On the definition of word},
	year = {1987},
	doi = {10.1017/S0022226700012184}
}

%@phdthesis{Doetjes1997,
%	address = {Leiden},
%	author = {Doetjes, Jenny},
%	note = {D. dissertation},
%	publisher = {Leiden University Ph},
%	title = {Quantifiers and selection: {On} the distribution of quantifying expressions in {French}, {Dutch} and {English}},
%	year = {1997}
%}

%@book{Doetjes1996,
%	address = {Leiden},
%	author = {Doetjes, Jenny},
%	publisher = {HIL/Leiden University},
%	title = {Mass and count: {Syntax} or semantics? {Proceedings} of Meaning on the {HIL}, 34–52},
%	year = {1996}
%}

@incollection{EmbickNoyer2007,
	address = {Oxford},
	author = {Embick, David and Noyer, Rolf},
	booktitle = {The {Oxford} handbook of linguistics interfaces},
	editor = {Ramchand, Gillian and Reiss, Charles},
	pages = {289--324},
	publisher = {Oxford University Press},
	title = {{Distributed} Morphology and the syntax-morphology interface},
	year = {2007},
	doi = {10.1093/oxfordhb/9780199247455.013.0010}
}

@article{ErschlerGeistKagan,
	title = {Mass-count distinction and the {Russian} singulative suffix \textit{-in-}},
	author = {Geist, Ljudmila and Kagan, Olga and Erschler, David},
    year = {2023},
    volume = {31},
    journal = {Journal of Slavic Linguistics},
    url = {https://ojs.ung.si/index.php/JSL/article/view/172},
	pages = {1--17}
}

@article{Gajewski2011,
	author = {Gajewski, Jon R.},
	journal = {Natural Language Semantics},
	number = {2},
	pages = {109-148},
	title = {Licensing strong {NPI}s},
	volume = {19},
	year = {2011}
}

@misc{GeistInprep,
	author = {Geist, Ljudmila},
%	publisher = {University of Stuttgart},
	title = {Diminutive suffixes in {Russian} and individuation: {An} empirical study},
	year = {2021},
	note = {Paper presented at DMTD2 workshop at 46th Austrian Linguistics Conference (ÖLT), Vienna, 11--12 December 2021},
	url = {https://drive.google.com/file/d/1fSmYu7b5i715C08vutYeo52RviOwf88m/view}
}

@incollection{Geist2021,
	author = {Geist, Ljudmila},
	booktitle = {Advances in formal {Slavic} linguistics 2018},
	editor = {Blümel, Andreas and Gajić, Jovana and Geist, Ljudmila and Junghanns, Uwe and Pitsch, Hagen},
	title = {New developments in the semantics of noun phrases in {Slavic} languages},
	year = {2021},
	pages = {63–86},
 address = {Berlin},
 publisher = {Language Science Press},
	doi = {10.5281/zenodo.5483096}
}

%@misc{Geist2011,
%	address = {Indefiniteness and Specificity},
%	author = {Geist, Ljudmila},
%	note = {Habilitation thesis, University of Stuttgart},
%	publisher = {Lexical Marking and Information-Structural Conditions},
%	year = {2011}
%}

@article{Geist2010,
	author = {Geist, Ljudmila},
	journal = {International Review of Pragmatics},
	pages = {191-227},
	title = {Bare singular {NP}s in argument positions: {Restrictions} on indefiniteness},
	volume = {2},
	number = {2},
	year = {2010},
	doi = {10.1163/187731010X528340}
}

@book{Giannakidou1998,
	address = {Amsterdam, Philadelphia},
	author = {Giannakidou, Anastasia},
	publisher = {John Benjamins},
	title = {Polarity sensitivity as (non)veridical dependency},
	year = {1998},
	doi = {10.1075/la.23},
	series = {Linguistics Today 23}
}

@article{Greenberg1972,
	author = {Greenberg, Joseph H.},
	journal = {Working Papers on Language Universals},
	pages = {2-39},
	title = {Numeral classifiers and substantival number: {Problems} in the genesis of a linguistic type},
	volume = {9},
	year = {1972}
}
@inproceedings{Grimm2013,
	address = {Amherst MA},
	author = {Grimm, Scott},
	booktitle = {{NELS} 41: {Proceedings} of the 41 meeting of the {North East Linguistic Society}},
	editor = {Fainleib, Yelena and LaCara, Nicholas and Park, Yangsook},
	pages = {247-258},
	publisher = {GLSA},
	title = {Plurality is distinct from number neutrality},
	year = {2013}
}

@book{GrzegorczykowaWrobel1999,
	edition = {3},
	booktitle = {Gramatyka współczesnego języka polskiego: {Morfologia}},
	editor = {Grzegorczykowa, Renata and Laskowski, Roman and Wróbel, Henryk},
	publisher = {PWN},
	title = {Gramatyka współczesnego języka polskiego [{Grammar} of contemporary {Polish}]},
	year = {1999},
	address = {Warszawa}
}

@article{GulgowskiBlaszczak2020,
	author = {Gulgowski, Piotr and Błaszczak, Joanna},
	journal = {Journal of Psycholinguistic Research},
	number = {5},
	pages = {741-760},
	title = {Psycholinguistic investigation of the immediate interpretation of plural nouns in the scope of sentential negation in {Polish}},
	volume = {49},
	year = {2020},
	doi = {10.1007/s10936-020-09706-7}
}

@book{GunkelZifonun2017,
	address = {Berlin, New York},
	author = {Gunkel, Lutz and Murelli, Adriano and Schlotthauer, Susan and Wiese, Bernd and Zifonun, Gisela},
	publisher = {Mouton de Gruyter},
%	sortname = {Gunkel, Lutz; Murelli, Adriano; Schlotthauer, Susan; Wiese, Bernd and Zifonun, Gisela},
	title = {Grammatik des {Deutschen} im europäischen {Vergleich}: {Das} {Nominal} [{Grammar} of {German} in {European} Comparison: {The Noun}]},
	year = {2017},
	doi = {10.1515/9783110341461}
}

@incollection{Gutierrez-Rexach1997,
	address = {Dordrecht},
	author = {Gutiérrez-Rexach, Javier},
	booktitle = {Ways of scope taking: {Studies} in linguistics and philosophy},
	editor = {Szabolcsi, Anna},
	pages = {409–452},
	publisher = {Kluwer},
	title = {Questions and generalized quantifiers},
	volume = {65},
	year = {1997},
	doi = {10.1007/978-94-011-5814-5_11}
}

@inproceedings{Heim1984,
	address = {Amherst, MA},
	author = {Heim, Irene},
	booktitle = {Proceedings of {North East Linguistics Society} {NELS} 14},
	editor = {Jones, Charles and Sells, Peter},
	pages = {98-107},
	publisher = {GLSA, UMass Amherst},
	title = {A note on negative polarity and downward entailingness},
	year = {1984}
}

@book{Isacenko1962,
	address = {Halle (Saale)},
	author = {Isačenko, Alexander V.},
	publisher = {VEB Max Niemeyer},
	title = {Die russische {Sprache} der {Gegenwart}: {Formenlehre}},
	year = {1962}
}

@book{Issatschenko1980,
%    address = {Bd. 1. Von den Anfängen bis zum Ende des 17. Jahrhunderts. Bd. 2. Das 17. und 18. Jahrhundert. 1980-1983. L’ubomír Ďurovič und Eva Salnikow-Ritter. Heidelberg},
    address = {Heidelberg},
	author = {Issatschenko, Alexander V.},
	sortname = {Isačenko, Alexander V.},
    note = {vol. 1},
	publisher = {Winter},
	title = {Geschichte der russischen {Sprache}},
	year = {1980}
}

@book{Issatschenko1983,
%    address = {Bd. 1. Von den Anfängen bis zum Ende des 17. Jahrhunderts. Bd. 2. Das 17. und 18. Jahrhundert. 1980-1983. L’ubomír Ďurovič und Eva Salnikow-Ritter. Heidelberg},
    address = {Heidelberg},
	author = {Issatschenko, Alexander V.},
	sortname = {Isačenko, Alexander V.},
    note = {vol. 2},
	publisher = {Winter},
	title = {Geschichte der russischen {Sprache}},
	year = {1983}
}

@article{Jurafsky1996,
	author = {Jurafsky, Daniel},
	journal = {Language},
	number = {3},
	pages = {533-578},
	title = {Universal tendencies in the semantics of the diminutive},
	volume = {72},
	year = {1996},
	doi = {10.2307/416278}
}

@book{Kiparsky1963,
	address = {Heidelberg},
	author = {Kiparsky, Valentin},
	publisher = {Winter},
	title = {Russische historische {Grammatik}. {Band} {II}: {Die} {Entwicklung} des {Formensystems}},
	year = {1967} % 1967!
}

@incollection{KissPelletier2014,
	address = {Reykjavik, Iceland},
	author = {Kiss, Tibor and Pelletier, Francis Jeffry and Stadtfeld, Tobias},
	booktitle = {Proceedings of the {Ninth International Conference on Language Resources and Evaluation} ({LREC} '14)},
	editor = {Choukri, Khalid and Declerck, Thierry and Loftsson, Hrafn and Maegaard, Bente and Mariani, Joseph and Moreno, Asuncion and Odijk, Jan and Piperidis, Stelios},
	publisher = {European Language Resources Association (ELRA)},
	title = {Building a reference lexicon for countability in {English}},
	year = {2014},
	url = {http://www.lrec-conf.org/proceedings/lrec2014/pdf/361_Paper.pdf},
	pages = {995–1000}
	% page!
}

@book{KlemensiewiczStanislaw1955,
	address = {Warszawa},
	author = {Klemensiewicz, Zenon and Lehr-Spławiński, Tadeusz and Urbańczyk, Stanisław}, 
	edition = {3},
	publisher = {PWN},
	title = {Gramatyka historyczna języka polskiego},
	year = {1955}
}

@incollection{Kratzer2007,
	address = {Berlin, New York},
	author = {Kratzer, Angelika},
	booktitle = {Event structures in linguistic form and interpretation},
	editor = {Dölling, Johannes and Heyde-Zybatow, Tatjana and Schäfer, Martin},
	pages = {269-300},
	publisher = {Mouton de Gruyter},
	title = {On the plurality of verbs},
	year = {2007},
	doi = {10.1515/9783110925449.269}
}

@inproceedings{Krifka2004,
	address = {Cornell, NY},
	author = {Krifka, Manfred},
	booktitle = {Proceedings of {Semantics and Linguistic Theory} ({SALT} 13)},
	editor = {Young, Rob and Zhou, Yuping},
	pages = {180-203},
	publisher = {CLC Publication},
	title = {Bare {NPs}: {Kind-referring}, indefinites, both, or neither?},
	year = {2004},
	doi = {10.3765/salt.v13i0.2880}
}

@incollection{Krifka1995,
	address = {Chicago},
	author = {Krifka, Manfred},
	booktitle = {The generic book},
	editor = {Carlson, Gregory N. and Pelletier, Francis J.},
	pages = {398–411},
	publisher = {University of Chicago Press},
	title = {Common nouns: {A} contrastive analysis of {English} and {Chinese}},
	year = {1995}
}

@incollection{Krifka1989,
	address = {Dordrecht},
	author = {Krifka, Manfred},
	booktitle = {Semantics and contextual expression},
	editor = {Bartsch, Renate and van Benthem, Johan and van Emde Boas, Peter},
	pages = {75-115},
	publisher = {Foris},
	title = {Nominal reference, temporal constitution and quantification in event semantics},
	year = {1989},
	doi = {10.1515/9783110877335-005}
}

@incollection{KrifkaTerMeulen1995,
	address = {Chicago},
	author = {Krifka, Manfred and Pelletier, Francis J. and Carlson, Gregory N. and {ter Meulen}, Alice and Chierchia, Gennaro and Link, Godehard},
	booktitle = {The generic book},
	editor = {Carlson, Gregory N. and Pelletier, Francis J.},
	pages = {1-124},
	publisher = {University of Chicago },
	title = {Genericity: {An} introduction},
	year = {1995}
}

@incollection{KwapiszewskiFuellenbach2021,
	author = {Kwapiszewski, Arkadiusz and Fuellenbach, Kim},
	booktitle = {Advances in formal {Slavic} linguistics 2018},
	editor = {Blümel, Andreas and Gajić, Jovana and Geist, Ljudmila and Junghanns, Uwe and Pitsch, Hagen},
	title = {Reference to kinds and subkinds in {Polish}},
	year = {2021},
 address = {Berlin},
 publisher = {Language Science Press},
    doi = {10.5281/zenodo.5155544}
}

@book{Li2013,
	address = {Berlin, New York},
	author = {Li, XuPing},
	publisher = {Mouton de Gruyter},
	title = {Numeral classifiers in {Chinese}: {The} syntax-semantics interface},
	year = {2013},
	doi = {10.1515/9783110289336}
}

@misc{Marantz2001,
	author = {Marantz, Alec},
	note = {Manuscript, MIT \& NYU},
	url = {https://babel.ucsc.edu/~hank/mrg.readings/Marantz_words.pdf},
	title = {Words and things},
	year = {2001}
}

@article{Marantz1997,
	author = {Marantz, Alec},
	journal = {University of Pennsylvania Working Papers in Linguistics},
	number = {2},
	pages = {201-225},
	title = {No escape from syntax: {Don't} try morphological analysis in the privacy of your own lexicon},
	volume = {4},
	year = {1997}
}

@incollection{Mathieu2019,
	address = {Oxford},
	author = {Mathieu, Eric},
	booktitle = {Gender and noun classification},
	editor = {Mathieu, Eric and Dali, Myriam and Zareikar, Gita},
	pages = {1-13},
	publisher = {Oxford University Press},
	sortname = {Mathieu, Eric},
	title = {Humans, gods, and demons},
	year = {2019}
}

@incollection{Mathieu2014,
	address = {Amsterdam, Philadelphia},
	author = {Mathieu, Eric},
	booktitle = {Weak referentiality},
	editor = {Aguilar-Guevara, Ana and {Le Bruyn}, Bert and Zwarts, Joost},
	pages = {157-81},
	publisher = {John Benjamins},
	sortname = {Mathieu, Eric},
	title = {Many a plural},
	year = {2014},
	doi = {10.1075/la.219.07mat}
}

@article{Mathieu2012,
	author = {Mathieu, Eric},
	journal = {Linguistic Inquiry},
	pages = {650-679},
	sortname = {Mathieu, Eric},
	title = {Flavors of division},
	volume = {43},
	number = {4},
	year = {2012},
	doi = {10.1162/ling_a_00110}
}

@book{MathieuZareikar2019,
	address = {Oxford},
	booktitle = {Gender and noun classification},
	editor = {Mathieu, Eric and Dali, Myriam and Zareikar, Gita},
	publisher = {Oxford University Press},
	sortname = {Mathieu, Eric and Dali, Myriam and Zareikar, Gita},
	title = {Gender and noun classification},
	year = {2019}
}

@book{Miklosich1868,
	address = {Cambridge},
	author = {Miklosich, Franz},
	publisher = {Cambridge University Press},
	title = {Vergleichende {Grammatik} der slavischen {Sprachen}},
	year = {1868},
	doi = {10.1017/CBO9781316136881}
}

@incollection{Orzechowska1999,
	address = {Warszawa},
	author = {Orzechowska, Alicja},
	booktitle = {Gramatyka współczesnego języka polskiego: {Morfologia}},
	edition = {3},
	editor = {Grzegorczykowa, Renata and Laskowski, Roman and Wróbel, Henryk},
	pages = {270-332},
	publisher = {PWN},
	title = {Rzeczownik [{The Noun}]},
	year = {1999}
}

@incollection{Partee1987,
	address = {Dordrecht},
	author = {Partee, Barbara H.},
	booktitle = {Studies in {Discourse Representation Theory} and the theory of generalized quantifiers},
	editor = {Groenendijk, Jeroen and Jongh, Dick de and Martin Stokhof},
	pages = {115-143},
	publisher = {Foris},
	title = {Noun phrase interpretation and type-shifting principles},
	year = {1987},
	doi = {10.1515/9783112420027-006}
}

@article{Pereltsvaig2007,
	author = {Pereltsvaig, Asya},
	journal = {Studia Linguistica},
	number = {1},
	pages = {59-94},
	title = {On the universality of {DP}: {A} view from {Russian}},
	volume = {61},
	year = {2007},
	doi = {10.1111/j.1467-9582.2007.00129.x}
}

@article{Progovac1993,
	author = {Progovac, Ljiljana},
	journal = {Linguistics and Philosophy},
	number = {2},
	pages = {149-180},
	title = {Negative polarity: {Entailment} and binding},
	volume = {16},
	year = {1993},
	doi = {10.1007/BF00985178}
}

@book{PrzepiorkowskiLewandowska-Tomaszczyk2012,
	address = {Warszawa},
	author = {Przepiórkowski, Adam and Bańko, Mirosław and Górski, Rafał L. and Lewandowska-Tomaszczyk, Barbara},
	url = {http://nkjp.pl},
	publisher = {Wydawnictwo Naukowe PWN},
	title = {{Narodowy Korpus Języka Polskiego} [{National} {Corpus} of {Polish}]},
	year = {2012}
}

@incollection{RitterWiltschko2009,
	address = {Berlin},
	author = {Ritter, Elizabeth and Wiltschko, Martina},
	booktitle = {Alternatives to cartography},
	editor = {van Craenenbroeck, Jeroen},
	pages = {153-202},
	publisher = {Mouton de Gruyter},
	title = {Varieties of {INFL}: {Tense}, location and person},
	year = {2009},
	doi = {10.1515/9783110217124.153}
}

@book{Rospond1979,
	address = {Warszawa},
	edition = {3},
	author = {Rospond, Stanisław},
	publisher = {PWN},
	title = {Gramatyka historyczna języka polskiego},
	year = {1979}
}

@article{Rothstein2010,
    author = {Susan Rothstein},
    year = 2010,
    title = {Counting and the Mass/Count Distinction},
    journal = {Journal of Semantics},
    volume = {27},
    number = {3},
    pages = {343–397},
    doi = {10.1093/jos/ffq007},
}

@inproceedings{Sauerland2003,
	author = {Sauerland, Uli},
	booktitle = {Proceedings of {SALT}},
	editor = {Dreier, Nicole and Kwon, Chloe and Darnell, Thomas and Starr, John},
	pages = {258-275},
	title = {A new semantics for number},
	year = {2003},
	doi = {10.3765/salt.v13i0.2898}
}
 
@incollection{SauerlandYatsushiro2005,
	address = {Berlin, New York},
	author = {Sauerland, Uli and Anderssen, Jan and Yatsushiro, Kazuko},
	booktitle = {Linguistic evidence: {Empirical}, theoretical and computational perspectives},
	editor = {Kepser, Stefan and Reis, Marga},
	pages = {409-430},
	publisher = {Mouton de Gruyter},
	title = {The plural is semantically unmarked},
	year = {2005},
	doi = {10.1515/9783110197549.413}
}

@incollection{Spector2007,
	address = {Houndmills},
	author = {Spector, Benjamin},
	booktitle = {Presupposition and implicatures in compositional semantics},
	editor = {Sauerland, Uli and Stateva, Penka},
	pages = {243-281},
	publisher = {Palgrave Macmillan},
	title = {Aspects of the pragmatics of plural morphology: {On} higher-order implicatures},
	year = {2007},
	doi = {10.1057/9780230210752_9}
}

@article{Stolz2001,
	author = {Stolz, Thomas},
	journal = {Sprachtypologie und Universalienforschung},
	number = {1},
	pages = {52-76},
	title = {Singulative-collective: {Natural} morphology and stable classes in {Welsh} number inflexion on nouns},
	volume = {54},
	year = {2001},
	doi = {10.1524/stuf.2001.54.1.52}
}

@incollection{Stump2005,
	address = {Dordrecht},
	author = {Stump, Gregory},
	booktitle = {Handbook of word-formation},
	editor = {Pavol Štekauer and Rochelle Lieber},
	pages = {48-71},
	publisher = {Springer},
	title = {Word-formation and inflectional morphology},
	year = {2005},
    series = {Studies in Natural Language and Linguistic Theory 64},
	doi = {10.1007/1-4020-3596-9_3}
}

@book{SvedovaV1990,
	address = {Moskva},
	author = {Švedova, Natalija Ju. and Lopatin, Vladimir V.},
	publisher = {Russkij jazyk},
	sortname = {Svedova, Natalija Ju. and Lopatin, Vladimir V.},
	title = {Russkaja grammatika},
	year = {1990}
}

@book{geist:Svedova1980,
	address = {Moskva},
	author = {Švedova, Natalija Ju.},
	publisher = {Rossijskaja akademija nauk},
	sortname = {Svedova, Natalija Ju.},
	title = {Russkaja grammatika},
	year = {1980}
}

@book{Swan2002,
	address = {Bloomington, IN},
	author = {Swan, Oscar E.},
	publisher = {Slavica},
	title = {A grammar of contemporary {Polish}},
	year = {2002}
}

@incollection{Szymanek2014,
	address = {Frankfurt am Main},
	author = {Szymanek, Bogdan},
	booktitle = {From sound to meaning in context: {Studies} in honour of {Piotr} {Ruszkiewicz}},
	editor = {Witalisz, Alicja},
	publisher = {Peter Lang},
	title = {Polish singulative derivation in a cross-linguistic perspective},
	year = {2014}
}

@incollection{Trugman2013,
	address = {Frankfurt},
	author = {Trugman, Helen},
	booktitle = {Formal Descriptions of {Slavic} Languages},
	editor = {Fehrman, Dorthee and Uwe Junghanns and Lenertová, Denisa and Pitsch, Hagen},
	pages = {325-249},
	publisher = {Peter Lang},
	title = {Naturally-atomic singular {NA} kinds in {Russian} as lexically derived},
	year = {2013}
}

@book{vanderWouden1997,
	address = {London},
	author = {van der Wouden, Ton},
	publisher = {Routledge},
	title = {Negative contexts: {Collocation}, polarity and multiple negation},
	year = {1997}
}

@article{vonFintel1999,
	author = {von Fintel, Kai},
	journal = {Journal of Semantics},
	number = {2},
	pages = {97-148},
	title = {{NPI} licensing, {Strawson} entailment, and context dependency},
	volume = {16},
	year = {1999},
	doi = {10.1093/jos/16.2.97}
}

@book{Vondrak1928,
	address = {Göttingen},
	author = {Vondrák, Wenzel},
	publisher = {Vandenhoeck \& Ruprecht},
	title = {Vergleichende slavische {Grammatik}},
	year = {1928}
}

@incollection{Wagiel2014,
	address = {Olomouc},
	author = {Wągiel, Marcin},
	booktitle = {Complex visible out of there: {Proceedings} of the {Olomouc Linguistics Colloquium} 2014: {Language} use and linguistic structure},
	editor = {Veselovská, Ludmila and Janebová, Markéta},
	pages = {457-476},
	publisher = {Palacký University},
	title = {From Kinds to Objects: {Prenominal} and postnominal adjectives in {Polish}},
	year = {2014}
}

@incollection{Wasow1977,
	address = {New York, NY},
	author = {Wasow, Thomas},
	booktitle = {Formal syntax},
	editor = {Culicover, Peter and Wasow, Thomas and Bresnan, Joan},
	pages = {327-360},
	publisher = {Academic Press},
	title = {Transformations and the lexicon},
	year = {1977}
}

@incollection{Wierzbicka2002,
	address = {Amsterdam, Philadelphia},
	author = {Wierzbicka, Anna},
	booktitle = {Meaning and {Universal Grammar}: {Theory} and universal findings},
	volume = {2},
	series = {Studies in Language Companion Series 61},
	editor = {Goddard, Cliff and Wierzbicka, Anna},
	pages = {65-144},
	publisher = {John Benjamins},
	title = {Semantic primes and {Universal Grammar} in {Polish}},
	year = {2002},
	doi = {10.1075/slcs.61.07wie}
}

@incollection{WiltschkoSteriopolo2008,
	author = {Wiltschko, Martina and Steriopolo, Olga},
	booktitle = {Proceedings of the 2007 {Annual Conference} of the {Canadian Linguistic Association}},
	editor = {Radišić, Milica},
	title = {Parameters of variation in the syntax of diminutives},
	year = {2008},
	url = {http://homes.chass.utoronto.ca/~cla-acl/actes2007/Wiltschko_Steriopolo.pdf}
%	address = {},
%	publisher = {},
%	pages = {} - keine Angaben. AK
}

@article{Wiltschko2008,
	author = {Wiltschko, Martina},
	journal = {Natural Language \& Linguistic Theory},
	number = {3},
	pages = {639–694},
	title = {The syntax of non-inflectional plural marking},
	volume = {26},
	year = {2008},
	doi = {10.1007/s11049-008-9046-0}
}

@book{Zamparelli2000,
	address = {New York, NY},
	author = {Zamparelli, Roberto},
	publisher = {Garland Publishing},
	title = {Layers in the determiner phrase},
	year = {2000},
	doi = {10.4324/9781315054360}
}

@incollection{Zamparelli2017,
	address = {Amsterdam, Philadelphia},
	author = {Zamparelli, Roberto},
	booktitle = {Countability shifts and abstract nouns},
	editor = {Zamparelli, Roberto and Moltmann, Friederike},
	pages = {191-224},
	publisher = {John Benjamins},
	title = {Countability shifts and abstract nouns},
	year = {2017},
	doi = {10.13140/RG.2.2.20526.41286}
}

@article{Zimmermann2008,
	author = {Zimmermann, Ilse},
	journal = {Journal of Slavic Linguistics},
	number = {2},
	pages = {289-305},
	title = {On the syntax and semantics of \textit{kakoj} and \textit{čto za} in {Russian}},
	volume = {16},
	year = {2008},
	doi = {10.1353/jsl.0.0003}
}

@misc{Zimmermann2000,
	author = {Zimmermann, Ilse},
	note = {Unpublished ms.},
	title = {Mit {WIE} bzw. {KAK} eingeleitete {Nebensätze}} ,
	year = {2000}
}

@incollection{Zimmermann1991,
	address = {Berlin},
	author = {Zimmermann, Ilse},
	booktitle = {Syntax und {Semantik} der {Substantivgruppe}},
	series = {Studia grammatica 33},
	editor = {Ilse Zimmermann},
	pages = {33-68},
	publisher = {Akademie},
	title = {The ``subject'' in noun phrases: {Its} syntax and semantics},
	year = {1991}
}

@article{Zimmermann1988,
	author = {Zimmermann, Ilse},
	title = {Wohin mit den {Affixen}?},
	journal = {Linguistische Studien},
	note = {Berlin: Akademie der Wissenschaften der DDR},
	pages = {157-188},
	volume = {179},
	year = {1988}
}

@incollection{Zimmermann1983,
	address = {Berlin},
	author = {Zimmermann, Ilse},
	booktitle = {Untersuchungen zur {Semantik}},
	series = {Studia grammatica 22},
	editor = {Růžička, Rudolf and Motsch, Wolfgang},
	pages = {201-242},
	publisher = {Akademie},
	title = {Untersuchungen zum {Verhältnis} von {Substantivgruppe} und {Nebensatz}},
	year = {1983}
}

@article{Zweig2009,
	author = {Zweig, Eytan},
	journal = {Linguistics and Philosophy},
	pages = {353-407},
	title = {Number-neutral bare plurals and the multiplicity implicature},
	volume = {32},
	number = {4},
	year = {2009},
	doi = {10.1007/s10988-009-9064-3}
}