@book{langsci-current-book, author = {Heike Wiese}, title = {{Grammatical systems without language borders}}, subtitle = {{Lessons from free-range language}},year = {2023}, series = {Conceptual Foundations of Language Science}, number = {9}, location = {Berlin}, publisher = {Language Science Press}, options = {dataonly=true} } 
