@book{langsci-current-book, editor = {Christian Zimmer}, title = {{German(ic) in language contact}}, subtitle = {{Grammatical and sociolinguistic dynamics}},year = {2021}, series = {Language Variation}, number = {5}, location = {Berlin}, publisher = {Language Science Press}, options = {dataonly=true} } 
