@book{louden_pennsylvania_2016,
	address = {Baltimore},
	title = {Pennsylvania {Dutch}: {{T}}he story of an {American} language},
	publisher = {Johns Hopkins University Press},
	author = {Louden, Mark L.},
	year = {2016}
}

@book{johannessen_germanic_2015,
	address = {Amsterdam and Philadelphia},
	series = {Studies in language variation},
	title = {Germanic heritage languages in {North} {America}: {{A}}cquisition, attrition and change},
	number = {18},
	publisher = {Benjamins},
	editor = {Johannessen, Janne Bondi and Salmons, Joseph C.},
	year = {2015},
	doi = {10.1075/silv.18}
}

@incollection{wiese_what_2013,
	address = {Hamburg},
	series = {Linguistische {Berichte}, {Special} {Issue}},
	title = {What can new urban dialects tell us about internal language dynamics? {{T}}he power of language diversity},
	number = {19},
	booktitle = {Dialektologie in neuem {Gewand}: {{Zu}} {Mikro}-/{Varietätenlinguistik}, {Sprachenvergleich} und {Universalgrammatik}},
	publisher = {Buske},
	author = {Wiese, Heike},
	editor = {Abraham, Werner and Leiss, Elisabeth},
	year = {2013},
	pages = {207--245}
}

@incollection{zimmer_deutsch_2019,
	address = {Berlin and Boston},
	series = {Handbooks of {Linguistics} and {Communication} {Science}},
	title = {Deutsch als {Minderheitensprache} in {Afrika}},
	number = {30.4},
	booktitle = {Sprache und {Raum} ‒ {Deutsch}: {{E}}in internationales {Handbuch} der {Sprachvariation}},
	publisher = {De Gruyter Mouton},
	author = {Zimmer, Christian},
	editor = {Herrgen, Joachim and Schmidt, Jürgen Erich},
	year = {2019},
	pages = {1176--1190}
}




@incollection{maitz_unserdeutsch_nodate,
	address = {Oxford},
	title = {Unserdeutsch ({Rabaul} {Creole} {German}), {Papua} {New} {Guinea}},
	booktitle = {Varieties of {German} {worldwide}},
	publisher = {Oxford University Press},
	author = {Maitz, Péter and Lindenfelser, Siegwalt and Volker, Craig Alan},
	editor = {Boas, Hans C. and Deumert, Ana and Louden, Mark L. and Maitz, Péter}, 
	year = {forthcoming}
}

@incollection{rosenberg_comparative_2003,
	address = {Frankfurt am Main},
	title = {Comparative speech island research: {{S}}ome results from studies in {Russia} and {Brazil}},
	booktitle = {Deutsche {Sprachinseln} weltweit: {{I}}nterne und externe {Perspektiven} [{German} language varieties worldwide: {{I}}nternal and external perspectives	},
	publisher = {Lang},
	author = {Rosenberg, Peter},
	editor = {Keel, William and Mattheier, Klaus J.},
	year = {2003},
	pages = {199--238}
}

@book{trudgill_dialects_1986,
	address = {Oxford},
	series = {Language in society},
	title = {Dialects in contact},
	number = {10},
	publisher = {Blackwell},
	author = {Trudgill, Peter},
	year = {1986}
}

@article{schirmunski_sprachgeschichte_1930,
	title = {Sprachgeschichte und {Siedelungsmundarten}},
	volume = {18},
	journal = {Germanisch-romanische Monatsschrift},
	author = {Schirmunski, Viktor},
	year = {1930},
	pages = {113--122, 171--188}
}



@article{shah_german_2007,
	title = {German in a contact situation: {The} case of {Namibian} {German}},
	volume = {2},
	url = {http://eprints.soas.ac.uk/23364/1/2007_namibian_german.pdf},
	urldate = {2017-09-27},
	journal = {eDUSA},
	author = {Shah, Sheena},
	year = {2007},
	pages = {20--45},
}







@book{page_moribund_2015,
	address = {Leiden},
	series = {Empirical approaches to linguistic theory},
	title = {Moribund Germanic heritage languages in {North} {America}: {{T}}heoretical perspectives and empirical findings},
	number = {8},
	publisher = {Brill},
	editor = {Page, B. Richard and Putnam, Michael T.},
	year = {2015}
}

@incollection{rosenberg_dialect_2005,
	address = {Cambridge},
	title = {Dialect convergence in the {German} language islands ({Sprachinseln})},
	booktitle = {Dialect Change: {{C}}onvergence and Divergence in European Languages},
	publisher = {Cambridge University Press},
	author = {Rosenberg, Peter},
	editor = {Peter Auer and Frans Hinskens and Paul Kerswill},
	year = {2005},
	pages = {221--235}
}

@book{boas_constructions_2018,
	address = {Amsterdam and Philadelphia},
	series = {Constructional approaches to language},
	title = {Constructions in contact: {{C}}onstructional perspectives on contact phenomena in {Germanic} languages},
	number = {24},
	publisher = {Benjamins},
	editor = {Boas, Hans Christian and Höder, Steffen},
	year = {2018},
	keywords = {Congresses, Construction grammar, Germanic languages, Grammar}
}

@article{riehl_language_2015,
	title = {Language attrition, language contact and the concept of relic variety: {{T}}he case of {Barossa} {German}},
	volume = {236},
	journal = {International Journal of the Sociology of Language},
	author = {Riehl, Claudia Maria},
	year = {2015},
	pages = {261--293}
}

@book{putnam_studies_2011,
	address = {Amsterdam and Philadelphia},
	series = {Studies in {Language} {Companion} {Series}},
	title = {Studies on {German}-language islands},
	number = {123},
	publisher = {Benjamins},
	editor = {Putnam, Michael T.},
	year = {2011}
}

@incollection{mattheier_theorie_1994,
	address = {Frankfurt am Main},
	title = {Theorie der {Sprachinsel}: {{V}}oraussetzungen und {Strukturierungen}},
	booktitle = {Sprachinselforschung: {{E}}ine {Gedenkschrift} für {Hugo} {Jedig}},
	publisher = {Lang},
	author = {Mattheier, Klaus J.},
	editor = {Berend, Nina and Mattheier, Klaus J.},
	year = {1994},
	pages = {333--348}
}

@incollection{rosenberg_lateinamerika_2018,
	address = {Tübingen},
	title = {Lateinamerika},
	booktitle = {Handbuch der deutschen {Sprachminderheiten} in {Übersee}},
	publisher = {Narr/Francke/Attempto},
	author = {Rosenberg, Peter},
	editor = {Plewnia, Albrecht and Riehl, Claudia M.},
	year = {2018},
	keywords = {Dialects, German language, Handbooks, manuals, etc},
	pages = {193--264}
}

@incollection{knipf-komlosi_ungarn_2008,
	address = {Tübingen},
	title = {Ungarn},
	booktitle = {Handbuch der deutschen {Sprachminderheiten} in {Mittel}- und {Osteuropa}},
	publisher = {Narr},
	author = {Knipf-Komlósi, Elisabeth},
	editor = {Eichinger, Ludwig M. and Plewina, Albrecht and Riehl, Claudia Maria},
	year = {2008},
	pages = {265--328}
}

@book{haugen_ecology_1972,
	address = {Stanford},
	title = {The ecology of language},
	publisher = {Stanford University Press},
	author = {Haugen, Einar},
	year = {1972}
}

@incollection{thomason_contact-induced_2014,
	address = {Berlin and Boston},
	series = {linguae \& litterae},
	title = {Contact-induced language change and typological congruence},
	number = {27},
	booktitle = {Congruence in contact-induced language change},
	publisher = {de Gruyter},
	author = {Thomason, Sarah G.},
	editor = {Besters-Dilger, Juliane and Dermarkar, Cynthia and Pfänder, Stefan and Rabus, Achim},
	year = {2014},
	pages = {201--218}
}



@incollection{Hoder.2018,
  author = {Höder, Steffen},
  title = {Grammar is community-specific: {{B}}ackground and basic concepts
of {Diasystematic Construction Grammar}},
  pages = {37--70},
  publisher = {Benjamins},
  series = {Constructional Approaches to Language},
  editor = {Boas, Hans C. and Höder, Steffen},
  booktitle = {Constructions in contact: {{C}}onstructional perspectives on
contact phenomena in {Germanic} languages},
  year = {2018},
  doi = {10.1075/cal.24.02hod},
  address = {Amsterdam and Philadelphia}
}%hoeder

@incollection{Kuehl.2014,
  author = {Kühl, Karoline and Braunmüller, Kurt},
  title = {Linguistic stability and divergence: {{A}}n extended perspective on language contact},
  pages = {13--38},
  publisher = {Benjamins},
  series = {Studies in Language Variation 16},
  editor = {Braunmüller, Kurt and Höder, Steffen and Kühl, Karoline},
  booktitle = {Stability and divergence in language contact: {{F}}actors and mechanisms},
  year = {2014},
  doi = {10.1075/silv.16.02kuh},
  address = {Amsterdam/Philadelphia}
}%hoeder

@book{Bjerrum.1974,
        ids = {BjerrumBjerrum1974},
	address = {København},
	editor = {Marie Bjerrum and Anders Bjerrum},
	publisher = {Akademisk Forlag},
	title = {Ordbog over Fjoldemålet},
	year = {1974}
}%hoeder


@incollection{Hoder.2020,
  author = {Höder, Steffen and Winter, Christoph},
  title = {Deutsches im {Südjütischen}, {Südjütisch} im
deutschen {Dialektatlas}: {{Z}}ur {Validität} der südjütischen
{Wenker-Materialien}},
  pages = {57--96},
  publisher = {Olms},
  series = {Deutsche Dialektgeographie},
  editor = {Fleischer, Jürg and Lameli, Alfred and Schiller,
Christiane and Szucsich, Luka},
  booktitle = {Minderheitensprachen und {Sprachminderheiten}: {Deutsch} und
seine {Kontaktsprachen} in der {Dokumentation} der {Wenker-Materialien}},
  year = {2020},
  address = {Hildesheim and Zürich and New York}
}%hoeder

@book{Jorgensen.1950,
	address = {København},
	author = {Jørgensen, Hans},
	publisher = {Schultz},
	title = {{Alsisk} {formlære}},
	series = {{{U}}dvalg for {{F}}olkemaals publikationer Serie A 9},
	year = {1950}
}%hoeder


@incollection{Hoekstra.2009,
  author = {Hoekstra, Jarich},
  title = {The `and' + infinitive construction in the {North Frisian-Low
German-Danish} language contact area},
  pages = {245--272},
  publisher = {Steiner},
  series = {Zeitschrift für Dialektologie und Linguistik. Beihefte},
  editor = {Lenz, Alexandra N. and Gooskens, Charlotte and Reker, Siemon},
  booktitle = {{Low Saxon} dialects across borders},
  year = {2009},
  address = {Stuttgart}
}%hoeder




@incollection{Holzl.2018,
  author = {Hölzl, Andreas},
  title = {Constructionalization areas: {{T}}he case of negation in {Manchu}},
  pages = {241--276},
  publisher = {Benjamins},
  series = {Constructional Approaches to Language},
  editor = {Coussé, Evie and Andersson, Peter and Olofsson, Joel},
  booktitle = {Grammaticalization meets construction grammar},
  year = {2018},
  doi = {10.1075/cal.21.c9},
  address = {Amsterdam and Philadelphia}
}%hoeder


@book{Jrgensen.1950,
  author = {Jørgensen, Hans},
  year = {1950},
  title = {Alsisk formlære},
  address = {København},
  volume = {9},
  publisher = {Schultz},
  series = {Udvalg for Folkemaals publikationer. Serie A}
}%hoeder


@article{JulNielsen.1986,
  author = {{Jul Nielsen}, Bent},
  year = {1986},
  title = {Om pronominet sin i jysk},
  pages = {41--101},
  volume = {28},
  journal = {Danske folkemål}
}%hoeder


@book{JulNielsen.1995,
  year = {1995},
  title = {Ordbog over den danske dialekt i {Angel}: {{M}}ed en indledning om
dialektens udtrykssystem},
  address = {København},
  volume = {33},
  publisher = {Reitzel},
  series = {Institut for Dansk Dialektforsknings publikationer. Serie A},
  editor = {{Jul Nielsen}, Bent and Nyberg, Magda}
}%hoeder


@incollection{Konig.2001,
  author = {König, Ekkehard},
  title = {Internal and external possessors},
  pages = {970--978},
  publisher = {{de Gruyter}},
  series = {Handbooks of {Linguistics} and {Communication} {Science}},
  editor = {Haspelmath, Martin and König, Ekkehard and
Oesterreicher, Wulf and Raible, Wolfgang},
  booktitle = {Sprachtypologie und sprachliche Universalien. Ein
internationales Handbuch},
  year = {2001},
  doi = {10.1515/9783110171549.2.10.970},
  address = {Berlin and New York}
}%hoeder


@incollection{KoptjevskajaTamm.2001,
  author = {Koptjevskaja-Tamm, Maria},
  title = {Adnominal possession},
  pages = {960--970},
  publisher = {{de Gruyter}},
  series = {Handbooks of {Linguistics} and {Communication} {Science}},
  editor = {Haspelmath, Martin and König, Ekkehard and
Oesterreicher, Wulf and Raible, Wolfgang},
  booktitle = {Sprachtypologie und sprachliche {Universalien}: {{E}}in
internationales {Handbuch}},
  year = {2001},
  doi = {10.1515/9783110194265-009},
  address = {Berlin and New York}
}%hoeder


@article{Hoder.2019b,
  author = {Höder, Steffen},
  year = {2019},
  title = {Phonological schematicity in multilingual constructions: {{A}} diasystematic perspective on lexical form},
  pages = {334--352},
  volume = {12},
  issn = {1750-1245},
  journal = {Word Structure},
  doi = {10.3366/word.2019.0152}
}%hoeder


@incollection{Kornbrot.2014,
  author = {Kornbrot, Diana},
  title = {Point Biserial Correlation},
  publisher = {Wiley},
  booktitle = {Wiley {StatsRef}: {{S}}tatistics Reference Online},
  year = {2014},
  doi = {10.1002/9781118445112.stat06227}
}%hoeder


@book{Kuteva.2019,
  author = {Kuteva, Tania and Heine, Bernd and {Bo Hong} and {Haiping
Long} and Narrog, Heiko and {Seongha Rhee}},
  year = {2019},
  title = {World lexicon of grammaticalization},
  address = {Cambridge},
  edition = {2nd, extensively rev. and updated edn.},
  publisher = {{Cambridge University Press}},
  doi = {10.1017/9781316479704},
  originalyear = {Cambridge 2002}
}%hoeder


@article{Laur.1975,
  author = {Laur, Wolfgang},
  year = {1975},
  title = {Der {Infinitiv} mit {\glq}und{\grq} statt {\glq}zu{\grq} im {Schleswigschen}},
  pages = {299--309},
  volume = {85},
  journal = {Muttersprache}
}%hoeder

@incollection{Matras.2010,
  author = {Matras, Yaron},
  title = {Contact, convergence, and typology},
  pages = {66--85},
  publisher = {Wiley-Blackwell},
  editor = {Hickey, Raymond},
  booktitle = {The handbook of language contact},
  year = {2010},
  doi = {10.1002/9781444318159.ch3},
  address = {Malden and u. a.}
}%hoeder


@book{Matras.2020,
  author = {Matras, Yaron},
  year = {2020},
  title = {Language contact},
  address = {Cambridge},
  edition = {2nd edn.},
  publisher = {{Cambridge University Press}},
  doi = {10.1017/9781108333955},
  originalyear = {2009}
}%hoeder


@incollection{Nesse.1998,
  author = {Nesse, Agnete},
  title = {Mellom lån og hjemlig utvikling: {{D}}en såkalte garpegenitiven som språkkontaktresultat},
  pages = {121--138},
  publisher = {{Nordisk Ministerråd}},
  series = {Nord},
  editor = {Jahr, Ernst Håkon},
  booktitle = {Språkkontakt i {Norden} i middelalderen, særlig i
{Hansatiden}: {{F}}orskningsprogrammet {Norden} og {Europa}},
  year = {1998},
  address = {København}
}%hoeder


@incollection{Pedersen.1995,
  author = {Pedersen, Karen Margrethe},
  title = {Mojn eller moin},
  pages = {229--239},
  publisher = {{Institut for Nordisk Sprog og Litteratur, Aarhus
Universitet}},
  editor = {Kunøe, Mette and Larsen, Erik Vive},
  booktitle = {5. møde om udforskningen af dansk sprog: {{A}}arhus
Universitet, 13.--14. oktober 1994},
  year = {1995},
  address = {Århus}
}
%hoeder

@misc{Rasmussen.1965,
  author = {Rasmussen, Ove and Sørensen, Viggo and Arboe, Torben and
{Schoonderbeek Hansen}, Inger and Grøftehauge, Nina K.},
  year = {1965--},
  title = {Jysk ordbog},
  urldate = {2021-05-21},
  url = {www.jyskordbog.dk}
}%hoeder


@book{Schiller.1875,
  year = {1875--1881},
  title = {Mittelniederdeutsches {Wörterbuch}},
  address = {Bremen},
  publisher = {Kühtmann},
  editor = {Schiller, Karl and Lübben, August}
}%hoeder


@book{Skautrup.1947,
  author = {Skautrup, Peter},
  year = {1947},
  title = {Det danske sprogs historie: 2:~{{F}}ra unionsbrevet til {Danske Lov}},
  address = {København},
  publisher = {Gyldendal}
}%hoeder


@incollection{Kuhl.2015,
  author = {Kühl, Karoline},
  title = {{South Schleswig} {Danish}: {{C}}aught between privileges and disregard},
  pages = {243--256},
  publisher = {Lang},
  series = {Österreichisches Deutsch: Sprache der Gegenwart},
  editor = {Muhr, Rudolf and Marley, Dawn},
  booktitle = {Pluricentric languages: {{N}}ew perspectives in theory and description},
  year = {2015},
  address = {Frankfurt and New York}
}
%hoeder

@incollection{Hoder.2019a,
ids = {Hoder.2019},
  author = {Höder, Steffen},
  title = {Die deutsch-dänische Grenze von 1920 als {Zäsur}},
  pages = {55--76},
  publisher = {{de Gruyter}},
  series = {Linguistik -- Impulse {\&} Tendenzen},
  editor = {Palliwoda, Nicole and Sauer, Verena and Sauermilch, Stephanie},
  booktitle = {Politische {Grenzen} -- Sprachliche {Grenzen}?
{{D}}ialektgeographische und wahrnehmungsdialektologische {Perspektiven} im
deutschsprachigen {Raum}},
  year = {2019},
  address = {Berlin and Boston},
  doi = {10.1515/9783110571110-004}
}
%hoeder

@incollection{Wenker.2013,
  author = {Wenker, Georg},
  title = {Einleitung},
  pages = {1--24},
  publisher = {Olms},
  editor = {Lameli, Alfred},
  booktitle = {Schriften zum {Sprachatlas} des {Deutschen~Reichs}: {{G}}esamtausgabe.}, 
comment = {Hg. u. bearb. von {Alfred Lameli}. {{U}}nter {Mitarbeit} von
{Johanna Heil} und {Constanze Wellendorf}},
  year = {2013[1889]},
  address = {Hildesheim and Zürich and New York}
}%hoeder


@book{Gunleifsen.2011,
  author = {Gunleifsen, Elin},
  year = {2011},
  title = {Attributive uttrykk for prototypisk possessivitet: {{E}}n
komparativ studie av talespråklig variasjon og endring i
{Kristiansand} og {Arendal}},
  address = {Oslo},
  publisher = {Novus},
}%hoeder


@incollection{Eliasson.2013,
  author = {Eliasson, Stig},
  title = {Language ecology in the work of {Einar Haugen}},
  pages = {15--63},
  publisher = {Novus},
  editor = {Vandenbussche, Wim and Jahr, Ernst Håkon and Trudgill,
Peter},
  booktitle = {Language ecology for the 21st century: {{L}}inguistic
conflicts and social environments},
  year = {2013},
  address = {Oslo}
}%hoeder


@book{Grosjean.2008,
  author = {Grosjean, François},
  year = {2008},
  title = {Studying bilinguals},
  address = {Oxford and New York},
  publisher = {{Oxford University Press}},
}%hoeder


@incollection{Hoder.2016b,
  author = {Höder, Steffen},
  title = {Niederdeutsche {Form}, unspezifische {Struktur} {{D}}iasystematische
{Konstruktionen} in der deutsch-dänischen {Kontaktzone}},
  pages = {293--309},
  publisher = {Böhlau},
  series = {Niederdeutsche Studien},
  editor = {Spiekermann, Helmut H. and Hohenstein, Line-Marie and
Sauermilch, Stephanie and Weber, Kathrin},
  booktitle = {Niederdeutsch: {{G}}renzen, {Strukturen}, {Variation}},
  year = {2016},
  address = {Wien and Köln and Weimar}
}%hoeder


@incollection{Diessel.2019,
  author = {Diessel, Holger},
  title = {Usage-based construction grammar},
  pages = {50--80},
  publisher = {{de Gruyter}},
  editor = {Dąbrowska, Ewa and Divjak, Dagmar},
  booktitle = {Cognitive linguistics},
  year = {2019},
  address = {Berlin and Boston}
}%hoeder


@incollection{Haspelmath.1999,
  author = {Haspelmath, Martin},
  title = {External possession in a {European} areal perspective},
  pages = {109--135},
  publisher = {Benjamins},
  series = {Typological Studies in Language},
  editor = {Payne, Doris L. and Barshi, Immanuel},
  booktitle = {External possession},
  year = {1999},
  address = {Amsterdam and Philadelphia}
}%hoeder%hoeder


@incollection{Dahl.2000,
  author = {Dahl, Östen},
  title = {The grammar of future time reference in {European} languages},
  pages = {309--328},
  publisher = {{Mouton de Gruyter}},
  series = {Empirical Approaches to Language Typology},
  editor = {Dahl, Östen},
  booktitle = {Tense and aspect in the languages of {Europe}},
  year = {2000},
  address = {Berlin and New York}
}%hoeder


@incollection{Fredsted.2009,
  author = {Fredsted, Elin},
  title = {Sprachen und {Kulturen} in {Kontakt} -- deutsche und dänische
{Minderheiten} in {Sønderjylland/Schleswig}},
  pages = {1--23},
  publisher = {Brockmeyer},
  series = {Diversitas linguarum},
  editor = {Stolz, Christel},
  booktitle = {Neben {Deutsch}: {{D}}ie autochthonen {Minderheiten-} und
{Regionalsprachen} {Deutschlands}},
  year = {2009},
  address = {Bochum}
}%hoeder


@article{Haugen.1971,
  author = {Haugen, Einar},
  year = {1971},
  title = {The ecology of language},
  pages = {19--26},
  volume = {13},
  note = {supplement 25},
  journal = {The Linguistic Reporter}
}%hoeder

@article{Hoder.2016a,
  author = {Höder, Steffen},
  year = {2016},
  title = {Niederdeutsch und {Nordeuropa}: {{E}}ine Annäherung an grammatische Arealität im Norden Europas},
  pages = {103-129},
  volume = {139},
  journal = {Niederdeutsches Jahrbuch}
}%hoeder



@book{Hilpert.2019,
  abstract = {What do speakers of English know in order to produce
utterances that other speakers will understand? Construction Grammar
explains how knowledge of language is organized in speakers' minds. The
central and radical claim of Construction Grammar is that linguistic
knowledge can be fully described as knowledge of constructions, which
are defined as symbolic units that connect a linguistic form with
meaning. The implications of this claim are far-reaching: in
Construction Grammar, not only lexical items, but also syntactic
patterns are seen as symbolic, meaningful units. Instead of being
meaningless structural templates, syntactic patterns actively contribute
to the overall meaning of an utterance. Knowledge of language is thought
of as a vast repository of interrelated symbolic units, and nothing else
in addition. This book expands on this idea and familiarizes readers
with the central concepts of Construction Grammar, as applied to English
constructions. In the process, it explains how the theory of
Construction Grammar relates to issues of language processing, language
acquisition, and language variation and change.},
  author = {Hilpert, Martin},
  year = {2019},
  title = {{Construction Grammar} and its application to {English}},
  address = {Edinburgh},
  edition = {2nd edn.},
  publisher = {{Edinburgh University Press}},
  originalyear = {Edinburgh 2014}
}%hoeder


@misc{Hoder.forth,
    ids = {Hoderforth,Hoeder.forth},
  author = {Höder, Steffen},
  title = {Ut ur skymundan! Nya perspektiv på gamla data: det danska Wenkermaterialet: Invited lecture},
  address = {Bergen},
  series = {Sone 2020},
  institutions = {{Universitetet i Bergen}}
}%hoeder


@incollection{Auer.2011,
  author = {Auer, Peter},
  title = {Dialect vs. standard: {{A}} typology of scenarios in {Europe}},
  pages = {485--500},
  publisher = {{De Gruyter Mouton}},
  series = {The World of Linguistics},
  editor = {Kortmann, Bernd and van der Auwera, Johan},
  booktitle = {The languages and linguistics of {Europe}: {{A}} comprehensive
guide},
  year = {2011},
  address = {Berlin and Boston}
}%hoeder


@incollection{Hoder.2012,
  author = {Höder, Steffen},
  title = {Multilingual constructions: {{A}} diasystematic approach to
common structures},
  pages = {241--257},
  publisher = {Benjamins},
  series = {Hamburg Studies on Multilingualism},
  editor = {Braunmüller, Kurt and Gabriel, Christoph},
  booktitle = {Multilingual individuals and multilingual societies},
  year = {2012},
  doi = {10.1075/hsm.13.17hod},
  address = {Amsterdam and Philadelphia}
}%hoeder


@incollection{Hoder.2014,
  author = {Höder, Steffen},
  title = {Constructing diasystems: {{G}}rammatical organisation in
bilingual groups},
  pages = {137--152},
  publisher = {Benjamins},
  series = {Studies in Language Companion Series},
  editor = {Åfarli, Tor A. and Mæhlum, Brit},
  booktitle = {The sociolinguistics of grammar},
  year = {2014},
  doi = {10.1075/slcs.154.07hod},
  address = {Amsterdam and Philadelphia}
}
%hoeder



@book{Christophersen.1985,
  author = {Christophersen, Hans},
  year = {1985},
  title = {Det danske sprog i {Sydslesvig}},
  address = {Birkerød},
  publisher = {Rostra}
}%hoeder

@book{Bock.1933,
  author = {Bock, Karl Nielsen},
  year = {1933},
  title = {Niederdeutsch auf dänischem {Substrat}: {{S}}tudien zur {Dialektgeographie} {Südostschleswigs}},
  series = {Deutsche Dialektgeographie 34},
  address = {København},
  publisher = {Levin \& Munksgaard}
}%hoeder

@book{Fleischer.2017,
  author = {Fleischer, Jürg},
  year = {2017},
  title = {Geschichte, {Anlage} und {Durchführung} der
{Fragebogen-Erhebungen} von {Georg Wenkers} 40 Sätzen: {Dokumentation},
{Entdeckungen} und {Neubewertungen}},
  address = {Hildesheim and Zürich and New York},
  volume = {123},
  publisher = {Olms},
  series = {Deutsche Dialektgeographie}
}%hoeder


@incollection{Aikhenvald.2006,
  author = {Aikhenvald, Alexandra Y.},
  title = {Grammars in contact: {{A}} cross-linguistic perspective},
  keywords = {Areallinguistik;Grammatik;Sprachkontakt},
  pages = {1--66},
  publisher = {{Oxford University Press}},
  series = {Explorations in Linguistic Typology},
  editor = {Aikhenvald, Alexandra Y. and Dixon, Robert M. W.},
  booktitle = {Grammars in contact: {{A}} cross-linguistic typology},
  year = {2007},
  address = {Oxford and New York}
}%hoeder


@incollection{Braunmuller.2005,
  author = {Braunmüller, Kurt},
  title = {Language contacts in the {Late Middle Ages} and in {Early Modern
Times}},
  pages = {1222--1233},
  publisher = {{de Gruyter}},
  series = {Handbooks of {Linguistics} and {Communication} {Science}},
  editor = {Bandle, Oskar and Braunmüller, Kurt and Jahr, Ernst Håkon and Karker, Allan and Naumann, Hans-Peter and Teleman, Ulf},
  booktitle = {The {Nordic} languages: {{A}}n international handbook of the history of the {North Germanic languages}},
  year = {2005},
  address = {Berlin and New York},
  doi = {10.1515/9783110197068-017}
}%hoeder


@book{Goldberg.2006,
  author = {Goldberg, Adele E.},
  year = {2006},
  title = {Constructions at work: {{T}}he nature of generalization in language},
  address = {Oxford and New York},
  publisher = {{Oxford University Press}},
}%hoeder


@book{Harbert.2007,
  author = {Harbert, Wayne},
  year = {2007},
  title = {The {Germanic} languages},
  series = {Cambridge Language Surveys},
  address = {Cambridge and u. a.},
  publisher = {{Cambridge University Press}},
}%hoeder


@incollection{Haspelmath.2001,
  author = {Haspelmath, Martin},
  title = {The {European} linguistic area: {{S}}tandard {{A}}verage {{E}}uropean},
  pages = {1492--1510},
  publisher = {{de Gruyter}},
  series = {Handbooks of {Linguistics} and {Communication} {Science}},
  editor = {Haspelmath, Martin and König, Ekkehard and
Oesterreicher, Wulf and Raible, Wolfgang},
  booktitle = {Sprachtypologie und sprachliche {Universalien}: {{E}}in
internationales {Handbuch}},
  year = {2001},
  address = {Berlin and New York}
}%hoeder


@book{Heine.2005,
  author = {Heine, Bernd and Kuteva, Tania},
  year = {2005},
  title = {Language contact and grammatical change},
  address = {Cambridge and u. a.},
  publisher = {{Cambridge University Press}},
}%hoeder


@article{Hoder.2011,
	author = {Höder, Steffen},
	journal = {{{N}}iederdeutsches {{J}}ahrbuch},
	pages = {113–136},
	sortname = {Hoder, Steffen},
	title = {Niederdeutsch und {Norddeutsch}: {{E}}in {Fall} von {Diasystematisierung}},
	volume = {134},
	year = {2011}
}%hoeder

@book{Hoffmann.2013,
	address = {The {Oxford} handbook of construction grammar},
	editor = {Hoffmann, Thomas and Graeme Trousdale},
	publisher = {Oxford University Press},
	year = {2013},
	doi = {10.1093/oxfordhb/9780195396683.001.0001},
	address = {Oxford and New York}
}%hoeder

@incollection{Winge.2004,
	address = {Berlin, New York},
	author = {Winge, Vibeke},
	booktitle = {Sprachgeschichte: {{E}}in {{H}}andbuch  zur  {{G}}eschichte der deutschen  {{Sprache}}  {und}  {ihrer}  {{Erforschung}}},
	series = {Handbooks of {Linguistics} and {Communication} {Science}},
	edition = {2nd edn},
	editor = {Besch, Werner and Betten, Anne and Reichmann, Oskar and Sonderegger, Stefan},
	pages = {3380–3390},
	publisher = {de Gruyter},
	title = {{{G}}eschichte der deutsch-skandinavischen {{S}}prachgrenze},
	number = {2.4},
	doi = {10.1515/9783110180411.4.20.3380},
	year = {2004}
}%Hoeder


@book{Thomason.1988,
  author = {Thomason, Sarah Grey and Kaufman, Terrence},
  year = {1988},
  title = {Language contact, creolization, and genetic linguistics},
  address = {Berkeley and Los Angeles and Oxford},
  publisher = {{University of California Press}},
}%hoeder

@misc{RCore2017,
author = {{R Core Team}},
title = {R: {{A}} language and environment for statistical computing. },
address = {Vienna},
publisher = {Foundation for {{S}}tatistical {{C}}omputing},
url = {https://www.r-project.org},
year = {2016}
}% 3 - nove

@book{Labov2005,
author = {Labov, William and Ash, Sharon and Boberg, Charles},
booktitle = {The Atlas of North American English},
doi = {10.1515/9783110206838},
title = {{The atlas of North American English}},
year = {2005}
}

@book{Kranzler1995,
author = {Kranzler, George},
title = {Hasidic {Williamsburg}: {{A}} Contemporary {American} {Hasidic} community},
year = {1995},
address = {Northvale, N.J},
publisher = {Jason Aronson, Inc.}
}



@inproceedings{McAuliffe2017,
author = {McAuliffe, Michael and Socolof, Michaela and Mihuc, Sarah and Wagner, Michael and Sonderegger, Morgan},
booktitle = {Proceedings of the Annual Conference of the International Speech Communication Association, INTERSPEECH},
doi = {10.21437/Interspeech.2017-1386},
issn = {19909772},
keywords = {Acoustic analysis,Automatic segmentation,Forced alignment},
pages = {498--502},
title = {{Montreal forced aligner: Trainable text-speech alignment using kaldi}},
year = {2017}
}
@article{Stanford2016,
author = {Stanford, James N.},
doi = {10.1111/josl.12190},
issn = {14679841},
journal = {Journal of Sociolinguistics},
keywords = {Labov (1966),Variation,indigenous languages,non-English},
number = {4},
pages = {525--541},
title = {A call for more diverse sources of data: {{V}}ariationist approaches in non-English contexts},
volume = {20},
year = {2016}
}
@book{Fader2009,
author = {Fader, Ayala},
publisher = {Princeton University Press},
title = {Mitzvah girls: {{B}}ringing up the next generation of {Hasidic} {Jews} in {Brooklyn}},
year = {2009}
}
@book{Heilman2017,
address = {Oakland, California},
author = {Heilman, Samuel C.},
pages = {336},
publisher = {University of California Press},
title = {Who Will Lead Us?: {{T}}he Story of Five {Hasidic} Dynasties in {America}},
year = {2017}
}

@misc{Kang2016,
author = {Kang, Jaekoo},
title = {{Acoustics extractor}},
year = {2016}
}

@incollection{Chang2019,
address = {New York},
author = {Chang, Charles B.},
booktitle = {The {Oxford} Handbook of Language Attrition},
editor = {Schmid, Monika S. and Köpke, Barbara},
pages = {191--203},
publisher = {Oxford University Press},
title = {Phonetic Drift},
year = {2019}
}
@incollection{Labov2009,
author = {Labov, William},
booktitle = {The Social Stratification of English in New York City},
doi = {10.1017/cbo9780511618208.006},
title = {{The social stratification of (r) in New York City department stores}},
year = {2009}
}


@book{Labov2006,
author = {Labov, William},
edition = {2nd edn}, 
doi = {10.1017/CBO9780511618208},
title = {{The social stratification of English in New York City, second edition}},
year = {2006}
}
@article{Weinreich1974,
author = {Weinreich, Uriel},
journal = {The Hague: Mouton},
title = {Languages in contact: {{F}}indings and problems},
year = {1974}
}
@incollection{Flege1996,
address = {Berlin},
author = {Flege, James Emil},
booktitle = {Second-Language Speech: {{S}}tructure and Process},
doi = {10.1515/9783110882933.11},
editor = {James, Allan R. and Leather, Jonathan},
pages = {11--52},
publisher = {Mouton de Gruyter},
title = {English vowel productions by {Dutch} talkers: {{M}}ore evidence for the `similar' vs `new' distinction},
year = {1996}
}
@incollection{Preston1996,
address = {Philadelphia},
author = {Preston, Dennis R and Bayley, Robert},
booktitle = {Second Language Acquisition and Linguistic Variation},
editor = {Preston, Dennis R. and Bayley, Robert},
pages = {xiii--xviii},
publisher = {John Benjamins},
title = {{Preface}},
year = {1996}
}
@incollection{Flege1995,
address = {Baltimore},
author = {Flege, James Emil},
booktitle = {Speech perception and linguistic experience: {{I}}ssues in cross-language research},
doi = {10.1111/j.1600-0404.1995.tb01710.x},
editor = {Strange, Winifred},
eprint = {0402594v3},
issn = {00016314},
pages = {233--277},
publisher = {York Press},
title = {Second language speech learning: {{T}}heory, findings, and problems},
year = {1995}
}
@article{Benor2009,
author = {Benor, Sarah Bunin},
journal = {Jewish Quarterly Review},
number = {2},
pages = {230--269},
title = {Do {American} {Jews} Speak a ``{Jewish} Language"?: {A} Model of {Jewish} Linguistic Distinctiveness},
volume = {99},
year = {2009}
}
@article{Fridland2008,
author = {Fridland, V.},
journal = {American Speech},
pages = {432--454},
title = {Patterns of /uw/, e/u/, and /ow/ fronting in {Reno}, {Nevada}},
volume = {83},
year = {2008}
}
@inproceedings{Haddican2019,
address = {Oregon},
author = {Haddican, William and Cutler, Cecelia and Farinella, Alessa and Zhu, Tsu},
booktitle = {New Ways of Analyzing Variation (NWAV) 48},
title = {The arrival of back vowel fronting in {New York City} {English}},
year = {2019}
}
@misc{McCloy2016,
author = {McCloy, Daniel R.},
publisher = {R package version 1.0-7},
title = {{phonR: {{T}}ools for phoneticians and phonologists}},
year = {2016}
}
@article{Chang2012,
author = {Chang, Charles B.},
doi = {10.1016/j.wocn.2011.10.007},
issn = {00954470},
journal = {Journal of Phonetics},
number = {2},
pages = {249--268},
pmid = {25086973},
title = {Rapid and multifaceted effects of second-language learning on first-language speech production},
volume = {40},
year = {2012}
}
@book{Wodzinski2018,
address = {Princeton, NJ},
author = {Wodziński, Marcin},
publisher = {Princeton University Press},
title = {Historical Atlas of {Hasidism}},
year = {2018}
}


@book{Heilman1992,
address = {New York},
author = {Heilman, Samuel C.},
publisher = {Schocken},
title = {Defenders of the Faith: {{I}}nside Ultra-Orthodox {Jewry}},
year = {1992}
}


@book{Poll1962,
address = {New York},
author = {Poll, Solomon},
publisher = {The Free Press of Glencoe},
title = {The {Hasidic} community of {Williamsburg}},
year = {1962}
}
@incollection{Assouline2018,
address = {Boston},
author = {Assouline, Dalit},
booktitle = {Languages in {Jewish} Communities, Past and Present},
editor = {Hary, Benjamin and Benor, Sarah Bunin},
pages = {472--488},
publisher = {De Gruyter Mouton},
title = {{Haredi} {Yiddish} in {Israel} and the {United States}},
year = {2018}
}


@unpublished{Guy2019,
author = {Guy, Gregory R. and Adli, A.},
title = {{A manifesto on cross-cultural sociolinguistics: The Fourth Wave in the study of language variation and change}},
year = {2019}
}
@book{Newman2014,
address = {Boston},
author = {Newman, Michael},
publisher = {Walter de Gruyter},
title = {{New York City English}},
year = {2014}
}
@book{Lehiste1970a,
address = {Cambridge},
author = {Lehiste, I},
publisher = {MIT Press},
title = {{Suprasegmentals}},
year = {1970}
}

@inproceedings{Nove2021a,
address = {Berlin, Germany},
author = {Nove, Chaya R.},
booktitle = {RUEG Conference: Dynamics of Language Contact},
title = {{Innovation and Change in the New York Hasidic Yiddish Pronominal System}},
year = {2021}
}
@article{Baranowski2008,
author = {Baranowski, Maciej},
doi = {10.1017/S0954394508000136},
file = {:Users/ChayaRNove/Library/Application Support/Mendeley Desktop/Downloaded/Baranowski - 2008 - The fronting of the back upgliding vowels in Charleston, South Carolina.pdf:pdf},
title = {{The fronting of the back upgliding vowels in Charleston, South Carolina}},
year = {2008}
}
@inproceedings{Nycz2013,
abstract = {Vowel mergers are some of the most well-studied sound change phenomena. Yet the methods for assessing and characterizing an individual speaker's participation in an ongoing merger (or split) vary widely, especially among researchers analyzing naturalistic corpora. We consider four methodological approaches to representing and assessing vowel difference: Euclidean distances, mixed effects regression modeling (Nycz 2013), the Pillai-Bartlett trace (Hay, Warren, {\&} Drager 2006), and the spectral overlap assessment metric (Wassink 2006). We discuss the strengths and weaknesses of each method and compare them by applying all of them to three different data sets, each of which contains low vowel data from speakers whose status with respect to a vowel contrast may not be clear-cut: realizations of COT and CAUGHT in San Francisco, California; COT and CAUGHT among Canadians in the New York City region; and TRAP and BATH among Scots who work in Southern England. We conclude with some practical recommendations.},
address = {San Francisco},
author = {Nycz, Jennifer and Hall-Lew, Lauren},
booktitle = {Proceedings of Meetings on Acoustics},
doi = {10.1121/1.4894063},
issn = {1939-800X},
pmid = {7759650},
title = {{Best practices in measuring vowel merger}},
year = {2013}
}
@inproceedings{Herd2015a,
author = {Herd, Wendy J. and Walden, Robin L. and Knight, Whitney L. and Alexander, Savana N.},
booktitle = {Proceedings of Meetings on Acoustics},
doi = {10.1121/2.0000100},
title = {{Phonetic drift in a first language dominant environment}},
volume = {23},
year = {2015}
}

@misc{Baranowski2018,
author = {Baranowski, Maciej},
year = {2008},
title = {The fronting of the back upgliding vowels in {Charleston}, {South Carolina}},
doi = {doi:10.1017/S0954394508000136}
}

@article{Regan2004,
author = {Regan, Vera},
doi = {10.1515/iral.2004.42.4.335},
issn = {16134141},
journal = {International Review of Applied Linguistics in Language Teaching (IRAL)},
issue = {4},
pages = {335--348},
title = {The relationship between the group and the individual and the acquisition of native speaker variation patterns: {{A}} preliminary study},
volume = {42},
year = {2004}
}% 3 - nove

@book{LabovEtAl2005,
author = {Labov, William and Ash, Sharon and Boberg, Charles},
booktitle = {The Atlas of {North American English}},
doi = {10.1515/9783110206838},
title = {{The Atlas of North American English}},
year = {2005}
}% 3 - nove

@article{WattFabricius2002,
issn = {1747-9339},
journal = {Leeds working papers in linguistics and phonetics},
number = {January},
pages = {159--173},
title = {{Evaluation of a technique for improving the mapping of multiple speakers' vowel spaces in the F1 {\textasciitilde} F2 plane}},
volume = {9},
author = {Watt, Dominic and Anne Fabricius},
year = {2002}
}% NOVE

@incollection{Sankoff2002,
address = {Oxford and New York},
author = {Sankoff, Gillian},
booktitle = {The Handbook of Language Variation and Change},
editor = {Chambers, J. and Trudgill, Peter and Schilling-Estes, N.},
pages = {729--763},
publisher = {Blackwell},
title = {Linguistic outcomes of language contact},
year = {2002}
}% 3 - nove

@article{Tarone2007,
author = {Tarone, Elaine},
doi = {10.1111/j.1540-4781.2007.00672.x},
journal = {Modern Language Journal},
pages = {837--848},
title = {Sociolinguistic approaches to second language acquisition research},
volume = {91},
year = {2007}
}% 3 - nove

@article{Chang2013,
author = {Chang, Charles B.},
doi = {10.1016/j.wocn.2013.09.006},
issn = {00954470},
journal = {Journal of Phonetics},
number = {6},
pages = {520--533},
title = {A novelty effect in phonetic drift of the native language},
volume = {41},
year = {2013}
}% 3 - nove

@inproceedings{HaddicanEtAl2019,
address = {Oregon},
author = {Haddican, William and Cutler, Cecelia and Farinella, Alessa and Zhu, Tsu},
booktitle = {{New Ways of Analyzing Variation (NWAV) 48}},
title = {The arrival of back vowel fronting in {New York City} {English}},
year = {2019}
}% 3 - nove


@article{Glinert1999,
author = {Glinert, Lewis H},
journal = {International journal of the sociology of language},
pages = {31--52},
title = {We never changed our language: {{A}}ttitudes to {Yiddish} acquisition among {Hasidic} educators in {Britain}},
volume = {138},
year = {1999}
}% 3 - nove

@article{HayEtAl2006,
author = {Hay, Jennifer and Warren, Paul and Drager, Katie},
doi = {10.1016/j.wocn.2005.10.001},
issn = {00954470},
journal = {Journal of Phonetics},
number = {4},
pages = {458--484},
title = {Factors influencing speech perception in the context of a merger-in-progress},
volume = {34},
year = {2006}
}% 3 - nove

@incollection{PrestonBayley1996,
address = {Philadelphia},
author = {Preston, Dennis R and Bayley, Robert},
booktitle = {Second Language Acquisition and Linguistic Variation},
editor = {Preston, Dennis R. and Bayley, Robert},
pages = {xiii--xviii},
publisher = {John Benjamins},
title = {{Preface}},
year= {1996}
}% NOVE


@phdthesis{Nove2018b,
author = {Nove, Chaya R.},
school = {The Graduate Center at City University of New York},
title = {{Phonetic contrast in New York Hasidic Yiddish peripheral vowels}},
type = {Qualifying Paper},
year = {2018}
}% 3 - nove




@article{Weinreich1970,
author = {Weinreich, Uriel},
journal = {The Hague: Mouton},
title = {{Languages in contact: Findings and problems}},
note = {7th edn},
year = {1970}
}% 3 - nove


@phdthesis{Bleaman2018,
author = {Bleaman, Isaac L.},
publisher = {New York University},
school = {New York University},
title = {{Outcomes of minority language maintenance: Variation and change in New York Yiddish [Doctoral Disseration]}},
type = {Dissertation},
year = {2018}
}% 3 - nove

@article{YaoChang2016,
author = {Yao, Yao and Chang, Charles B.},
doi = {10.1353/lan.2016.0031},
issn = {15350665},
journal = {Language},
keywords = {Bilingual processing,Crosslinguistic influence,Language contact,Mandarin,Merger reversal,Phonological similarity,Shanghainese},
number = {2},
pages = {433--467},
title = {{On the cognitive basis of contact-induced sound change: Vowel merger reversal in Shanghainese}},
volume = {92},
year = {2016}
}% 3 - nove

@article{Jacobs1990,
author = {Jacobs, Neil G},
doi = {10.1075/dia.7.1.05jac},
issn = {0176-4225, 1569-9714},
journal = {Diachronica},
number = {1},
pages = {69--100},
title = {{{N}}ortheastern {Yiddish} gender-switch: {{A}}bstracting dialect features regionally},
volume = {7},
year = {1990}
}

@article{SancierFowler1997,
author = {Sancier, Michele L. and Fowler, Carol A.},
doi = {10.1006/jpho.1997.0051},
issn = {00954470},
journal = {Journal of Phonetics},
number = {4},
pages = {421--436},
title = {{Gestural drift in a bilingual speaker of Brazilian Portuguese and English}},
volume = {25},
year = {1997}
}

@book{BialeEtAl2018,
address = {Princeton},
author = {Biale, David and Assaf, David and Brown, Benjamin and Gellman, Uriel and Heilman, Samuel and Rosman, Moshe and Sagiv, Gadi and Wodziński, Marcin and Green, Arthur},
publisher = {Princeton University Press},
title = {Hasidism: {{A}} new history},
year = {2018}
}

@book{Haugen1953,
address = {Philadelphia},
author = {Haugen, Einar Ingvald},
publisher = {University of Pennsylvania Press},
title = {The Norwegian language in America: {{A}} study in bilingual behavior},
year = {1953}
}


@article{AdamsonRegan1991,
author = {Adamson, H. D. and Regan, Vera M.},
doi = {10.1017/s0272263100009694},
issn = {0272-2631},
journal = {Studies in Second Language Acquisition},
title = {{The Acquisition of Community Speech Norms by Asian Immigrants Learning English as a Second Language}},
year = {1991}
}% 3 - nove

@book{Fishman1965Yiddish,
address = {Bloomington},
author = {Fishman, Joshua A.},
publisher = {Indiana University},
title = {{Yiddish} in {America}: {{S}}ociolinguistic description and analysis},
year = {1965}
}% 3 - nove

@incollection{NagyMeyerhoff2008,
address = {Amsterdam; Philadelphia},
author = {Nagy, Naomi and Meyerhoff, Miriam},
booktitle = {Social Lives in Language – Sociolinguistics and Multilingual Speech Communities: {{C}}elebrating the Work of {Gillian Sankoff}},
editor = {Nagy, Naomi and Meyerhoff, Miriam},
pages = {1--17},
publisher = {John Benjamins},
title = {{The social lives of language}},
year = {2008}
}% 3 - nove
% 3 - nove

@book{Rubin1997,
address = {New York},
author = {Rubin, Israel},
pages = {336},
publisher = {Peter Lang Publishing, Inc.},
title = {Satmar: {{T}}wo Generations of an Urban Island},
year = {1997}
}% 3 - nove

@article{AlbaEtAl2002,
author = {Alba, Richard and Logan, John and Lutz, Amy and Stults, Brian},
doi = {10.2307/3088327},
issn = {00703370, 15337790},
journal = {Demography},
number = {3},
pages = {467--484},
title = {Only {English} by the Third Generation? {{L}}oss and Preservation of the Mother Tongue among the Grandchildren of Contemporary Immigrants},
url = {http://www.jstor.org/stable/3088327},
volume = {39},
year = {2002}
}% 3 - nove


@article{FasoldPreston2007,
author = {Fasold, Ralph W. and Preston, Dennis R.},
doi = {10.1017/CBO9780511619496.004},
journal = {Sociolinguistic Variation: Theories, Methods, and Applications},
pages = {45--69},
title = {{The psycholinguistic unity of inherent variability: Old Occam whips out his razor}},
year = {2007}
}% 3 - nove

@book{Benor2012,
author = {Benor, Sarah Bunin},
publisher = {Rutgers University Press},
title = {Becoming frum: {{H}}ow newcomers learn the language and culture of {Orthodox Judaism}},
year = {2012}
}% 3 - nove

@book{Fishman1972,
address = {Rowley, MA},
annote = {Citation for the three generation rule/model of language shift/assimilation},
author = {Fishman, Joshua A.},
publisher = {Newbury},
title = {The sociology of language},
year = {1972}
}% 3 - nove

@article{Shandler2006,
author = {Shandler, Jeffrey},
year = {2006},
journal = {Shofar: {{A}}n interdisciplinary journal of {Jewish} studies},
number = {1},
pages = {90--113},
title = {Queer {Yiddishkeit}: {{P}}ractice and theory},
volume = {25}
}% 3 - nove

@article{KahleWickham2013,
author = {Kahle, David and Wickham, Hadley},
journal = {The {R} Journal},
number = {1},
pages = {144--161},
title = {ggmap: {{S}}patial Visualization with ggplot2},
volume = {5},
year = {2013}
}% 3 - nove

@book{Beider2015,
author = {Beider, Alexander},
pages = {646},
publisher = {Oxford University Press},
title = {Origins of {Yiddish} dialects},
year = {2015}
}% 3 - nove



@article{Bayley2000,
author = {Bayley, Robert},
doi = {10.1215/00031283-75-3-288},
issn = {0003-1283},
journal = {American Speech},
number = {3},
pages = {288--290},
title = {Second-Language Acquisition and Variationist Linguistics},
volume = {75},
year = {2000}
}% 3 - nove

@incollection{Krogh2012,
author = {Krogh, Steffen},
booktitle = {Leket: {{Y}}idishe shtudyes haynt/{{J}}iddistik heute/{{Y}}iddish Studies Today},
editor = {Aptroot, Marion and Gal-Ed, Efrat and Gruschka, Roland and Neuberg, Simon},
publisher = {Düsseldorf University Press},
title = {How {Satmarish} is {Haredi} {Satmar} {Yiddish}?},
year = {2012}
}% 3 - nove

@inproceedings{McAuliffeEtAl2017,
author = {McAuliffe, Michael and Socolof, Michaela and Mihuc, Sarah and Wagner, Michael and Sonderegger, Morgan},
booktitle = {Proceedings of the Annual Conference of the International Speech Communication Association, INTERSPEECH},
doi = {10.21437/Interspeech.2017-1386},
issn = {19909772},
keywords = {Acoustic analysis,Automatic segmentation,Forced alignment},
pages = {498--502},
title = {Montreal forced aligner: {{T}}rainable text-speech alignment using kaldi},
year = {2017}
}% 3 - nove

@incollection{Nove2020,
address = {Kyiv},
author = {Nove, Chaya R.},
booktitle = {Jews and {Slavs}: 110 Years of a {Jewish} National Language, {Proceedings of the Czernowitz International Yiddish Language Conference 2018}},
edition = {Vol. 26},
editor = {Moskovich, Wolf},
publisher = {Dukh I Litera},
title = {Phonetic Contrast in {Unterland} {Yiddish} Long-Short Vowel Pairs},
year = {2020}
}% 3 - nove

@book{Rubin1972,
address = {New York},
author = {Rubin, Israel},
pages = {294},
publisher = {Crown Publishing Group},
title = {Satmar: {{A}}n Island in the City},
year = {1972}
}% 3 - nove


@article{SadockMasor2018,
author = {Sadock, Benjamin and Masor, Alyssa},
journal = {Journal of Jewish Languages},
pages = {89--110},
title = {{Bobover Yiddish: “Polish” or “Hungarian?”}},
volume = {6},
year = {2018}
}% 3 - nove

@book{Louden2016,
address = {Baltimore},
author = {Louden, Mark L.},
publisher = {Johns Hopkins University Press},
title = {{Pennsylvania} {Dutch}: The Story of an {American} Language},
year = {2016}
}% 3 - nove

@phdthesis{Herzog1964,
author = {Herzog, Marvin I},
month = {apr},
publisher = {Columbia University},
title = {The {Yiddish} language in northern {Poland}: {{I}}ts geography and history},
url = {http://elibrary.ru/item.asp?id=6915826},
year = {1964}
}% 3 - nove

@article{Nove2018a,
author = {Nove, Chaya R.},
journal = {Journal of Jewish Languages},
keywords = {Hasidic Yiddish,Jewish languages,Yiddish,ideology},
number = {1},
pages = {111--143},
title = {The Erasure of {Hasidic} {Yiddish} from Twentieth Century {Yiddish} Linguistics},
url = {https://doi.org/10.1163/22134638-06011142},
volume = {6},
year = {2018}
}% 3 - nove

@book{MansonEtAl2017,
address = {Minneapolis},
author = {Manson, Steven and Schroeder, Jonathan and {Van Riper}, David and Ruggles, Steven},
doi = {http://doi.org/10.18128/D050.V12.0},
publisher = {University of Minnesota},
title = {{IPUMS National Historical Geographic Information System: Version 12.0 [Database].}},
year = {2017}
}% 3 - nove

@book{Wickham2009,
address = {New York},
author = {Wickham, Hadley},
publisher = {Springer-Verlag},
title = {{ggplot2: Elegant Graphics for Data Analysis}},
year = {2009}
}% 3 - nove

@article{RumbautEtAl2006,
author = {Rumbaut, Rubén and Massey, Douglas S. and Bean, Frank D.},
journal = {Population and Development Review},
number = {2},
pages = {447--600},
title = {{Linguistic life expectancies: Immigrant language retention in Southern California}},
volume = {32},
year = {2006}
}% 3 - nove

@article{Flege2007,
author = {Flege, James Emil},
journal = {Laboratory phonology},
pages = {353--382},
title = {Language contact in bilingualism: {{P}}honetic system interactions},
volume = {9},
year = {2007}
}% 3 - nove

@unpublished{GuyAdli2019,
author = {Guy, Gregory R. and Adli, A.},
title = {{A manifesto on cross-cultural sociolinguistics: The Fourth Wave in the study of language variation and change}},
year = {2019}
}% 3 - nove

@inproceedings{NyczHall-Lew2013,
address = {San Francisco},
author = {Nycz, Jennifer and Hall-Lew, Lauren},
booktitle = {Proceedings of Meetings on Acoustics},
doi = {10.1121/1.4894063},
issn = {1939-800X},
pmid = {7759650},
title = {{Best practices in measuring vowel merger}},
year = {2013}
}% 3 - nove

@incollection{Weinreich1964,
address = {The Hague},
author = {Weinreich, Uriel},
booktitle = {For {Max Weinreich} on his Seventieth Birthday, Studies in {Jewish} Languages, Literature and Society},
pages = {245--264},
publisher = {Mouton},
title = {Western traits in {Transcarpathian} {Yiddish}},
year = {1964}
}% 3 - nove


@book{Lehiste1970,
address = {Cambridge},
author = {Lehiste, Ilse},
publisher = {MIT Press},
title = {{Suprasegmentals}},
year = {1970}
}% 3 - nove

@unpublished{Alba2004,
address = {La Jolla, CA},
author = {Alba, Richard},
title = {Language Assimilation Today: {{B}}ilingualism Persists More Than in the Past, But {English} Still Dominates},
url = {https://escholarship.org/uc/item/737485ms},
year = {2004}
}% 3 - nove 

@article{AbramsonRen1990,
abstract = {Many languages are described as having a phonological distinction of length in vowel or consonants or even both. If the term is to be taken literally, we would expect to find that the underlying mechanism is control of the relative durations of the articulations for the phonemes in contrast. In languages with short and long vowels, however, it is often observed that short and long counterparts have somewhat different vowel qualitites.},
author = {Abramson, Arthur S. and Ren, Nianqi},
journal = {Journal of Phonetics},
pages = {79--92},
title = {Distinctive vowel length: {{D}}uration vs. spectrum in {Thai}},
volume = {18},
year = {1990}
}% 3 - nove 

@article{Flege1987,
author = {Flege, James Emil},
journal = {Journal of phonetics},
number = {1},
pages = {47--65},
title = {The production of “new” and “similar” phones in a foreign language: {{E}}vidence for the effect of equivalence classification},
volume = {15},
year = {1987}
}% 3 - nove

@inproceedings{HerdEtAl2015,
author = {Herd, Wendy J. and Walden, Robin L. and Knight, Whitney L. and Alexander, Savana N.},
booktitle = {Proceedings of Meetings on Acoustics},
doi = {10.1121/2.0000100},
title = {{Phonetic drift in a first language dominant environment}},
volume = {23},
year = {2015}
}% 3 - nove

@article{FabriciusEtAl2009,
author = {Fabricius, Anne H. and Watt, Dominic and Johnson, Daniel Ezra},
doi = {10.1017/S0954394509990160},
issn = {09543945},
journal = {Language Variation and Change},
number = {3},
pages = {413--435},
title = {A comparison of three speaker-intrinsic vowel formant frequency normalization algorithms for sociophonetics},
volume = {21},
year = {2009}
}% 3 - nove

@phdthesis{Hall-Lew2009,
author = {Hall-Lew, Lauren},
school = {Stanford University},
title = {Ethnicity and Phonetic Variation in a {San Francisco} Neighborhood},
type = {Ph.D. Thesis},
year = {2009}
}% 3 - nove

@unpublished{Wong2014,
author = {Wong, Amy Wing-mei},
booktitle = {University of Pennsylvania Working Papers in Linguistics},
number = {2 Selected Papers from NWAV 42},
pages = {Article 23},
title = {{GOOSE-fronting among Chinese Americans in New York City}},
url = {http://repository.upenn.edu/pwpl/vol20/iss2/23},
volume = {20},
year = {2014}
}% 3 - nove

@article{PetersonLehiste1960,
author = {Peterson, Gordon E. and Lehiste, Ilse},
doi = {https://doi.org/10.1121/1.1908183},
issn = {0001-4966},
journal = {The Journal of the Acoustical Society of America},
number = {6},
pages = {693--703},
pmid = {7759650},
title = {{Duration of Syllable Nuclei in English}},
url = {http://asa.scitation.org/doi/10.1121/1.1908183},
volume = {32},
year = {1960}
}% 3 - nove

@misc{BoersmaWeenink2018,
author = {Boersma, Paul and Weenink, David},
title = {{Praat: doing phonetics by computer [Computer program]}},
url = {http://www.praat.org/},
year = {2018}
}% 3 - nove



@incollection{kellermeier-rehbein_namslang_2015,
	address = {Frankfurt am Main},
	title = {Namslang - {Deutsche} {Jugendsprache} in {Namibia}?},
	booktitle = {Sprachvariation und {Sprachreflexion} in interkulturellen {Kontexten}},
	publisher = {Peter Lang},
	author = {Kellermeier-Rehbein, Birte},
	editor = {Runschke, Kerstin and Peschel, Corinna},
	year = {2015},
	pages = {41--62}
}%5 bracke





@incollection{gretschel_status_1995,
	address = {Berlin, New York},
	title = {The status and use of the {German} language in independent {Namibia}: {{C}}an {German} survive the transition?},
	booktitle = {Discrimination through language in {Africa}? {Perspectives} on the {Namibian} experience},
	publisher = {De Gruyter Mouton},
	author = {Gretschel, Hans-Volker},
	editor = {Pütz, Joe},
	year = {1995},
	pages = {299--314}
}% 6 Radke


@book{ammon_stellung_2014,
	address = {Berlin},
	title = {Die {Stellung} der deutschen {Sprache} in der {Welt}},
	publisher = {de Gruyter},
	author = {Ammon, Ulrich},
	year = {2014}
}




@article{deumert_namibian_2009,
	title = {Namibian {Kiche} {Duits}: {{T}}he (and decline) of a {Neo}-{African} language},
	volume = {21},
	doi = {10.1017/S1470542709990122},
	number = {4},
	journal = {Journal of Germanic Linguistics},
	author = {Deumert, Ana},
	year = {2009},
	pages = {349--417}
}%5 bracke




@article{zimmer_korpus_2020,
	title = {Das {Korpus} \textit{{Deutsch} in {Namibia}} (\textit{{DNam}}): {Eine} {Ressource} für die {Kontakt}-, {Variations}- und {Soziolinguistik}},
	volume = {48},
	number = {3},
	journal = {Deutsche Sprache},
	author = {Zimmer, Christian and Wiese, Heike and Simon, Horst J. and Zappen-Thomson, Marianne and Bracke, Yannic and Stuhl, Britta and Schmidt, Thomas},
	year = {2020},
	pages = {210--232}
}%4 stuhl



@article{zimmer_kasus_2020,
	title = {Kasus im {Namdeutschen}},
	volume = {48},
	journal = {Zeitschrift für Germanistische Linguistik},
	author = {Zimmer, Christian},
	year = {2020},
	pages = {298--335}
}




@incollection{plewnia_namibia_2018,
	address = {Tübingen},
	title = {Namibia},
	booktitle = {Handbuch der deutschen {Sprachminderheiten} in Übersee},
	publisher = {Narr/Francke/Attempto},
	author = {Dück, Katharina},
	editor = {Plewnia, Albrecht and Riehl, Claudia M.},
	year = {2018},
	keywords = {German language, Dialects, Handbooks, manuals, etc},
	pages = {109--130}
}%4 stuhl

@incollection{ammon_stutzung_2019,
	address = {Berlin \& Boston},
	title = {Stützung des {Spracherhalts} bei deutschsprachigen {Minderheiten}: {Namibia}},
	booktitle = {Förderung der deutschen {Sprache} weltweit},
	publisher = {de Gruyter},
	author = {Zappen-Thomson, Marianne},
	editor = {Ammon, Ulrich and Schmidt, Gabriele},
	year = {2019},
	pages = {517--530}
}

@incollection{bracke_language_nodate,
	title = {Language mixing and speaker gender in {Namibian} {German}. {A} corpus linguistic study of conversations by adolescents and adults},
	booktitle = {German(ic) in {Language} {Contact}: {Grammatical} and {Sociolinguistic} {Dynamics}},
	author = {Bracke, Yannic},
	editor = {Zimmer, Christian and Simon, Horst J.}
}

@article{zimmer_siedlungsgeschichte_nodate,
	title = {Siedlungsgeschichte und {Varietätenkontakt}: {Zur} {Entstehung} des {Namdeutschen}},
	journal = {Zeitschrift für Dialektologie und Linguistik},
	author = {Zimmer, Christian}, 
	year = {in press}
}%4 stuhl

@article{bates_fitting_2015,
	title = {Fitting linear mixed-effects models using \textit{lme4}},
	volume = {67},
	journal = {Journal of Statistical Software},
	author = {Bates, Douglas and Mächler, Martin and Bolker, Ben and Walker, Steve},
	year = {2015},
	pages = {1--48}
}%4 stuhl

@book{baayen_analyzing_2008,
	address = {Cambridge},
	title = {Analyzing linguistic data: {{A}} practical introduction to statistics using {{R}}},
	publisher = {Cambridge University Press},
	author = {Baayen, R. Harald},
	year = {2008}
}

@book{riehl_sprachkontaktforschung_2004,
	address = {Tübingen},
	title = {Sprachkontaktforschung},
	publisher = {Narr},
	author = {Riehl, Claudia Maria},
	year = {2004}
}%4 stuhl



@book{bohm_deutsch_2003,
	address = {Frankfurt am Main},
	series = {Duisburger {Arbeiten} zur {Sprach}- und {Kulturwissenschaft}},
	title = {Deutsch in {Afrika}: {{D}}ie {Stellung} der deutschen {Sprache} in {Afrika} vor dem {Hintergrund} der bildungs- und sprachpolitischen {Gegebenheiten} sowie der deutschen auswärtigen {Kulturpolitik}},
	number = {52},
	publisher = {Lang},
	author = {Böhm, Michael-Anton},
	year = {2003}
}%5 bracke


@book{kroll-tjingaete_strukturelle_2018,
	address = {Berlin},
	series = {Hochschulschriften},
	title = {Strukturelle {Veränderungen} der deutschen {Sprache} in {Namibia}: {{R}}ine textanalytische {Untersuchung}},
	number = {51},
	publisher = {trafo},
	author = {Kroll-Tjingaete, Anika},
	year = {2018},
	note = {OCLC: 1050950050}
}


@incollection{shah_german_2018,
	address = {London; New York, NY},
	series = {Routledge studies in sociolinguistics},
	title = {German in {Namibia}},
	number = {15},
	booktitle = {Heritage language policies around the world},
	publisher = {Routledge},
	author = {Shah, Sheena and Zappen-Thomson, Marianne},
	editor = {Seals, Corinne A. and Shah, Sheena},
	year = {2018},
	pages = {128--147}
}%5 bracke


@incollection{putz_official_1995,
	address = {Berlin \& New York},
	series = {Contributions to the sociology of language},
	title = {Official monolingualism in {Africa}},
	number = {69},
	booktitle = {Discrimination through {Language} in {Africa}?},
	publisher = {Mouton de Gruyter},
	author = {Pütz, Martin},
	editor = {Pütz, Martin},
	year = {1995},
	pages = {155--173}
}%4 stuhl





@incollection{zappen-thomson_stutzung_2019,
	address = {Berlin \& Boston},
	title = {Stützung des {Spracherhalts} bei deutschsprachigen {Minderheiten}: {{N}}amibia},
	booktitle = {Förderung der deutschen {Sprache} weltweit},
	publisher = {de Gruyter},
	author = {Zappen-Thomson, Marianne},
	editor = {Ulrich Ammon and Gabriele Schmidt},
	year = {2018},
	pages = {517–530}
}%4 stuhl

@incollection{stolz_weg_2018,
	address = {Berlin and Boston},
	series = {Koloniale und {Postkoloniale} {Linguistik}},
	title = {Auf dem {Weg} zu einer vergleichenden {Kolonialtoponomastik}: {{D}}er {Fall} {Deutsch}-{Südwestafrika}},
	number = {11},
	booktitle = {Sprache und ({Post}){Kolonialismus}: {{L}}inguistische und interdisziplinäre {Aspekte}},
	publisher = {de Gruyter},
	author = {Stolz, Thomas and Warnke, Ingo H.},
	editor = {Kellermeier-Rehbein, Birte and Schulz, Matthias and Stolberg, Doris},
	year = {2018},
	pages = {71--103}
}%4 stuhl

@book{kleiner_atlas_2011,
	title = {Atlas zur {Aussprache} des deutschen {Gebrauchsstandards} ({AADG}). {Unter} {Mitarbeit} von {Ralf} {Knöbl}},
	url = {http://prowiki.ids-mannheim.de/bin/view/AADG/},
	author = {Kleiner, Stefan},
	year = {2011}
}%4 stuhl

@book{schmidt_sprachdynamik_2011,
	address = {Berlin},
	series = {Grundlagen der {Germanistik}},
	title = {Sprachdynamik: {{E}}ine {Einführung} in die moderne {Regionalsprachenforschung}},
	number = {49},
	publisher = {Erich Schmidt},
	author = {Schmidt, Jürgen Erich and Herrgen, Joachim},
	year = {2011},
	keywords = {German language, Dialects}
}%4 stuhl

@book{ganswindt_landschaftliches_2017,
	address = {Stuttgart},
	series = {Zeitschrift für {Dialektologie} und {Linguistik}. {Beihefte}},
	title = {Landschaftliches {Hochdeutsch}: {Rekonstruktion} der oralen {Prestigevarietät} im ausgehenden 19. {Jahrhundert}},
	number = {168},
	publisher = {Steiner},
	author = {Ganswindt, Brigitte},
	year = {2017},
	keywords = {German language, History, Germany, 19th century, Lexicology, Historical, Linguistic demography}
}%4 stuhl

@incollection{radke_role_nodate,
	title = {The role of language contact in mixed-mode group communication. {On} ingroup construction through multilingualism among the {German}-{Namibian} diaspora},
	booktitle = {German(ic) in {language} {contact}: {{G}}rammatical and sociolinguistic dynamics},
	author = {Radke, Henning},
	editor = {Zimmer, Christian and Simon, Horst J.}, 
	year = {2021}
}%4 stuhl

@article{zimmer_wie_nodate,
	title = {Wie viel {Niederdeutsch} steckt im {Namdeutschen}? {Die} {Rolle} niederdeutscher {Dialekte} beim {Varietätenkontakt} in der ehemaligen {Kolonie} {Deutsch}-{Südwestafrika}},
	volume = {128},
	journal = {Korrespondenzblatt des Vereins für niederdeutsche Sprachforschung},
	author = {Zimmer, Christian}, 
	year = {forthcoming}
}
%4 stuhl
@article{zimmer_sprachliche_nodate,
	title = {Sprachliche {Charakteristika} des {Deutschen} in {Namibia}: {{E}}in korpusbasierter {Überblick}},
	journal = {Sprachwissenschaft},
	author = {Zimmer, Christian}, 
	year = {Submitted}
}

@book{szulc_historische_1987,
	address = {Tübingen},
	series = {Sprachstrukturen},
	title = {Historische {Phonologie} des {Deutschen}},
	number = {6},
	publisher = {Niemeyer},
	author = {Szulc, Aleksander},
	year = {1987},
	keywords = {German language, Phonology History}
}%4 stuhl

@book{stellmacher_studien_1977,
	address = {Marburg},
	series = {Deutsche {Dialektgeographie}},
	title = {Studien zur gesprochenen {Sprache} in {Niedersachsen}: {{E}}ine soziolinguistische {Untersuchung}},
	volume = {82},
	publisher = {Elwert},
	author = {Stellmacher, Dieter},
	year = {1977}
}

@incollection{stearns_contemporary_1979,
	address = {Hamburg},
	title = {The contemporary pronunciation of long {\textlangle}ä{\textrangle} in {Modern} {Standard} {German}: {{A}} data-based, computer-assisted analysis},
	booktitle = {Miszellen {VI}},
	author = {Stearns, MacDonald Jr. and Voge, Wilfried},
	editor = {Köster, Jens-Peter},
	year = {1979}
}%4 stuhl

@book{schonfeld_sprache_1989,
	address = {Berlin},
	title = {Sprache und {Sprachvariation} in der {Stadt}: {{Z}}u sprachlichen {Entwicklungen} und zur {Sprachvariation} in {Berlin} und anderen {Städten} im {Nordteil} der {DDR}},
	author = {Schönfeld, Helmut},
	year = {1989}, 
	series = {Linguistische Studien. Reihe A. Arbeitsberichte. Bd. 179}
}%4 stuhl

@misc{rstudio_team_rstudio_2020,
	address = {Boston, MA},
	title = {{RStudio}: {{I}}ntegrated development for {R}. {RStudio}, {PBC}},
	url = {http://www.rstudio.com/},
	author = {{RStudio Team}},
	year = {2020}
}

@misc{r_core_team_r_2020,
	address = {Vienna},
	title = {R: {{A}} language and environment for statistical computing},
	publisher = {{R} {Foundation} for {Statistical} {Computing}},
	url = {https://www.R-project.org/},
	author = {R Core Team},
	year = {2020}
}

@incollection{martens_niederdeutsch-bedingte_1988,
	address = {Wiesbaden},
	title = {Niederdeutsch-bedingte {Abweichungen} von der hochdeutschen {Standard}-{Aussprache}},
	booktitle = {Angewandte {Sprechwissenschaft}},
	author = {Martens, Hiltrud and Martens, Peter},
	editor = {Behme, Helma},
	year = {1988},
	pages = {123--138}
}

@book{lameli_standard_2004,
	address = {Stuttgart},
	series = {Zeitschrift für {Dialektologie} und {Linguistik} {Beihefte}},
	title = {Standard und {Substandard}: {Regionalismen} im diachronen {Längsschnitt}},
	shorttitle = {Standard und {Substandard}},
	number = {H. 128},
	publisher = {Steiner},
	author = {Lameli, Alfred},
	year = {2004},
	note = {OCLC: 237852211}
}%4 stuhl

@book{herrmann-winter_studien_1979,
	address = {Berlin},
	series = {Sprache und {Gesellschaft}, vol. 14},
	title = {Studien zur gesprochenen {Sprache} im {Norden} der {DDR}: {{S}}oziolinguistische {Untersuchungen} im {Kreis} {Greifswald}},
	publisher = {Akademie-Verlag},
	author = {Herrmann-Winter, Renate},
	year = {1979}
}%4 stuhl

@article{elmentaler_varietatendynamik_2008,
	title = {Varietätendynamik in {Norddeutschland}},
	volume = {22},
	issn = {1865-939X, 0933-1883},
	doi = {10.1515/9783484605299.66},
	number = {1},
	journal = {Sociolinguistica},
	author = {Elmentaler, Michael},
	year = {2008},
	pages = {66--86}
}
%4 stuhl
@book{clyne_german_1995,
	address = {Cambridge ; New York, NY},
	title = {The {German} language in a changing {Europe}},
	publisher = {Cambridge University Press},
	author = {Clyne, Michael G.},
	year = {1995},
	keywords = {German language, Social aspects, Sociolinguistics, Dialects, Europe, German-speaking}
}%4 stuhl

@incollection{berend_standard_2008,
	address = {Bad Feilnbach},
	edition = {Reprint},
	series = {Jahrbuch / {Institut} für {Deutsche} {Sprache}},
	title = {Regionale {Gebrauchsstandard}: {{G}}ibt es sie und wie kann man sie beschreiben?},
	number = {2004},
	booktitle = {Standardvariation: wie viel {Variation} verträgt die deutsche {Sprache}? {Fragestellungen} und {Ergebnisse} der 40. {Jahrestagung} des {Instituts} für {Deutsche} {Sprache}, {Mannheim}},
	publisher = {Schmidt Periodicals},
	author = {Berend, Nina},
	editor = {Eichinger, Ludwig M. and Kallmeyer, Werner},
	year = {2008},
	note = {OCLC: 254690148},
	pages = {143--170}
}

@incollection{scheel_hamburger_1963,
	address = {Berlin},
	title = {Hamburger {Missingsch}},
	booktitle = {Festgabe für {Ulrich} {Pretzel} zum 65. {Geburtstag}, dargebracht von {Freunden} und {Schülern}},
	author = {Scheel, Käthe},
	editor = {Simon, Werner and Bachofer, Wolfgang and Dittmann, Wolfgang},
	year = {1963},
	pages = {381--389}
}%4 stuhl

@book{rosenberg_berliner_1986,
	address = {Tübingen},
	series = {Reihe {Germanistische} {Linguistik}},
	title = {Der berliner {Dialekt}, und seine {Folgen} für die {Schüler}: {Geschichte} und {Gegenwart} der {Stadtsprache} {Berlins} sowie eine empirische {Untersuchung} der {Schulprobleme} dialektsprechender {Berliner} {Schüler}},
	shorttitle = {Der {Berliner} {Dialekt}, und seine {Folgen} für die {Schüler}},
	number = {68},
	publisher = {M. Niemeyer},
	author = {Rosenberg, Klaus-Peter},
	year = {1986},
	keywords = {Berlin dialect; consequences; students speaking dialect}
}



@book{pfeffer_grunddeutsch_1975,
	address = {Tübingen},
	series = {Forschungsberichte ({Institut} für {Deutsche} {Sprache})},
	title = {Grunddeutsch: {Erarbeitung} u. {Wertung} dreier dt. {Korpora}: e. {Bericht} aus d. {Inst}. for {Basic} {German}, {Pittsburgh}},
	shorttitle = {Grunddeutsch},
	number = {Bd. 27},
	publisher = {TBL-Verlag Narr},
	author = {Pfeffer, J. Alan},
	collaborator = {Pittsburgh},
	year = {1975},
	keywords = {German language, Study and teaching}
}%4 stuhl

@book{mihm_sprachgeschichte_2000,
	address = {Berlin \& New York},
	booktitle = {Sprachgeschichte: {{E}}in {Handbuch} zur {Geschichte} der deutschen {Sprache} und ihrer {Erforschung}. 2. {Teilband}},
	title = {Die {Rolle} der {Umgangssprachen} seit der {Mitte} des 20. {Jahrhunderts}},
	shorttitle = {Sprachgeschichte},
	publisher = {Walter de Gruyter},
	author = {Mihm, Arend},
	editor = {Besch, Werner and Betten, Anne and Reichmann, Oskar and Sonderegger, Stefan},
	year = {2000},
}
%4 stuhl
@article{lauf_regional_1996,
	title = {``{Regional} markiert": {{G}}roßräumliche {Umgangssprache}(n) im niederdeutschen {Raum}},
	volume = {119},
	journal = {Niederdeutsches Jahrbuch},
	author = {Lauf, Raphaela},
	year = {1996},
	pages = {193--218}
}%4 stuhl

@book{konig_atlas_2019a,
	address = {Ismaning},
	title = {Atlas zur {Aussprache} des {Schriftdeutschen} in der {Bundesrepublik} {Deutschland}. {Bd}. 1: {Text}},
	shorttitle = {Atlas zur {Aussprache} des {Schriftdeutschen} in der {Bundesrepublik} {Deutschland}. {Bd}. 1},
	publisher = {Hueber},
	author = {König, Werner}, 
	year = {2019}
}%4 stuhl

@book{konig_atlas_2019b,
	address = {Ismaning},
	edition = {1. Aufl},
	series = {Sprachen der {Welt}},
	title = {Atlas zur {Aussprache} des {Schriftdeutschen} in der {Bundesrepublik} {Deutschland}. 2: {Tabellen} und {Karten}},
	shorttitle = {Atlas zur {Aussprache} des {Schriftdeutschen} in der {Bundesrepublik} {Deutschland}. 2},
	publisher = {Hueber},
	author = {König, Werner},
	year = {2019}
}%4 stuhl

@book{konig_atlas_2019,
	address = {Ismaning},
	edition = {1. Aufl},
	series = {Sprachen der {Welt}},
	title = {Atlas zur {Aussprache} des {Schriftdeutschen} in der {Bundesrepublik} {Deutschland}},
	shorttitle = {Atlas zur {Aussprache} des {Schriftdeutschen} in der {Bundesrepublik} {Deutschland}},
	publisher = {Hueber},
	author = {König, Werner},
	year = {2019}
}%4 stuhl

@book{kleiner_duden_2015,
	address = {Berlin and Mannheim},
	edition = {7., komplett überarbeitete und aktualisierte Auflage},
	series = {Der {Duden} in zwölf {Bänden}},
	title = {Duden, das {Aussprachewörterbuch}},
	number = {Band 6},
	publisher = {Dudenverlag and Institut für Deutsche Sprache},
	editor = {Kleiner, Stefan and Knöbl, Ralf and Dudenredaktion (Bibliographisches Institut) and Institut für Deutsche Sprache},
	year = {2015},
	note = {OCLC: ocn924616002},
	keywords = {German language, Dictionaries, Pronunciation}
}%4 stuhl

@misc{elspas_atlas_2003,
    year = {2003ff},
	title = {Atlas der deutschen {Alltagssprache}},
	url = {http://www.atlas-alltagssprache.de},
	urldate = {2019-10-13},
	author = {Elspaß, Stephan and Möller, Robert}
}%4 stuhl

@book{elmentaler_norddeutscher_2015,
	address = {Hildesheim and New York},
	series = {Deutsche {Dialektgeographie}},
	title = {Norddeutscher {Sprachatlas} ({NOSA})},
	number = {113},
	publisher = {Georg Olms Verlag},
	author = {Elmentaler, Michael and Rosenberg, Peter},
	collaborator = {Sprachvariation in Norddeutschland (Project)},
	year = {2015},
	keywords = {German language, Variation, Areal linguistics, Germany, Northern, Maps}
}%4 stuhl

@incollection{eichinger_deutsche_2007,
	address = {Berlin},
	title = {Das {Deutsche} im alltäglichen {Leben}: {{Z}}ur {Bedeutung} regionaler {Differenzen} im heutigen standardnahen {Deutsch}},
	booktitle = {Finnisch-deutsche {Begegnungen} in {Sprache}, {Literatur} und {Kultur}: {{A}}usgwählte {Beiträge} der {Finnischen} {Germanistentagung} 2007},
	publisher = {Saxa},
	author = {Eichinger, Ludwig M.},
	editor = {Hall, Christopher and Seyferth, Sebastian},
	year = {2007},
	pages = {12--35}
}%4 stuhl

@article{deumert_settler_2018,
	title = {Settler colonialism speaks: {Early} contact varieties in {Namibia} during {German} colonial rule},
	volume = {2},
	issn = {2452-1949, 2452-2147},
	shorttitle = {Settler colonialism speaks},
	doi = {10.1075/le.18006.deu},
	number = {1-2},
	urldate = {2019-11-21},
	journal = {Language Ecology},
	author = {Deumert, Ana},
	year = {2018},
	pages = {91--111}
}%4 stuhl

@incollection{boas_variation_2016,
	address = {Göttingen : [Wien]},
	edition = {1st},
	series = {Wiener {Arbeiten} zur {Linguistik}},
	title = {Variation im {Texasdeutschen}: {Implikationen} für eine vergleichende {Sprachinselforschung}},
	volume = {4},
	booktitle = {German {Abroad}},
	publisher = {V\&R unipress},
	author = {Boas, Hans C.},
	year = {2016},
	pages = {11--44}
}%4 stuhl

@phdthesis{becker_ruhrdeutsch_2003,
	type = {Dissertation},
	title = {Ruhrdeutsch: {{D}}ie {Sprache} des {Ruhrgebiets} in einer umfassenden {Analyse}},
	school = {Universität Freiburg/Br.},
	author = {Becker, Anne Katrin},
	year = {2003}
}%4 stuhl

@article{auer_hamburger_1998,
	title = {Hamburger {Phonologie}. {Eine} variationslinguistische {Skizze} zur {Stadtsprache} der {Hansestadt} heute},
	volume = {65},
	journal = {Zeitschrift  für  Dialektologie und Linguistik},
	author = {Auer, Peter},
	year = {1998},
	pages = {179--197}
}%4 stuhl


@article{hausler_zur_2017,
	title = {Zur {Varietät} des {Deutschen} in {Namibia}},
	volume = {136},
	journal = {Zeitschrift für deutsche Philologie},
	author = {Häusler, Sabine},
	year = {2017}
}% 6 Radke

@incollection{radke_hat_2019b,
	address = {Heidelberg},
	series = {Amsterdam {German} {Studies}},
	title = {Hat {Sprache} einen {Körper} an sich? {Was} {Sprachkontaktphänomene} über die {Körperlichkeit} von {Sprache} verraten},
	booktitle = {Verkörperte {Textualität}},
	publisher = {Synchron},
	author = {Radke, Henning},
	year = {2019},
	editor = {Dauven‐van Knippenberg, Carla and Parr, Rolf and Moser, Christian and Wagner-Egelhaaf, Martina}
}% 6 Radke








@book{radke_urban_inpress,
	address = {London and New York},
	title = {Urban language practices online? {{L}}inguistic fluidity and fixity {German-Namibians} in computer-mediated communication},
	series = {Postmodern individuals in urban communicative settings},
	publisher = {Routledge},
	author = {Radke, Henning},
	year = {in press}
}% 6 Radke

@book{baker_using_2014,
	address = {London},
	title = {Using corpora to analyze gender},
	publisher = {Bloomsbury Publishing},
	author = {Baker, Paul},
	month = jan,
	year = {2014}
}%5 bracke

@incollection{zimmer_linguisticvar_toappear,
  author = {Zimmer, Christian},
  title = {Linguistic variation and age of speakers in {Namibian} {German}: {{L}}oan word usage in ``{Wenker} sentences''},
  publisher = {Brill},
  editor = {Boas, Hans C.},
  booktitle = {German abroad: {{C}}omparative Perspectives on Language Contact},
  year = {to appear},
  address = {Leiden}
}%bracke substituted

@incollection{eckert_language_2003,
	address = {Malden, Mass.},
	title = {Language and {Gender} in {Adolescence}},
	series = {Language {Variation}},
	doi = {10.1002/9780470756942.ch16},
	urldate = {2021-02-24},
	booktitle = {The {Handbook} of {Language} and {Gender}},
	publisher = {Blackwell Publishing Ltd},
	author = {Eckert, Penelope},
	editor = {Holmes, Janet and Meyerhoff, Miriam},
	year = {2003},
	doi = {10.1002/9780470756942.ch16},
	pages = {381--400},
}


@incollection{auer_code_2011,
	address = {London},
	title = {Code-switching/mixing},
	booktitle = {The {SAGE} handbook of sociolinguistics},
	publisher = {Sage},
	author = {Auer, Peter},
	editor = {Wodak, Ruth and Johnstone, Barbara and Kerswill, Paul},
	year = {2011},
	doi = {10.4135/9781446200957.n32},
	pages = {460--478},
}


@article{calude_modelling_2017,
	title = {Modelling loanword success: {{A}} sociolinguistic quantitative study of {Māori} loanwords in {New} {Zealand} {English}},
	volume = {16},
	issn = {1613-7027},
	doi = {10.1515/cllt-2017-0010},
	number = {3},
	journal = {Corpus Linguistics and Linguistic Theory},
	author = {Calude, Andreea Simona and Miller, Steven and Pagel, Mark},
	year = {2017},
	pages = {145}
}%5 bracke

@book{coates_language_2011,
	address = {Malden},
	edition = {2nd edn},
	title = {Language and gender: {{A}} reader},
	publisher = {Wiley-Blackwell},
	editor = {Coates, Jennifer and Pichler, Pia},
	year = {2011}
}%5 bracke




@article{eckert_three_2012,
	title = {Three waves of variation study: {{T}}he emergence of meaning in the study of sociolinguistic variation},
	volume = {41},
	issn = {0084-6570},
	doi = {10.1146/annurev-anthro-092611-145828},
	number = {1},
	journal = {Annual Review of Anthropology},
	author = {Eckert, Penelope},
	month = jan,
	year = {2012},
	pages = {87--100}
}%5 bracke


@incollection{eckert_gender_2011,
	address = {Malden},
	edition = {2nd edn},
	title = {Gender and sociolinguistic variation},
	booktitle = {Language and gender: {{A}} reader},
	publisher = {Wiley-Blackwell},
	author = {Eckert, Penelope},
	editor = {Coates, Jennifer and Pichler, Pia},
	year = {2011},
	pages = {57--66}
}%5 bracke


@article{eckert_new_1999,
	title = {New generalizations and explanations in language and gender research},
	volume = {28},
	issn = {00474045},
	doi = {10.1017/S0047404599002031},
	number = {2},
	journal = {Language in Society},
	author = {Eckert, Penelope and McConnell-Ginet, Sally},
	year = {1999},
	pages = {185--201}
}%5 bracke


@incollection{eisikovitz_girl_2011,
	address = {Malden},
	edition = {2nd edn},
	title = {Girl-talk/boy-talk: {{S}}ex differences in adolescent speech},
	booktitle = {Language and gender: {{A}} reader},
	publisher = {Wiley-Blackwell},
	author = {Eisikovitz, Edina},
	editor = {Coates, Jennifer and Pichler, Pia},
	year = {2011},
	pages = {38--48}
}%5 bracke

@incollection{gries_useful_2010,
	address = {Frankfurt, am Main},
	series = {Studien zur romanischen {Sprachwissenschaft} und interkulturellen {Kommunikation}},
	title = {Useful statistics for corpus linguistics},
	volume = {66},
	booktitle = {A mosaic of corpus linguistics: {Selected} approaches},
	publisher = {Lang},
	author = {Gries, Stefan Thomas},
	editor = {Sánchez, Aquilino},
	year = {2010},
	pages = {269--291}
}%5 bracke

@incollection{haspelmath_lexical_2009,
	address = {Berlin, Germany},
	title = {Lexical borrowing: {Concepts} and issues},
	booktitle = {Loanwords in the world's languages: {A} comparative handbook},
	publisher = {De Gruyter Mouton},
	author = {Haspelmath, Martin},
	editor = {Haspelmath, Martin and Tadmor, Uri},
	year = {2009},
	pages = {35--54}
}%5 bracke





@incollection{kellermeier-rehbein_sprache_2016,
	address = {Berlin; Boston},
	series = {De {Gruyter} {Studium}},
	title = {Sprache in postkolonialen {Kontexten} {II}: {Varietäten} der deutschen {Sprache} in {Namibia}},
	booktitle = {Sprache und {Kolonialismus}: {Eine} interdisziplinäre {Einführung} zu {Sprache} und {Kommunikation} in kolonialen {Kontexten}},
	publisher = {De Gruyter},
	author = {Kellermeier-Rehbein, Birte},
	editor = {Stolz, Thomas and Warnke, Ingo H. and Schmidt-Brücken, Daniel},
	year = {2016},
	pages = {213--234}
}%5 bracke

@book{labov_social_2006,
	address = {Cambridge},
	edition = {2nd edn},
	title = {The social stratification of {English} in {New} {York} {City}},
	url = {http://www.loc.gov/catdir/enhancements/fy0703/2007273650-d.html},
	publisher = {Cambridge University Press},
	author = {Labov, William},
	year = {2006[1966]}
}%5 bracke, nove

@book{macaulay_language_1977,
	address = {Edinburgh},
	title = {Language, social class, and education},
	publisher = {Edinburgh Univ. Press},
	author = {Macaulay, Ronald K.},
	year = {1977}
}%5 bracke


@book{muysken_bilingual_2000,
	address = {Cambridge, UK and New York},
	title = {Bilingual speech: {{A}} typology of code-mixing},
	shorttitle = {Bilingual speech},
	publisher = {Cambridge University Press},
	author = {Muysken, Pieter},
	year = {2000}
}%5 bracke

@book{myers-scotton_contact_2002,
	address = {Oxford and New York},
	series = {Oxford linguistics},
	title = {Contact linguistics: {Bilingual} encounters and grammatical outcomes},
	url = {http://www.loc.gov/catdir/enhancements/fy0613/2002027766-d.html},
	publisher = {Oxford Univ. Press},
	author = {Myers-Scotton, Carol},
	year = {2002}
}%5 bracke

@book{nockler_sprachmischung_1963,
	address = {München},
	title = {Sprachmischung in {Südwestafrika}},
	publisher = {Max Hueber Verlag},
	author = {Nöckler, Herbert C.},
	year = {1963}
}%5 bracke



@incollection{poplack_code-switching_2004,
	address = {Berlin},
	edition = {2nd edn (completely revised and extended)},
	series = {Handbooks of {Linguistics} and {Communication} {Science}},
	title = {Code-switching},
	volume = {3.1},
	booktitle = {Sociolinguistics: {{A}}n international handbook of the science of language and society [{Soziolinguistik}: {{E}}in internationales {Handbuch} zur {Wissenschaft} von {Sprache} und {Gesellschaft}]},
	publisher = {De Gruyter},
	author = {Poplack, Shana},
	editor = {Ammon, Ulrich and Dittmar, Norbert and Mattheier, Klaus J. and Trudgill, Peter},
	year = {2004},
	pages = {589--596}
}%5 bracke


@book{poplack_borrowing_2018,
	address = {New York},
	title = {Borrowing: {Loanwords} in the speech community and in the grammar},
	publisher = {Oxford University Press},
	author = {Poplack, Shana},
	year = {2018}
}%5 bracke

@article{poplack_social_1988,
	title = {The social correlates and linguistic processes of lexical borrowing and assimilation},
	volume = {26},
	issn = {0024-3949},
	doi = {10.1515/ling.1988.26.1.47},
	number = {1},
	journal = {Linguistics},
	author = {Poplack, Shana and Sankoff, David and Miller, Christopher},
	year = {1988},
	pages = {47--104}
}%5 bracke


@book{putz_dickschenarie_1982,
	address = {Windhoek},
	edition = {1st edn},
	title = {Dickschenärie},
	publisher = {Camel Graphics},
	author = {Pütz, Joe},
	year = {1982}
}%5 bracke


@article{radke_lekker_2017,
	title = {``{Lekker} dieses namtal zu lesen. {Ich} hou davon.": {Namdeutscher} {Sprachgebrauch} in namibischer {Onlinekommunikation}},
	volume = {43},
	number = {2},
	journal = {Germanistische Mitteilungen},
	author = {Radke, Henning},
	year = {2017},
	pages = {109--132}
}%5 bracke

@techreport{schmidt_cgat_2015,
	title = {{cGAT}: {Konventionen} für das computergestützte {Transkribieren} in {Anlehnung} an das {Gesprächsanalytische} {Transkriptionssystem} 2 ({GAT2})},
	author = {Schmidt, Thomas and Schütte, Wilfried and Winterscheid, Jenny},
	year = {2015}
}%5 bracke



@book{schmidt-lauber_verkehrte_1998,
	address = {Berlin},
	series = {Lebensformen},
	title = {Die verkehrte {Hautfarbe}: {Ethnizität} deutscher {Namibier} als {Alltagspraxis}},
	number = {10},
	publisher = {Reimer},
	author = {Schmidt-Lauber, Brigitta},
	year = {1998},
	keywords = {Social life and customs, Ethnic identity, Ethnic relations, Germans, Namibia}
}






@book{tagliamonte_variationist_2012,
	address = {Malden, Mass},
	series = {Language in society},
	title = {Variationist sociolinguistics: {Change}, observation, interpretation},
	volume = {40},
	abstract = {Variationist Sociolinguistics: Change, Observation, Interpretation presents a comprehensive, intermediate level examination of Language Variation and Change, the branch of sociolinguistics concerned with linguistic variation in spoken and written language. Represents the most up-to-date coverage of the history, developments, and methodologies of variationist sociolinguisticsAddresses all aspects of linguistic variation, including areas not usually covered in introductory texts, e.g. the phonological, morpho-syntactic, discourse/pragmaticOutlines comparative sociolinguistic approach, data colle},
	publisher = {Wiley-Blackwell},
	author = {Tagliamonte, Sali A.},
	year = {2012}
}%5 bracke

@article{trudgill_sex_1972,
	title = {Sex, covert prestige and linguistic change in the urban {British} {English} of {Norwich}},
	volume = {1},
	issn = {00474045},
	number = {2},
	journal = {Language in Society},
	author = {Trudgill, Peter},
	year = {1972},
	note = {Publisher: Cambridge University Press},
	pages = {179--195}
}%5 bracke

@incollection{wiese_language_2020,
	address = {Frankfurt am Main [et al.]},
	series = {Bamberg {Studies} in {English} {Linguistics}},
	title = {Language {Situations}: {A} method for capturing variation within speakers’ repertoires},
	booktitle = {Methods in {Dialectology} {XVI}},
	publisher = {Lang},
	author = {Wiese, Heike},
	editor = {{Yoshiyuki Asahi}},
	year = {2020},
	pages = {105--117},
}

@incollection{wiese_registerdifferenzierung_2021,
	address = {Tübingen},
	title = {Registerdifferenzierung im {Namdeutschen}: {Informeller} und formeller {Sprachgebrauch} in einer vitalen {Sprechergemeinschaft}},
	booktitle = {Kontaktvarietäten des {Deutschen} im {Ausland}},
	publisher = {Narr},
	author = {Wiese, Heike and Bracke, Yannic},
	editor = {Csaba Földes},
	year = {2021}
}%5 bracke



@article{wiese_deutsch_2014,
	title = {Deutsch im mehrsprachigen {Kontext}: {Beobachtungen} zu lexikalisch-grammatischen {Entwicklungen} im {Namdeutschen} und im {Kiezdeutschen}},
	volume = {81},
	url = {http://www.jstor.org/stable/43821602},
	number = {3},
	journal = {Zeitschrift für Dialektologie und Linguistik},
	author = {Wiese, Heike and Simon, Horst J. and Zappen-Thomson, Marianne and Schumann, Kathleen},
	month = {1},
	year = {2014},
	pages = {274--307},
}% 5, 1







@article{wiese_german_2017,
	title = {German in {Namibia}: {A} vital speech community and its multilingual dynamics},
	url = {https://www.langlxmelanesia.com/LLM%20S%202017_Wiese%20et%20al.pdf},
	author = {Wiese, Heike and Simon, Horst and Zimmer, Christian and Schumann, Kathleen},
	year = {2017},
	journal = {Language \& Linguistics in Melanesia},
	pages = {221--245},
	editor = {Péter Maitz and Craig A. Volker},
	issue = {Special issue},
	issuetitle = {Language Contact in the German Colonies: Papua New Guinea and beyond}
}




@book{wolfram_sociolinguistic_1969,
	address = {Washington, D.C.},
	series = {5},
	title = {A sociolinguistic description of {Detroit} negro speech / {Walter} {A}. {Wolfram}},
	publisher = {Center for Applied Linguistics},
	author = {Wolfram, Walt},
	month = jan,
	year = {1969}
}%5 bracke

@article{zenner_sociolinguistic_2015,
	title = {A sociolinguistic analysis of borrowing in weak contact situations: {English} loanwords and phrases in expressive utterances in a {Dutch} reality {TV} show},
	volume = {19},
	issn = {1367-0069},
	doi = {10.1177/1367006914521699},
	number = {3},
	journal = {International Journal of Bilingualism},
	author = {Zenner, Eline and Speelman, Dirk and Geeraerts, Dirk},
	year = {2015},
	pages = {333--346}
}%5 bracke







@book{ammon_variantenworterbuch_2016,
	address = {Berlin and Boston},
	edition = {2nd edn}, 
	title = {Variantenwörterbuch des {Deutschen}: {{D}}ie {Standardsprache} in {Österreich}, der {Schweiz}, {Deutschland}, {Liechtenstein}, {Luxemburg}, {Ostbelgien} und {Südtirol} sowie {Rumänien}, {Namibia} und {Mennonitensiedlungen}},
	shorttitle = {Variantenwörterbuch des {Deutschen}},
	doi = {10.1515/9783110245448},
	publisher = {De Gruyter Mouton},
	author = {Ammon, Ulrich and Bickel, Hans and Lenz, Alexandra Nicole},
	year = {2016}
}% 6 Radke




@article{androutsopoulos_networked_2015,
	title = {Networked multilingualism: {Some} language practices on {Facebook} and their implications},
	volume = {19},
	shorttitle = {Networked multilingualism},
	number = {2},
	journal = {International Journal of Bilingualism},
	author = {Androutsopoulos, Jannis},
	year = {2015},
	pages = {185--205},
}

@article{otsuji_metrolingualism:_2010,
	title = {Metrolingualism: {{F}}ixity, fluidity and language in flux},
	volume = {7},
	issn = {1479-0718},
	shorttitle = {Metrolingualism},
	url = {https://doi.org/10.1080/14790710903414331},
	doi = {10.1080/14790710903414331},
	number = {3},
	urldate = {2018-07-30},
	journal = {International Journal of Multilingualism},
	author = {Otsuji, Emi and Pennycook, Alastair},
	month = aug,
	year = {2010},
	keywords = {code-mixing, fixity, fluidity, language contact, metrolingualism, multilingualism},
	pages = {240--254}
}

@incollection{stolz_sprache_2016,
	address = {Berlin / Boston},
	title = {Sprache in postkolonialen {Kontexten} {II}. {Varietäten} der deutschen {Sprache} in {Namibia}},
	booktitle = {Sprache und {Kolonialismus}: {Eine} interdisziplinäre {Einführung} zu {Sprache} und {Kommunikation} in kolonialen {Kontexten}},
	publisher = {Walter de Gruyter},
	author = {Kellermeier-Rehbein, Birte},
	editor = {Stolz, Thomas and Warnke, Ingo H. and Schmidt-Brücken, Daniel},
	month = jan,
	year = {2016},
	note = {Google-Books-ID: LNaRCwAAQBAJ},
	keywords = {Language Arts \& Disciplines / Communication Studies, Language Arts \& Disciplines / Linguistics / General, Language Arts \& Disciplines / Linguistics / Historical \& Comparative, Political Science / Colonialism \& Post-Colonialism},
	pages = {213--234},
}

@incollection{duck_namibia_2018,
	address = {Tübingen},
	title = {Namibia},
	booktitle = {Handbuch der deutschen {Sprachminderheiten} in {Übersee}},
	publisher = {Narr Francke Attempto Verlag},
	author = {Dück, Katharina},
	editor = {Plewnia, Albrecht and Riehl, Claudia Maria},
	month = {3},
	year = {2018},
	note = {Google-Books-ID: acpQDwAAQBAJ},
	keywords = {Literary Criticism / European / German},
	pages = {109--130},
}% 6 Radke

@article{hoder_mehrsprachige_2018,
	title = {Mehrsprachige {Äußerungen} aus dem {Blickwinkel} der {Diasystematischen} {Konstruktionsgrammatik}: {{E}}ine {Annäherung}},
	volume = {94},
	shorttitle = {({PDF}) {Mehrsprachige} Äußerungen aus dem {Blickwinkel} der {Diasystematischen} {Konstruktionsgrammatik}},
	journal = {Osnabrücker Beiträge zur Sprachtheorie},
	author = {Höder, Steffen},
	year = {2018},
	pages = {27--50}
}% 6 Radke

@incollection{wiese_registerdifferenzierung_2019,
	address = {Tübingen},
	title = {Registerdifferenzierung im {Namdeutschen}: {Informeller} und formeller {Sprachgebrauch} in einer vitalen {Sprechergemeinschaft}},
	booktitle = {Beiträge zur {Interkulturellen} {Germanistik}},
	publisher = {Narr},
	author = {Wiese, Heike and Bracke, Yannic},
	editor = {Földes, Csaba},
	year = {2019}
}

@article{joseph_linguistic_2006,
	title = {Linguistic identities: {{D}}ouble-edged swords},
	volume = {30},
	issn = {0272-2690, 1569-9889},
	shorttitle = {Linguistic identities},
	number = {3},
	urldate = {2019-03-27},
	journal = {Language Problems and Language Planning},
	author = {Joseph, John E.},
	year = {2006},
	pages = {261--267}
}% 6 Radke

@article{weinberg_measurement_1979,
	title = {Measurement of communication aspects of group cohesion},
	volume = {7},
	issn = {0090-9882},
	doi = {10.1080/00909887909365192},
	number = {1},
	journal = {Journal of Applied Communication Research},
	author = {Weinberg, Sanford B.},
	year = {1979},
	pages = {55--60}
}

@inproceedings{ocker_mediating_2002,
	title = {The mediating effect of group development on satisfaction in a virtual and mixed-mode environment},
	doi = {10.1109/HICSS.2002.993871},
	booktitle = {Proceedings of the 35th {Annual} {Hawaii} {International} {Conference} on {System} {Sciences}},
	author = {Ocker, R. J.},
	month = {1},
	year = {2002},
	keywords = {Computer mediated communication, computer-mediated communication, conflict management, Costs, Cultural differences, Environmental management, geographically distributed software development, Global communication, group development, groupware, interaction mode, interaction process satisfaction, level of teamwork, mixed-mode environment, perceived decision quality, Programming, Quality management, satisfaction, social aspects of automation, software development management, solution confidence, solution satisfaction, Sun, Teamwork, virtual environment, Virtual groups, virtual teams, workgroup cohesion},
	pages = {143--152}
}



@incollection{zimmer_linguistic_2019,
	address = {Leiden},
	title = {Linguistic variation and age of speakers in {Namibian} {German}: loan word usage in “{Wenker} sentences”},
	booktitle = {German {Abroad}: {Comparative} {Perspectives} on {Language} {Contact}},
	publisher = {Brill},
	author = {Zimmer, Christian},
	editor = {Boas, Hans C.},
	year = {2019}
}% 6 Radke

@article{shin_role_2011,
	title = {Role of face-to-face and computer-mediated communication time in the cohesion and performance of mixed-mode groups},
	volume = {14},
	issn = {1367-2223},
	doi = {10.1111/j.1467-839X.2010.01341.x},
	number = {2},
	journal = {Asian Journal of Social Psychology},
	author = {Shin, Yuhyung and Song, Kyojik},
	year = {2011},
	keywords = {communication time, computer-mediated communication, mixed-mode groups, social cohesion, task cohesion, task performance},
	pages = {126--139}
}

@article{putz_sudwesterdeutsch_1991,
	title = {‘{Südwesterdeutsch}’ in {Namibia}: {Sprachpolitik}, {Sprachplanung} und {Spracherhalt}},
	volume = {136},
	shorttitle = {‘{Südwesterdeutsch}’in {Namibia}},
	journal = {Linguistische Berichte},
	author = {Pütz, Martin},
	year = {1991},
	pages = {455--476}
}



@inproceedings{fasola_slang_2011,
	title = {Slang and its history},
	url = {https://dukonference.lv/files/proceedings_of_conf/53konf/valodnieciba_literaturzinatne/Fasola.pdf},
	booktitle = {53rd {International} {Scientific} {Conference} of {Daugvapils} {University}},
	author = {Fasola, Jelena},
	year = {2011},
	urldate = {2019-11-16}
}% 6 Radke

@article{lantto_code-switching_2014,
	title = {Code-switching, swearing and slang: {The} colloquial register of {Basque} in {Greater} {Bilbao}},
	volume = {18},
	issn = {1367-0069, 1756-6878},
	shorttitle = {Code-switching, swearing and slang},
	doi = {10.1177/1367006912457274},
	number = {6},
	journal = {International Journal of Bilingualism},
	author = {Lantto, Hanna},
	year = {2014},
	pages = {633--648}
}

@book{howell_preparing_2018,
	series = {The {Handbook} of {Research} in {Middle} {Level} {Education}},
	title = {Preparing middle level educators for 21st century schools},
	publisher = {IAP},
	author = {Howell, Penny B. and Faulkner, Shawn A. and Jones, Jeanneine and Carpenter, Jan},
	month = {5},
	year = {2018}
}

@book{spradley_participant_1980,
	address = {New York and London},
	title = {Participant observation},
	publisher = {Holt, Rinehart and Winston},
	author = {Spradley, James P.},
	year = {1980}
}

@article{gold_roles_1958,
	title = {Roles in sociological field observation},
	volume = {36},
	number = {3},
	journal = {Social Forces},
	author = {Gold, Raymond},
	year = {1958},
	pages = {217--223}
}% 6 Radke

@book{junker_field_1960,
	address = {Chicago},
	title = {Field work: {{A}}n introduction to the social sciences},
	volume = {39},
	publisher = {The University of Chicago Press},
	author = {Junker, Buford H.},
	year = {1960}
}

@incollection{daniel_vocative_2008,
	address = {Oxford and New York},
	title = {The vocative: {{A}}n outlier case}, 
	booktitle = {The {Oxford} handbook of case},
	publisher = {Oxford University Press},
	author = {Daniel, Michael and Spencer, Andrew and Malchukov, Andrej L.},
	year = {2008},
	pages = {626--634}
}

@book{sonnenhauser_vocative!:_2013,
	address = {Berlin, Boston},
	title = {Vocative!: {{A}}ddressing between system and performance},
	shorttitle = {Vocative!},
	publisher = {Walter de Gruyter},
	author = {Sonnenhauser, Barbara and Hanna, Patrizia Noel Aziz},
	year = {2013}
}

@book{festinger_social_1950,
	address = {Oxford and New York, England},
	title = {Social pressures in informal groups: {{A}} study of human factors in housing},
	publisher = {Harper},
	author = {Festinger, Leon and Schachter, Stanley and Back, Kurt},
	year = {1950}
}% 6 Radke

@article{carron_development_1985,
	title = {The development of an instrument to assess cohesion in sport teams: {The} {Group} {Environment} {Questionnaire}},
	volume = {7},
	shorttitle = {The development of an instrument to assess cohesion in sport teams},
	number = {3},
	journal = {Journal of Sport and Exercise psychology},
	author = {Carron, Albert V. and Widmeyer, W. Neil and Brawley, Lawrence R.},
	year = {1985},
	pages = {244--266}
}

@article{brawley_assessing_1987,
	title = {Assessing the cohesion of teams: {Validity} of the {Group} {Environment} {Questionnaire}},
	volume = {9},
	shorttitle = {Assessing the cohesion of teams},
	number = {3},
	journal = {Journal of Sport and Exercise Psychology},
	author = {Brawley, Lawrence R. and Carron, Albert V. and Widmeyer, W. Neil},
	year = {1987},
	pages = {275--294}
}

@book{mattiello_introduction_2008,
	address = {Milano},
	series = {English {Library}: the {Linguistics}  {Bookshelf}},
	title = {An introduction to {English} {Slang}: {{A}} {description} of its {morphology}, {semantics} and {sociology}},
	volume = {2},
	shorttitle = {An {Introduction} to {English} {Slang}},
	publisher = {Polimetrica, International Scientific Publisher},
	author = {Mattiello, Elisa},
	year = {2008}
}

@book{eble_slang_1996,
	title = {Slang \& sociability: {{In}}-group language among college students},
	publisher = {University of North Carolina Press},
	author = {Eble, Connie C.},
	year = {1996}
}


@book{andersson_bad_1990,
	address = {London},
	title = {Bad language},
	publisher = {Penguin Books},
	author = {Andersson, Lars and Trudgill, Peter},
	year = {1990}
}

@book{jonas_sozialpsychologie_2014,
	address = {Berlin, Heidelberg},
	title = {Sozialpsychologie},
	publisher = {Springer-Verlag},
	author = {Jonas, Klaus and Stroebe, Wolfgang},
	editor = {Hewstone, Miles},
	month = aug,
	year = {2014}
}

@article{zimmer_korpus_nodate,
	title = {Das {Korpus} {Deutsch} in {Namibia} ({DNam}): {Eine} {Ressource} für die {Kontakt}-, {Variations}- und {Soziolinguistik}},
	author = {Zimmer, Christian and Wiese, Heike and Simon, Horst and Zappen-Thomson, Marianne and Bracke, Yannic and Stuhl, Britta and Schmidt, Thomas}
}

@incollection{hoder_grammar_2018,
	title = {Grammar is community-specific: {{B}}ackground and basic concepts of {Diastematic} {Construction} {Grammar}},
	author = {Höder, Steffen},
	year = {2018},
	pages = {37--70}
	}

@incollection{grosjean_bilingual_2012,
	title = {Bilingual and monolingual language modes}, 
	booktitle = {The encyclopedia of applied linguistics},
	publisher = {Wiley-Blackwell},
	editor = {Chapell, Carol A.},
	author = {Grosjean, François},
	year = {2012},
	address = {Chichester},
	doi = {10.1002/9781405198431.wbeal0090},
	keywords = {bilingualism, cognitive science, multilingualism, perception, psycholinguistics}
}% 6 Radke

@misc{radke_afrikaans_2019a,
	title = {Afrikaans in {Thüringen}},
	url = {https://blogs.fu-berlin.de/nederlands/2019/07/01/afrikaans-in-thueringen/},
	urldate = {2019-11-16},
	author = {Radke, Henning},
	month = {7},
	year = {2019},
}% 6 Radke

@book{sanchez_applied_2019,
	edition = {1st ed. 2019 edition},
	title = {Applied {Decision}-{Making}: {Applications} in {Computer} {Sciences} and {Engineering}},
	shorttitle = {Applied {Decision}-{Making}},
	publisher = {Springer},
	editor = {Sanchez, Mauricio A. and Aguilar, Leocundo and Castañón-Puga, Manuel and Rodríguez, Antonio},
	month = {5},
	year = {2019}
}% 6 Radke

@book{bracke_namibian_2020,
	title = {Namibian {German} and gender: {A} corpus study on the use of transferred lexical items},
	shorttitle = {Namibian {German} and gender},
	author = {Bracke, Yannic},
	month = {9},
	year = {2020},
}% 6 Radke

@incollection{hoder_grammatical_2021,
	title = {Grammatical arealisms across the {Danish}-{German} border from a constructional perspective},
	author = {Höder, Steffen},
	year = {2021}
}% 6 Radke

@incollection{herrle_integration_2016,
	address = {Windhoek},
	title = {Integration mit besten {Voraussetzungen}. {Neue} {Perspektiven} einer {Deutschnamibierin} in {Deutschland}. {In} {Informationsausschuss} der {Deutschen} {Evangelisch}-{Lutherischen} {Kirche} in {Namibia} {DELK}},
	booktitle = {Perspektiven 2016. {Die} {Deutschsprachigen} {Namibier}: {Weiße} {Afrikaner} oder {Fremde} im eigenen {Land}?},
	publisher = {John Meinert Priting (Pty) Ltd},
	author = {Herrle, Katharina},
	year = {2016}
}% 6 Radke

@incollection{rocker_east_2021,
	title = {East {Frisians} achter de {Penn}: language and identity in correspondences to a {German} newspaper in {America}},
	author = {Rocker, Maike},
	year = {2021}
}% 6 Radke

@incollection{stuhl_northern_2021,
	title = {Northern {German} in {Southern} {Africa}? {On} the phonology of {Namdeutsch}},
	author = {Stuhl, Britta},
	year = {2021}
}% 6 Radke

@misc{r_core_team_language_2019,
	title = {A language and environment for statistical computing: {R} {Foundation} for {Statistical} {Computing}},
	url = {https://www.R-project.org/},
	publisher = {Vienna},
	author = {{R Core Team}},
	year = {2019}
}% 6 Radke



@misc{AdmiraalEtAl2019,
	note = {Manuscript. University of Flensburg, Dept. of Frisian},
	author = {Admiraal, Femmy and Nils Langer and Lena Terhart},
	title = {Measuring Effectiveness of Language Policy: {{F}}inal Report of {SM}i{LE}-project},
	year = {2019}
}

@article{Arhammar1973,
	author = {Århammar, Nils},
	journal = {Nordfriesland},
	pages = {202-–208},
	title = {Nordfriesische {Sprachpflege} -- {Nordfriesische} {Sprachpolitik}},
	volume = {28},
	issue = {7},
	year = {1973}
}


@incollection{Arhammar1999,
	address = {Tübingen},
	title = {Gesteuerte und ungesteuerte {Modernisierung} des {Nordfriesischen}: {{W}}ortschatzausbau und {Reduktion} sprachlicher {Redundanzen}},
	booktitle = {Modernisierung des {Wortschatzes} europäischer {Regional-} und {Minderheitensprachen}},
	publisher = {Narr},
	author = {Århammar, Nils},
	editor = {Spieß, Gunter},
	year = {2011},
	pages = {1--19}
}%7 gregersen

@book{Gloy1975,
	title = {Sprachnormen {{I}}: {{L}}inguistische und soziologische {Analysen}},
	author = {Gloy, Klaus},
	year = {1975},
	address = {Stuttgart/Bad Cannstatt},
	publisher = {frommanholzboog}
}% 7


@book{WeinreichEtAl1968,
	title = {Empirical Foundation for a Theory of Language Change},
	author = {Weinreich, Uriel and William Labov and Marvin Herzog},
	year = {1968},
	address = {New York},
	publisher = {Columbia University}
}% 7



@incollection{Arhammar2008,
	address = {Tübingen},
	title = {Das {Nordfriesische}, eine bedrohte {Minderheitensprache} in zehn {Dialekten}: {{E}}ine {Bestandsaufnahme}},
	booktitle = {Sterben die {Dialekte} aus? {{V}}orträge am {Interdisziplinären} {Zentrum} für {Dialektforschung} an der {Friedrich-Alexander-Universität} {Erlangen-Nürnberg}, 22.10.-- 10.12.2007},
	author = {Århammar, Nils},
	editor = {Munske, Horst Haider},
	year = {2008},
	url = {https://opus4.kobv.de/opus4-fau/files/664/IZD_Arhammar_Das_Nordfriesische.pdf}, 
	urldate = {2021-02-15}
}%7 gregersen


@book{BauerTrudgill1999,
	title = {Language myths},
	address = {Harmondswort},
	author = {Bauer, Laurie and Peter Trudgill},
	publisher = {Penguin},
	year = {1999}
}% gregersen


@incollection{BosseLanger2021,
	address = {Hildesheim},
	title = {Zur {Wahrnehmung} von {Sprachnormautoritäten} im {Nordfriesischen}},
	booktitle = {{Sprachenvielfalt} und {Mehrsprachigkeit} im {Kontext} von {Standardsprachen}, nichtstandardisierten {Sprachen} und sprachlichen {Varietäten}},
	publisher = {Olms},
	author = {Bosse, Temmo and Langer, Nils},
	editor = {Andresen, Helga and Elin Fredsted and Franz Januschek},
	year = {2021},
	pages = {59--84}
}%7 gregersen



@book{BrincatEtAl2003,
	address = {Bochum},
	title= {Purism in Minor Languages, Endangered Languages, Regional Languages, Mixed Languages},
	editor = {Brincat, Joseph and Boeder, Winfried and Stolz, Thomas},
	publisher = {Brockmeyer},
	year = {2003}
}

@incollection{CostaEtAl2018,
	address = {London},
	title = {Standardising Minority Languages: {{R}}einventing Peripheral Languages in the 21st century},
	booktitle = {Standardising Minority Languages},
	publisher = {Routledge},
	author = {James Costa and de Korne, Haley and Pia Lane},
	editor = {James Costa and de Korne, Haley and Pia Lane},
	year = {2018},
	pages = {1--23}
}%7 gregersen



@book{DaviesLanger2006,
	address = {The making of bad language},
	address = {Frankfurt},
	author = {Davies, Winifred and Nils Langer},
	publisher = {Lang},
	year = {2006}
}


@incollection{DelValle2016,
	address = {Oxford and New York},
	title = {Ways of seeing language in Nineteenth-Century {Galicia}, {Spain}},
	booktitle = {Invisible Languages in the Nineteenth Century},
	publisher = {Lang},
	author = {Del Valle, Jose},
	editor = {Havinga, Anna and Nils Langer},
	year = {2016},
	pages = {281-298}
}%7 gregersen


@book{Dollinger2019,
	title = {The pluricentricity debate}, 
	address = {London},
	author = {Dollinger, Stefan},
	publisher = {Routledge},
	year = {2019}
}


@book{Ebert1994,
	address = {Ljouwert},
	author = {Ebert, Karen H.},
	note = {9--28},
	publisher = {Fryske Academy},
	title = {Fering -– eine todkranke {Sprache}?},
	series = {Philologica Frisica anna 1993},
	year = {1994}
}

@incollection{EversSchramm2009,
	address = {Bochum},
	title = {{Seelterlound}, friesische {Sprachinsel} in {Niedersachsen}},
	booktitle = {Die autochthonen {Minderheiten}- und {Regionalsprachen} {Deutschlands}},
	publisher = {Lang},
	author = {Evers, Johanna and Karl-Peter Schramm},
	editor = {Stolz, Christel},
	year = {2009},
	pages = {43--57}
}%7 gregersen


@incollection{Feitsma2002,
	address = {Amsterdam},
	title = {`{{D}}emocratic’ and ‘Elitist’ {Frisian} and a {Frisian} Standard.},
	publisher = {Benjamins},
	author = {Evers, Johanna and Karl-Peter Schramm},
	editor = {Linn, Andrew and Nicola McLelland},
	year = {2002},
	booktitle = {Standardization},
	pages = {207--218}
}%7 gregersen


@book{GarciaWei2014,
	title = {Invisible Languages in the Nineteenth Century},
	editor = {Ofelia Garcia and Li Wei},
	title = {Translanguaging: {{L}}anguage, Bilingualism and Education},
	publisher = {Palgrave Macmillan},
	address = {Oxford and New York},
	year = {2014}
}% 7 gregersen


@misc{Gregersen2019,
	author = {Gregersen, Johanna},
	note = {B.A. thesis. Europa-Universität Flensburg},
	title = {Snååk ruckt frasch!: {{S}}prachpurismusdiskurse im {Nordfriesischen}},
	year = {2019}
}


@book{HavingaLanger2016,
	title = {Invisible Languages in the Nineteenth Century},
	address = {Oxford and New York},
	editor = {Havinga, Anna and Nils Langer},
	publisher = {Lang},
	year = {2016}
}


@article{Holander1969,
	author = {Holander, Reimer Kay},
	journal = {Nordfriesland},
	pages = {66–-67},
	title = {Preisfrage},
	issue = {3},
	volume = {10},
	year = {1969}
}

@incollection{Horner2005,
	address = {Berlin},
	title = {Reimagining the Nation: {{D}}iscourses of Language Purism in {Luxembourg}},
	publisher = {de Gruyter},
	author = {Horner, Kristine},
	editor = {Langer, Nils and Winifred Davies},
	year = {2005},
	booktitle = {Linguistic Purism in the {Germanic} Languages},
	pages = {166-185}
}%7 gregersen


@article{Ingwersen1966,
	title = {Snååk frasch!},
	author = {Ingwersen, Katharina},
	pages = {262--264},
	series = {Nordfriisk Instituut, Nordfriesisches Jahrbuch Vol 2},
	year = {1966}
}


@book{Jacobs-Owen2017,
	title = {Multilingualism on {Amrum} language contact and variation 1839--1851},
	address = {Kiel},
	author = {Jacobs-Owen, Timothy},
	publisher = {University of Kiel},
	year = {2017}
}

@incollection{Jahr2007,
	address = {Berlin},
	title = {The planning of modern {Norwegian} as a sociolinguistic experiment – ‘from below’},
	publisher = {de Gruyter},
	author = {Jahr, Ernst Håkon},
	editor = {Stephan Elspaß and Nils Langer and Joachim Scharloth and Wim Vandenbussche},
	year = {2005},
	booktitle = {{Germanic} Language Histories from Below},
	pages = {379--402}
}%7 gregersen


@incollection{Laabs2009,
	address = {Bochum},
	title = {Der deutsch-nordfriesische {Sprachkontakt}},
	publisher = {Brockmeyer},
	author = {Laabs, Ingo},
	editor = {Stolz, Christel},
	year = {2009},
	booktitle = {Die autochthonen {Minderheiten}- und {Regionalsprachen} {Deutschlands}},
	pages = {35--41}
}%7 gregersen


@book{LangerDavies2005,
	title = {Linguistic Purism in the {Germanic} Languages},
	address = {Berlin},
	editor = {Langer, Nils and Winifred Davies},
	publisher = {De Gruyter},
	year = {2005}
}

@incollection{LangerNesse2012,
	address = {Oxford and New York},
	title = {Linguistic Purism},
	publisher = {Blackwell},
	author = {Langer, Nils and Agnete Nesse},
	editor = {Hernandez-Campoy, Juan and Conde-Silvestre, Juan Camilo},
	year = {2012},
	booktitle = {The {Blackwell} Handbook of Historical Sociolinguistics},
	pages = {607--625}
}%7 gregersen


@book{MilroyMilroy1999,
	address = {London},
	author = {Milroy, James and Milroy, Lesley},
	publisher = {Routledge},
	title = {Authority in Language},
	year = {1999}
}


@article{Piebenga1966,
	author = {Piebenga, Jan Tjittes},
	volume = {1},
	issue = {2}, 
	pages = {7–-13},
	journal = {Nordfriesland},
	title = {Wir Friesen},
	year = {1966}
}


@article{Preisler1968,
	author = {Preisler, Bruno},
	volume = {2},
	issue = {7},
	pages = {171–174},
	journal = {Nordfriesland},
	title = {Nordfriesland -- eine zeitfremde {Illusion}?},
	year = {1968}
}


@article{Quedens1967,
	author = {Quedens, Georg},
	volume = {2},
	issue = {6}, 
	pages = {94-–95.},
	journal = {Nordfriesland},
	title = {Aufruf zur {Gründung} einer {Sprachkommission}},
	year = {1967}
}

@book{Schmidt1972,
	address = {Westerland},
	author = {Schmidt, Hermann},
	publisher = {Verlag für nordfriesisches Brauchtum},
	title = {Wörterbuch {Hochdeutsch} -– {Sylterfriesisch}},
	year = {1972}
}


@book{SchmidtCraigie1928,
	address = {Edinburgh},
	author = {Schmidt-Petersen, Jürgen and James Craigie},
	publisher = {Hutchen},
	title = {The {North Frisian} dialect of {Föhr} and {Amrum}: {{G}}rammar and texts},
	year = {1928}
}%7


@book{Sjolin1976,
	address = {Groningen},
	author = {Sjölin, Bo},
	publisher = {RUG / Frysk Ynstitút},
	sortname = {Sjolin, Bo},
	title = {Min Frysk: {{E}}en onderzoek naar het ontstaan van transfer en ‚code-switching‘ in gesproken Fries},
	year = {1976}
}% 7 


@incollection{Sjolin1997,
	address = {Bonn},
	title = {Sprachverdrängung und {RSL}: {{Z}}ur deutsch-friesischen {Kontaktsituation}},
	publisher = {Blackwell},
	author = {Sjölin, Bo},
	editor = {Moelleken, Wolfgang W. and Weber, Peter J.},
	year = {1997},
	booktitle = {Neue {Forschungsarbeiten} zur {Kontaktlinguistik}},
	pages = {467--474}
}%7 gregersen

@book{SjolinEtAl1988,
	address = {Neumünster},
	author = {Sjölin, Bo and Alastair Walker and Ommo Wilts},
	publisher = {Wachholtz},
	title = {Frasch uurdebök},
	year = {1988}
}

@article{Tholund1966,
	title = {{Friesischunterricht} am {Gymnasium}: {Grundsätze} -- {Voraussetzungen} -- {Erfahrungen}},
	author = {Tholund, Jakob},
	volume = {1},
	issue = {2}, 
	pages= {25–-36},
	journal = {Nordfriesland},
	year = {1966}
}


@article{Tholund1993,
	author = {Tholund, Jakob},
	journal = {Nordfriesland},
	volume = {102}, 
	pages = {17-–18},
	title = {Ged för üsens spriik},
	year = {1993}
}


@book{Thomas1991,
	title = {Linguistic Purism},
	address = {London},
	author = {Thomas, George},
	publisher = {Longman},
	year = {1991}
}


@book{Trask1999,
	title = {Key Concepts in Language and Linguistics},
	address = {London},
	author = {Trask, Larry},
	publisher = {Routledge},
	year = {1999}
}


@book{VanderSijs1999,
	title = {Taaltrots: {Purisme} in een veertigtal talen},
	address = {Amsterdam},
	editor = {Van der Sijs, Nicoline},
	publisher = {Contact},
	year = {1999}
}

@incollection{VandenbusscheEtAl2005,
	address = {Berlin},
	title = {Taming thistles and wees amidst the wheat: {{L}}anguage gardening in nineteenth-century {Flanders}},
	publisher = {de Gruyter},
	author = {Wim Vandenbussche and Roland Willemyns and {De Groof}, Jetje and Eline Vanhecke},
	editor = {Langer, Nils and Winifred Davies},
	year = {2005},
	booktitle = {Linguistic purism in the {Germanic} languages},
	pages = {46--61}
}%7 gregersen


@incollection{Walker1986,
	title = {Nordfriesisch in der {Schule}},
	publisher = {Niemeyer},
	author = {Walker, Alastair},
	editor = {Robert Hinderling},
	year = {19},
	booktitle = {Europäische {{S}}prachminderheiten im {{V}}ergleich: {Deutsche} {Sprache} in {Europa} und {Übersee}},
	pages = {201--214},
	year = {1986}
}%7 gregersen

@incollection{Walker1978,
	address = {Tübingen},
	title = {Nordfriesisch -- eine sterbende {Sprache}?},
	publisher = {Niemeyer},
	author = {Walker, Alastair},
	editor = {Ureland, P. Sture},
	year = {1978},
	booktitle = {Akten des 1. {Symposions} über {Sprachkontakt} in {Europa}},
	pages = {129--148}
}%7 gregersen

@incollection{Walker1979,
	address = {Oeversee},
	title = {Toochte am e frasche spräke diling},
	publisher = {Sankelmark},
	author = {Walker, Alastair},
	editor = {Walker, Alastair and Ommo Wilts},
	year = {1979},
	booktitle = {Friesisch heute: {{B}}eiträge zu einer {Tagung} über nordfriesische {Sprache} und {Sprachpflege}},
	pages = {46--57}
}%7 gregersen


@book{Walker1980,
	address = {Wiesbaden},
	author = {Walker, Alastair},
	publisher = {Steiner},
	title = {Die nordfriesische {Mundart} der {Bökingharde}: {{Z}}u einer strukturell-dialektologischen {Definition} der {Begriffe} {Haupt-}, {Unter-} und {Dorfmundart}},
	year = {1980}
}


@book{Weber1977,
	title = {Peasants into {Frenchmen}: {{T}}he modernization of rural France 1870--1914},
	address = {London},
	author = {Weber, Eugen},
	publisher = {Chatto \& Windus},
	year = {1977}
}

@book{WiltsEtAl1986,
	title = {Wurdenbuk för {Feer} an {Oomram}},
	address = {Amrum},
	author = {Wilts, Ommo and Elene Braren and Nickels Hinrichsen},
	publisher = {Quedens},
	year = {1977}
}% 7 geregeren


@article{Boas2002,
	author = {Boas, Hans},
	journal = {{Berkeley} {Linguistics} {Society}},
	pages = {387--398},
	title = {Tracing Dialect Death: {{T}}he {Texas} {German} Dialect Project},
	volume = {28},
	year = {2002}
}% 8 - rocker




 
@article{Condray2015,
	author = {Condray, Kathleen},
	journal = {{The} {Arkansas} {Historical} {Quarterly}},
	volume = {74},
	number = {4}, 
	pages= {327--351},
	title = {{Arkansas}’s Bloody {German}-Language Newspaper war of 1892},
	year = {2015}
}% 8 - rocker


 

@article{Dolmetsch1976,
	title = {Locations of {German} Language Newspaper and Periodical Printing in the {United States}: 1732--1976},
	author = {Dolmetsch, Christopher},
	journal = {Monatshefte},
	volume = {68}, 
	pages = {188--195},
	year = {1976}
}% 8 - rocker

 
@incollection{Elspass2012,
	address = {West Sussex},
	title = {The use of private letters and diaries in sociolinguistic investigation},
	booktitle = {The handbook of historical sociolinguistics},
	publisher = {Blackwell},
	author = {Elspaß, Stephan},
	editor = {Conde-Silvestre, J. Camilo and Hernández-Campoy, Juan M.},
	year = {2019},
	pages = {156--169}
}% 8 - rocker
 


@article{Etzler1954,
	author = {Etzler, T. Herbert},
	journal = {The {Southwestern} Historical Quarterly},
	volume = {57}, 
	issue = {4}, 
	pages = {423--431},
	title = {{German}-{American} Newspapers in {Texas} with special reference to the {Texas} {Volksblatt}, 1877--1879},
	year = {1954}
}% 8 - rocker

 
@article{Fishman1965,
	author = {Fishman, Joshua},
	title = {Who speaks what language to whom and when?},
	journal = {La Linguistique},
	volume = {1}, 
	pages= {67--88},
	year = {1965}
}% 8 - rocker

 
@incollection{Fishman1966,
	address = {London and The Hague and Paris},
	title = {An inquiry into language maintenance efforts},
	booktitle = {Language loyalty in the {United States}: {{T}}he maintenance and perceptuation of non-{English} mother tongues by {American} ethnic and religious groups},
	author = {Fishman, Joshua A.},
	publisher = {Mouton \& Co},
	editor = {Fishman, Joshua A.},
	year = {2019},
	pages = {21--33}
}% 8 - rocker

 
@article{Frizzel1992,
	author = {Frizzel, Robert},
	title = {Reticent {Germans}: {{T}}he {East} {Frisians} of {Illinois}},
	journal = {Illinois Historical Journal},
	volume = {85}, 
	issue = {3},
	pages= {161--174},
	year = {1965}
}% 8 - rocker



@article{Haller1988,
	title = {Ethnic-language mass media and language loyalty in the United States today: {{T}}he case of {French}, {German} and {Italian}},
	author = {Haller, Hermann},
	journal = {Word},
	volume = {39},
	issue = {3}, 
	pages = {187--200},
	doi = {10.1080/00437956.1988.11435789},	
	year = {1988}
}

 

 
@book{Jacob2002,
	series = {Westfälische {Beiträge} zur {Niederdeutschen} {Philologie}},
	number = {10},
	author = {Jacob, Alexandra},
	publisher = {Verlag für Regionalgeschichte},
	title = {{Niederdeutsch} im mittleren {Westen} der {USA}: {Auswanderungsgeschichte—{Sprache}—Assimilation}},
	year = {2002}
}% 8 - rocker

 
 
@article{Johnson2018,
	title = {Language Shift and Changes in Community Structure: {{A}} case study of {Oulu}, {Wisconsin}},
	author = {Johnson, Mirva},
	journal = {Scandinavian-Canadian Studies},
	volume = {25},
	pages = {30--49},
	year = {2018}
}% 8 - rocker

 

 
@misc{Kehlenbeck1948,
	author = {Kehlenbeck, Alfred},
	title = {An {Iowa} {Low German} dialect}, 
	note = {Publication of the {American Dialect Society} 10},
	year = {1948}
}% 8 - rocker

 

 @incollection{Kloss1966,
	address = {London, The Hague, Paris},
	title = {{German}-{American} language maintenance efforts},
	booktitle = {Language loyalty in the {United States}: {{T}}he maintenance and perceptuation of non-{English} mother tongues by {American} ethnic and religious groups},
	editor = {Fishman, Joshua A.},
	publisher = {Mouton \& Co},
	author = {Kloss, Heinz},
	year = {1966},
	pages = {206--252}
}% 8 - rocker
 

 
@article{Langer2008,
	title = {{German} language and {German} identity in {America}: {{E}}vidence from school grammars 1860--1918},
	author = {Langer, Nils},
	journal = {German life and letters},
	volume = {61}, 
	issue = {4},
	pages = {497--512},
	year = {2008}
}% 8 - rocker


 
@phdthesis{Lindaman2002,
	author = {Lindaman, Matthew},
	title = {{Heimat} in the {Heartland}: {East} {Frisian} {Migration} {from} {Germany} {to} {the} Midwest 1840--1950},
	school = {University of Kansas},
	address = {Lawrence, Kansas},
	year = {2002}
}% 8 - rocker

 
@article{Lindaman2004,
	title = {Heimat in the {Heartland}: {{T}}he significance of an ethnic newspaper},
	author = {Lindaman, Matthew},
	journal = {{Journal} of {American} {Ethnic} {History}},
	volume = {23}, 
	issue = {3},
	pages = {78--98},
	year = {2004}
}% 8 - rocker

 
@incollection{Louden2006,
	address = {New York},
	title = {German-{American} language maintenance efforts},
	booktitle = {Language loyalty in the {United States}: {{T}}he maintenance and perceptuation of non-{English} mother tongues by {American} ethnic and religious groups},
	publisher = {Peter Lang},
	author = {Louden, Mark},
	editor = {Thornberg, Linda L. and Fuller, Jannet M.},
	year = {2006},
	pages = {127--145}
}% 8 - rocker

 

 
@book{Luebke1990,
	address = {Chicago},
	author = {Luebke, Frederick},
	publisher = {University of Illinois Press},
	title = {Germans in the {New World}: {{E}}ssays in the history of immigration},
	year = {1990}
}% 8 - rocker

 
@misc{Monahan1971,
	author = {Monahan, Dot},
	note = {{Carroll} {Daily} {Times} {Herald}, 6},
	title = {An Afternoon in {Germany}},
	year = {1971}
}% 8 - rocker

 
 
@article{Pavlenko2002,
	author = {Pavlenko, Agneta},
	journal = {Multilingua},
	volume = {21}, 
	issue = {1}, 
	page = {45--78},
	title = {Bilingualism and emotions},
	year = {2002}
}% 8 - rocker

 

 
@article{PutnamSalmons2015,
	title = {Multilingualism in the Midwest: {{H}}ow {German} has shaped (and still shapes) the {Midwest}},
	author = {Putnam, Michael and Joseph Salmons},
	journal = {{Middle} {West} {Review}},
	volume = {1}, 
	number = {2},
	pages = {29–52},
	year = {2015}
}% 8 - rocker

 
%@incollection{Radke2021,
%	author = {Radke, Henning},
%	booktitle = {German(ic) in Language Contact},
%	series = {Language Variation},
%	year = {2021},
%	title = {The role of language contact in mixed-mode group communication: {{O}}n ingroup construction through multilingualism among {German-Namibian} diaspora},
%	editor = {Zimmer, Christian}
%	}% 8 - rocker - this volume

 
@book{Reershemius2004,
	address = {Stuttgart},
	author = {Reershemius, Gertrud},
	publisher = {Franz Steiner Verlag},
	title = {{Niederdeutsch} in {Ostfriesland}: {{Z}}wischen {Sprachkontakt}, {Sprachveränderung} und {Sprachwechsel}},
	year = {2004}
}% 8 - rocker

 
 
@book{Reschly2000,
	address = {Baltimore, London},
	author = {Reschly, Steven},
	publisher = {John Hopkins University Press},
	title = {The {Amish} on the {Iowa} {Prairie}, 1840--1910},
	year = {2000}
}% 8 - rocker


 
@article{Salmons1983,
	author = {Salmons, Joseph},
	journal = {Monatshefte},
	volume = {75}, 
	issue = {2}, 
	pages = {187--196},
	title = {Issues in {Texas} {German} language maintenance and shift},
	year = {1983}
} % 8 - rocker

 
@article{Schach1984,
	author = {Schach, Paul},
	journal = {Nebraska History},
	volume = {65},
	pages = {84–107},
	title = {{German}-language newspapers in {Nebraska} 1860--1890},
	year = {1984}
}% 8 - rocker

 

@book{Schnucker1917,
	address = {Cleveland, OH},
	author = {Schnucker, George},
	publisher = {Central Publishing House},
	title = {Die {Ostfriesen} in {Amerika}: {{E}}ine illustrierte {Geschichte} ihrer {Kolonien} bis zur {Gegenwart}},
	year = {1917}
}
 

 
@book{Schwartzkopff1987,
	address = {Stuttgart},
	author = {Schwartzkopff, Christa},
	publisher = {Franz Steiner Verlag},
	title = {{German} {Americans}: {{D}}ie sprachliche {Assimilation} der {Deutschen} in {Wisconsin}},
	year = {1987}
}

 

 
@misc{StateHistoricalSocietyofIowa2019,
	author = {State Historical Society of Iowa},
	url = {https://iowaculture.gov/sites/default/files/primary-sources/pdfs/history-education-pss-civil-image.pdf},
	title = {Revocation of the {Babel Proclamation}, 1918},
	year = {2019}
}

 
 
@article{vanBree2017,
	author = {van Bree, Cor},
	journal = {{Amsterdamer} {Beiträge} zur {älteren} {Germanistik}},
	volume = {77},
	issue = {1--2},
	pages = {65–87},
	title = {The {Frisian} substrate beneath the {Groningen} dialect},
	year = {2017}
}

 
 
@article{WilkersonSalmons2008,
	address = {"GOOD Old Immigrants of Yesteryear,” Who Didn’t Learn English: {{G}}ermans in {Wisconsin}},
	author = {Wilkerson, Miranda and Joseph Salmons},
	journal = {{American} {Speech}},
	volume = {83}, 
	issue = {3},
	pages = {259--283},
	year = {2008}
}% 8 - rocker


@incollection{Wirrer1995,
	address = {West Sussex},
	title = {Ploughdeutsch--{Plattdeutsch}: {Low German} in {Golden}, {Illinois}, {USA}},
	booktitle = {{Lingua} {Theodisca:} {{B}}eiträge {zur} {Sprach-} {und} {Literaturwissenschaft:} {Jan} {Goossens} {zum} {65.} {Geburtstag}},
	author = {Wirrer, Jan. 1995},
	editor = {José Cajot and Ludger Kremer and Hermann Niebaum},
	year = {1995},
	pages = {669--676}
}% 8 - rocker
 
 

 
@book{Wittke1973,
	address = {New York},
	author = {Wittke, Carl},
	publisher = {Haskell House Publishers},
	title = {The {German}-language press in {America}},
	year = {1973}
}% 8 - rocker
