@Article{abraham2008,
  author  = {Werner Abraham},
  journal = {Language Typology and Universals},
  title   = {Absent arguments on the Absentive: {An} exercise in silent syntax. {Grammatical} category or just pragmatic inference?},
  year    = {2008},
  number  = {4},
  pages   = {358--374},
  volume  = {61},
  doi     = {10.1524/stuf.2008.0029},
}

@Book{aichinger1754,
  author    = {Aichinger, Carl Friedrich},
  publisher = {Kraus},
  title     = {Versuch einer teutschen {Sprachlehre}, anfänglich nur zu eignem {Gebrauche} unternommen, endlich aber, um den {Gelehrten} zu fernerer {Untersuchung} {Anlaß} zu geben},
  year      = {1754},
  address   = {Wien},
  url       = {https://books.google.de/books?id=JzVGAAAAcAAJ},
}

@Article{aichinger1776,
  author  = {Aichinger, Carl Friedrich},
  journal = {Schwäbisches {Magazin} von gelehrten {Sachen}},
  title   = {Anmerkung zum zwölften {Stück} des schwäbischen {Magazin}},
  year    = {1776},
  pages   = {627--629},
  url     = {https://books.google.de/books?id=bJIpAAAAYAAJ&pg=PA627},
}

@Book{agel2000,
  author    = {Vilmos Ágel},
  publisher = {Narr},
  title     = {Valenztheorie},
  year      = {2000},
  address   = {Tübingen},
}

@Book{bech1955,
  author    = {Bech, Gunnar},
  publisher = {Munksgaard},
  title     = {Studien über das deutsche {Verbum} infinitum},
  year      = {1955},
  address   = {København},
}

@Book{becker1833,
  author    = {Karl Ferdinand Becker},
  publisher = {Hermannsche Buchhandlung},
  title     = {Leitfaden für den ersten {Unterricht} in der deutschen {Sprachlehre}},
  year      = {1833},
  address   = {Frankfurt am Main},
  url       = {https://books.google.de/books?id=KlwSAAAAIAAJ},
}

@InCollection{berik2015,
  author    = {Berik, Olga and Gehrke, Berit},
  booktitle = {The Syntax and Semantics of Pseudo-Incorporation},
  publisher = {Brill},
  title     = {An Introduction to the Syntax and Semantics of Pseudo-Incorporation},
  year      = {2015},
  address   = {Leiden},
  editor    = {Berik, Olga and Gehrke, Berit},
  number    = {40},
  pages     = {1--43},
  series    = {Syntax and Semantics},
  doi       = {10.1163/9789004291089_002},
}

@InCollection{booij2003b,
  author    = {Booij, Geert and van Kemenade, Ans},
  booktitle = {Yearbook of Morphology 2003},
  publisher = {Kluwer},
  title     = {Preverbs: {An} introduction},
  year      = {2003},
  address   = {Dordrecht},
  editor    = {Booij, Geert and van Marle, Jaap},
  pages     = {1--12},
  url       = {https://vdoc.pub/documents/yearbook-of-morphology-2003-58l4qmnkda90},
}

@InCollection{broschart2000,
  author    = {Jürgen Broschart},
  booktitle = {Approaches to the Typology of Word Classes},
  publisher = {De Gruyter Mouton},
  title     = {The {Tongan} category of preverbials},
  year      = {2000},
  address   = {Berlin},
  editor    = {Petra M. Vogel and Bernard Comrie},
  number    = {23},
  pages     = {351--370},
  series    = {Empirical approaches to Language Typology},
  doi       = {10.1515/9783110806120.351},
}

@Book{businger2017,
  author    = {Martin Businger},
  publisher = {De Gruyter},
  title     = {`{Haben}' als {Vollverb}: {Eine} dekompositionale {Analyse}},
  year      = {2011},
  address   = {Berlin},
  number    = {538},
  series    = {Linguistische Arbeiten},
  doi       = {10.1515/9783110252644},
}

@Book{carlberg1948,
  author    = {Carlberg, Björn},
  publisher = {Berlingska boktryckeriet},
  title     = {Subjektsvertauschung und {Objektsvertauschung} im {Deutschen}: {Eine} semasiologische {Studie}},
  year      = {1948},
  address   = {Lund},
  url       = {https://nbn-resolving.org/urn:nbn:se:su:diva-74473},
}

@Article{chang2007,
  author  = {Chang, Lingling},
  journal = {Deutsch als Fremdsprache},
  title   = {Resultative {Prädikate} und {Verbpartikeln}},
  year    = {2007},
  number  = {2},
  pages   = {81--89},
  doi     = {10.37307/j.2198-2430.2007.02.04},
}

@PhdThesis{colomo2010,
  author = {Colomo, Katarina},
  school = {Ruhr-Universität Bochum},
  title  = {Modalität im {Verbalkomplex}: {Halbmodalverben} und {Modalitätsverben} im {System} statusregierender {Verbklassen}},
  year   = {2010},
  url    = {https://nbn-resolving.org/urn:nbn:de:hbz:294-35533},
}

@Book{comrie1976,
  author               = {Comrie, Bernard},
  publisher            = {Cambridge University Press},
  title                = {Aspect: {An} introduction to the study of verbal aspect and related problems},
  year                 = {1976},
  address              = {Cambridge; New York},
  all_isbns            = {0521211093 9780521211093 0521290457 9780521290456},
  oclcid               = {2118637},
  ris_reference_number = {2118637},
}

@PhdThesis{coupe2015,
  author = {Coupé, Griet},
  school = {Radboud University Nijmegen},
  title  = {Syntactic extension: {The} historical development of {Dutch} verb clusters},
  year   = {2015},
  url    = {http://hdl.handle.net/2066/141109},
}

@InCollection{cysouw2014a,
  author                           = {Cysouw, Michael},
  booktitle                        = {Perspectives on Semantic Roles},
  publisher                        = {Benjamins},
  title                            = {Inducing semantic roles},
  year                             = {2014},
  address                          = {Amsterdam},
  editor                           = {Luraghi, Silvia and Narrog, Heiko},
  pages                            = {23--68},
  doi                              = {10.1075/tsl.106.02cys},
}

@Book{czicza2014,
  author    = {Dániel Czicza},
  publisher = {De Gruyter},
  title     = {Das {es-Gesamtsystem} im {Neuhochdeutschen}},
  year      = {2014},
  address   = {Berlin},
  number    = {120},
  series    = {Studia Linguistica Germanica},
  doi       = {10.1515/9783110357561},
}

@Article{devaere2018,
  author  = {De Vaere, Hilde and De Cuypere, Ludovic and Willems, Klaas},
  journal = {Corpus Linguistics and Linguistic Theory},
  title   = {Alternating constructions with ditransitive \textit{geben} in present-day {German}},
  year    = {2018},
  doi     = {10.1515/cllt-2017-0072},
}

@Book{diewald2010,
  author    = {Gabriele Diewald and Elena Smirnova},
  publisher = {De Gruyter Mouton},
  title     = {Evidentiality in {German}: {Linguistic} Realization and Regularities in Grammaticalization},
  year      = {2010},
  address   = {Berlin},
  number    = {228},
  series    = {Trends in Linguistics Studies and Monographs},
  doi       = {10.1515/9783110241037},
}

@Article{dixon1979,
  author  = {Dixon, R. M. W.},
  journal = {Language},
  title   = {Ergativity},
  year    = {1979},
  number  = {1},
  pages   = {59--138},
  volume  = {55},
  doi     = {10.2307/412519},
}

@InCollection{dixon2000a,
  author    = {Dixon, R. M. W. and Aikhenvald, Alexandra A. Y.},
  booktitle = {Changing valency: {Case} studies in transitivity},
  publisher = {Cambridge University Press},
  title     = {Introduction},
  year      = {2000},
  address   = {Cambridge},
  editor    = {Dixon, R. M. W. and Aikhenvald, Alexandra A. Y.},
  pages     = {1--29},
  doi       = {10.1017/CBO9780511627750.002},
}

@Book{dixon2014,
  author    = {Dixon, R. M. W.},
  publisher = {Oxford University Press},
  title     = {Basic Linguistic Theory},
  year      = {2014},
  address   = {Oxford},
  volume    = {3: Further grammatical topics},
}

@Book{duden2009,
  author    = {Du\-den-Gram\-ma\-tik},
  publisher = {Dudenverlag},
  title     = {Die {Grammatik}: {Unentbehrlich} für richtiges {Deutsch}},
  year      = {2009},
  address   = {Mannheim},
  edition   = {8. überarbeitete {Auflage}},
  series    = {Duden},
}

@Book{dux2020,
  author            = {Dux, Ryan},
  publisher         = {Benjamins},
  title             = {Frame-constructional verb classes: {Change} and theft verbs in {English} and {German}},
  year              = {2020},
  address           = {Amsterdam},
  number            = {28},
  series            = {Constructional Approaches to Language},
  call-number       = {PE1319},
  dewey-call-number = {424.6},
  doi               = {10.1075/cal.28},
  genre             = {English language},
  library-id        = {2020013603},
}

@Book{eisenberg2006a,
  author           = {Eisenberg, Peter},
  publisher        = {Metzler},
  title            = {Grundriss der deutschen {Grammatik} 2: {Der Satz}},
  year             = {2006},
  address          = {Stuttgart},
  edition          = {3},
}

@Book{eisenberg2006,
  author           = {Eisenberg, Peter},
  publisher        = {Metzler},
  title            = {Grundriss der deutschen {Grammatik} 1: {Das} {Wort}},
  year             = {2006},
  address          = {Stuttgart},
  edition          = {3},
}

@Book{engel1978,
  author    = {Engel, Ulrich and Helmut Schumacher},
  publisher = {Narr},
  title     = {Kleines {Valenzlexikon} deutscher {Verben}},
  year      = {1978},
  address   = {Tübingen},
  number    = {31},
  series    = {{Forschungsberichte des Instituts für deutsche Sprache}},
}

@Book{engel1996,
  author    = {Engel, Ulrich},
  publisher = {Julius Groos},
  title     = {Deutsche {Grammatik}},
  year      = {1996},
  address   = {Heidelberg},
  edition   = {3. korrigierte Auflage},
}

@Book{engelen1986,
  author    = {Bernhard Engelen},
  publisher = {Pädagogische Verlag Burgbücherei Schneider},
  title     = {Einführung in die {Syntax} der deutschen {Sprache}},
  year      = {1986},
  address   = {Balemannsweiler},
  volume    = {2},
}

@Book{enzinger2012,
  author    = {Stefan Enzinger},
  publisher = {Akademie Verlag},
  title     = {Kausative und perzeptive {Infinitivkonstruktionen}},
  year      = {2012},
  address   = {Berlin},
  number    = {70},
  series    = {Studia Grammatica},
  doi       = {10.1524/9783050062310},
}

@PhdThesis{erb2001,
  author                   = {Erb, Marie Christine},
  school                   = {Katholieke Universiteit Brabant},
  title                    = {Finite Auxiliaries in {German}},
  year                     = {2001},
  address                  = {Tilburg},
  url                      = {https://research.tilburguniversity.edu/en/publications/finite-auxiliaries-in-german},
}

@Book{eroms1980,
  author     = {Eroms, Hans-Werner},
  publisher  = {Winter},
  title      = {\emph{Be}-{Verb} und {Präpositionalphrase}: {Ein} {Beitrag} zur {Grammatik} der deutschen {Verbalpräfixe}},
  year       = {1980},
  address    = {Heidelberg},
  number     = {9},
  series     = {Monographien {zur} Sprachwissenschaft},
  bdsk-url-1 = {http://scans.hebis.de/HEBCGI/show.pl?05397290_toc.pdf}
}

@Book{eroms2000,
  author    = {Hans-Werner Eroms},
  publisher = {De Gruyter},
  title     = {Syntax der deutschen {Sprache}},
  year      = {2000},
  address   = {Berlin},
  series    = {De Gruyter Studienbuch},
  doi       = {10.1515/9783110808124},
}

@Book{fabriciushansen1986,
  author    = {Christine Fabricius-Hansen},
  publisher = {Schwann},
  title     = {Tempus fugit: {Über} die {Interpretation} temporaler {Strukturen} im {Deutschen}},
  year      = {1986},
  address   = {Düsseldorf},
  number    = {64},
  series    = {Sprache {der} Gegenwart},
}

@PhdThesis{fehrmann2018,
  author  = {Fehrmann, Ingo},
  school  = {Humboldt-Universität zu Berlin},
  title   = {Kausative {Konstruktionen} mit dem {Verb} \textit{machen} im {Deutschen}},
  year    = {2018},
  address = {Berlin},
  doi     = {10.18452/19403},
}

@Book{felfe2012,
  author    = {Felfe, Marc},
  publisher = {De Gruyter},
  title     = {Das {System} der {Partikelverben} mit \textit{an}: {Eine} konstruktionsgrammatische {Untersuchung}},
  year      = {2012},
  address   = {Berlin},
  number    = {12},
  series    = {Sprache {und} Wissen},
  doi       = {10.1515/9783110289930},
}

@Book{fischer2020,
  author    = {Hanna Fischer},
  publisher = {De Gruyter},
  title     = {Präteritumschwund im {Deutschen}: {Dokumentation} und {Erklärung} eines {Verdrängungsprozesses}},
  year      = {2020},
  address   = {Berlin},
  number    = {132},
  series    = {Studia Linguistica Germanica},
  doi       = {10.1515/9783110563818},
}

@Article{fleischhauer2018,
  author  = {Jens Fleischhauer},
  journal = {Open Linguistics},
  title   = {Animacy and Affectedness in {Germanic} Languages},
  year    = {2018},
  number  = {1},
  pages   = {566--588},
  volume  = {4},
  doi     = {10.1515/opli-2018-0028},
}

@Article{fleischhauer2019,
  author  = {Jens Fleischhauer and Thomas Gamerschlag},
  journal = {Yearbook of the German Cognitive Linguistics Association},
  title   = {Deriving the meaning of light verb constructions: {A} frame account of {German} \textit{stehen} ‘stand’},
  year    = {2019},
  number  = {1},
  pages   = {137--156},
  volume  = {7},
  doi     = {10.1515/gcla-2019-0009},
}

@InProceedings{fleischhauer2021,
  author    = {Fleischhauer, Jens},
  booktitle = {Proceedings of the 17th Workshop on Multiword Expressions ({MWE 2021})},
  title     = {Light Verb Constructions and Their Families: {A} Corpus Study on {G}erman \textit{stehen unter}-{LVC}s},
  year      = {2021},
  editor    = {Paul Cook and Jelena Mitrović and Carla Parra Escartín and Ashwini Vaidya and Petya Osenova and Shiva Taslimipoor and Carlos Ramisch},
  pages     = {63--69},
  publisher = {Association for Computational Linguistics},
  doi       = {10.18653/v1/2021.mwe-1.8},
}

@Article{fleischhauer2021a,
  author  = {Jens Fleischhauer and Stefan Hartmann},
  journal = {Yearbook of the German Cognitive Linguistics Association},
  title   = {The emergence of light verb constructions: {A} case study on {German} \textit{kommen} ‘come’},
  year    = {2021},
  number  = {1},
  pages   = {135--156},
  volume  = {9},
  doi     = {10.1515/gcla-2021-0007},
}

@Book{fuhrhop2012,
  author    = {Nanna Fuhrhop},
  publisher = {Niemeyer},
  title     = {Zwischen {Wort} und {Syntagma}: {Zur} grammatischen {Fundierung} der {Getrennt-} und {Zusammenschreibung}},
  year      = {2012},
  address   = {Tübingen},
  number    = {513},
  series    = {Linguistische Arbeiten},
  doi       = {10.1515/9783110936544},
}

@InCollection{fuss2017,
  author    = {Eric Fuß and Marek Konopka and Angelika Wöllstein},
  booktitle = {Grammatische {Variation}: {Empirische Zugänge} und theoretische {Modellierung}},
  publisher = {De Gruyter},
  title     = {Perspektiven auf syntaktische {Variation}},
  year      = {2017},
  address   = {Berlin},
  editor    = {Marek Konopka and Angelika Wöllstein},
  pages     = {229--254},
  doi       = {10.1515/9783110518214-014},
}

@Article{gallmann1999,
  author  = {Gallmann, Peter},
  journal = {Zeitschrift für Sprachwissenschaft},
  title   = {Wortbegriff und {Nomen‐Verb‐Verbindungen}},
  year    = {1999},
  number  = {2},
  pages   = {269--304},
  volume  = {18},
  doi     = {10.1515/zfsw.1999.18.2.269},
}

@Article{gamerschlag2014,
  author  = {Thomas Gamerschlag},
  journal = {Studies in Language},
  title   = {Stative dimensional verbs in {German}},
  year    = {2014},
  number  = {2},
  pages   = {275--334},
  volume  = {38},
  doi     = {10.1075/sl.38.2.02gam},
}

@PhdThesis{gargyan2010,
  author  = {Gárgyán, Gabriella},
  school  = {University of Szeged},
  title   = {Der \emph{am}-{Progressiv} im heutigen {Deutsch}},
  year    = {2010},
  address = {Szeged},
  doi     = {10.14232/phd.788},
}

@Book{geniusiene1987,
  author    = {Emma Geniušė},
  publisher = {Mouton de Gruyter},
  title     = {The typology of reflexives},
  year      = {1987},
  address   = {Berlin},
  number    = {2},
  series    = {Empirical Approaches to Language Typology},
  doi       = {10.1515/9783110859119},
}

@Book{gillmann2016,
  author    = {Melitta Gillmann},
  publisher = {De Gruyter},
  title     = {Perfektkonstruktionen mit `haben' und `sein'},
  year      = {2016},
  address   = {Berlin},
  number    = {128},
  series    = {Studia Linguistica Germanica},
  doi       = {10.1515/9783110492170},
}

@Book{goldberg2006,
  author                   = {Goldberg, Adele E.},
  publisher                = {Oxford University Press},
  title                    = {Constructions at Work: {The} Nature of Generalization in Language},
  year                     = {2006},
  address                  = {Oxford},
}

@Book{grewendorf1989,
  author    = {Grewendorf, Günther},
  publisher = {Foris},
  title     = {Ergativity in {German}},
  year      = {1989},
  address   = {Dordrecht},
  number    = {35},
  series    = {Studies in Generative Grammar},
  doi       = {10.1515/9783110859256},
}

@InCollection{groot2000,
  author    = {Casper de Groot},
  booktitle = {Tense and Aspect in the Languages of {Europe}},
  publisher = {De Gruyter Mouton},
  title     = {The absentive},
  year      = {2000},
  address   = {Berlin},
  editor    = {Dahl, Östen},
  number    = {20-6},
  pages     = {693--722},
  series    = {Empirical Approaches to Language Typology},
  doi       = {10.1515/9783110197099.4.693},
}

@Article{gunther1987,
  author     = {Günther, Hartmut},
  journal    = {Beiträge zur Geschichte der deutschen Sprache und Literatur},
  title      = {Wortbildung, {Syntax}, \emph{be}-{Verben} und das {Lexikon}},
  year       = {1987},
  pages      = {179--201},
  volume     = {109},
  doi        = {10.1515/bgsl.1987.1987.109.179},
}

@Book{haider2010,
  author            = {Haider, Hubert},
  publisher         = {Cambridge University Press},
  title             = {The syntax of {German}},
  year              = {2010},
  address           = {Cambridge},
  series            = {Cambridge syntax guides},
  doi               = {10.1017/CBO9780511845314},
}

@InCollection{haig2005,
  author    = {Haig, Geoffrey},
  booktitle = {{10 Jahre Ulrike Mosel am SAVS: Beiträge ihrer Absolventen zum Dienstjubiläum}},
  publisher = {Seminar für Allgemeine und Vergleichende Sprachwissenschaft},
  title     = {Bescheuert und verlogen: {(Schein)partizipien}, {Wortklassen}, und das {Lexikon}},
  year      = {2005},
  address   = {Kiel},
  editor    = {Thiesen, Yvonne},
  number    = {4},
  pages     = {107--128},
  series    = {SAVS Arbeitsberichte},
  url       = {https://www.isfas.uni-kiel.de/de/linguistik/forschung/uploads/arbeitsberichte-uploads/alte-berichte/10-jahre-mosel},
}

@InCollection{harbert1977,
  author    = {Harbert, Wayne},
  booktitle = {Grammatical Relations},
  publisher = {Academic Press},
  title     = {Clause union and {German} accusative plus infinitive constructions},
  year      = {1977},
  address   = {New York},
  editor    = {Cole, Peter and Sadock, Jerrold M.},
  number    = {8},
  pages     = {121--150},
  series    = {Syntax and Semantics},
}

@Article{hartmann2014,
  author                           = {Hartmann, Iren and Haspelmath, Martin and Cysouw, Michael},
  journal                          = {Studies in Language},
  title                            = {Identifying semantic role clusters and alignment types via microrole coexpression tendencies},
  year                             = {2014},
  number                           = {3},
  pages                            = {463--484},
  volume                           = {38},
  doi                              = {10.1075/sl.38.3.02har},
}

@Book{haspelmath1987,
  author    = {Martin Haspelmath},
  publisher = {Institut für Linguistik},
  title     = {Transitivity alternations of the anticausative type},
  year      = {1987},
  address   = {Köln},
  number    = {5},
  series    = {Arbeitspapiere, Neue Folge},
  url       = {http://nbn-resolving.org/urn:nbn:de:hebis:30:3-243207},
}

@Article{haspelmath1989,
  author  = {Haspelmath, Martin},
  journal = {Folia Linguistica Historica},
  title   = {From purposive to infinitive: {A} universal path of grammaticization},
  year    = {1989},
  number  = {1/2},
  pages   = {287--310},
  volume  = {10},
  doi     = {10.1515/flih.1989.10.1-2.287},
}

@Article{haspelmath1993b,
  author                   = {Haspelmath, Martin},
  journal                  = {Linguistics},
  title                    = {The diachronic externalization of inflection},
  year                     = {1993},
  number                   = {2},
  pages                    = {279--309},
  volume                   = {31},
}

@InCollection{haspelmath1993a,
  author                   = {Haspelmath, Martin},
  booktitle                = {Causatives and Transitivity},
  publisher                = {Benjamins},
  title                    = {More on the typology of inchoative/causative verb alternations},
  year                     = {1993},
  address                  = {Amsterdam},
  editor                   = {Comrie, Bernard and Polinsky, Maria},
  pages                    = {87--120},
  series                   = {Studies in Language Companion Series},
  doi                      = {10.1075/slcs.23.05has},
}

@InCollection{haspelmath2004c,
  author    = {Haspelmath, Martin and Müller-Bardey, Thomas},
  booktitle = {Morphology},
  publisher = {De Gruyter Mouton},
  title     = {Valency change},
  year      = {2004},
  address   = {Berlin},
  editor    = {Booij, Geert and Lehmann, Christian and Mugdan, Joachim and Skopeteas, Stavros},
  pages     = {1130--1145},
  series    = {HSK 17/2},
  doi       = {10.1515/9783110172782.2.14.1130},
}

@Article{haspelmath2005d,
  author                           = {Haspelmath, Martin},
  journal                          = {Linguistic Discovery},
  title                            = {Argument Marking in Ditransitive Alignment Types},
  year                             = {2005},
  number                           = {1},
  pages                            = {1--21},
  volume                           = {3},
  doi                              = {10.1349/PS1.1537-0852.A.280},
}

@InCollection{heine2020,
  author    = {Antje Heine},
  booktitle = {Theoretische, didaktische und kontrastive {Perspektiven}},
  publisher = {De Gruyter},
  title     = {Zwischen {Grammatik} und {Lexikon}: {Ein} forschungsgeschichtlicher {Blick} auf {Funktionsverbgefüge}},
  year      = {2020},
  address   = {Berlin},
  editor    = {Sabine Knop and Manon Hermann},
  pages     = {15--38},
  doi       = {10.1515/9783110697353-002},
}

@Book{helbig1991,
  author    = {Gerhard Helbig and Wolfgang Schenkel},
  publisher = {Niemeyer},
  title     = {Wörterbuch zur {Valenz} und {Distribution} deutscher {Verben}},
  year      = {1969},
  address   = {Tübingen},
  edition   = {(7th edition 1983, prepared in digital form by {De Gruyter} 1991)},
  doi       = {10.1515/9783111561486},
}

@Article{helbig1978,
  author  = {Helbig, Gerhard},
  journal = {Linguistische Arbeitsberichte},
  title   = {Zu den zustandsbezeichnenden {Konstruktionen} mit \textit{sein} und \textit{haben} im {Deutschen}},
  year    = {1978},
  pages   = {37--46},
  volume  = {20},
}

@Book{helbig2001,
  author    = {Helbig, Gerhard and Buscha, Joachim},
  publisher = {Langenscheidt},
  title     = {Deutsche {Grammatik}: {Ein} {Handbuch} für den {Ausländerunterricht}},
  year      = {2001},
  address   = {München},
}

@Article{heringer1968,
  author  = {Heringer, Hans-Jürgen},
  journal = {Zeitschrift für Deutsche Philologie},
  title   = {Präpositionale {Ergänzungsbestimmungen} im {Deutschen}},
  year    = {1968},
  pages   = {426--457},
  volume  = {87},
}

@InCollection{himmelmann2005b,
  author    = {Himmelmann, Nikolaus P. and Schulze-Berndt, Eva},
  booktitle = {Secondary Predication and Adverbial Modification: {The} Typology of Depictives},
  publisher = {Oxford University Press},
  title     = {Issues in the syntax and semantics of participant-oriented adjuncts: {An} introduction},
  year      = {2005},
  address   = {Oxford},
  editor    = {Himmelmann, Nikolaus P. and Schulze-Berndt, Eva},
  pages     = {1--67},
}

@InCollection{hinze2007,
  author    = {Hinze, Christian and Klaus-Michael Köpcke},
  booktitle = {Grammatik in der {Universität} und für die {Schule}},
  publisher = {Niemeyer},
  title     = {Was wissen {Grundschüler} über die {Verwendung} der {Perfektauxiliare} \emph{haben} und \emph{sein}?},
  year      = {2007},
  editor    = {Klaus-Michael Köpcke and Arne Ziegler},
  number    = {277},
  pages     = {95--128},
  series    = {Germanistische Linguistik},
  doi       = {10.1515/9783110975918},
}

@InCollection{hole2002,
  author    = {Hole, Daniel},
  booktitle = {Grammatische {Kategorien} aus sprachhistorischer und typologischer {Perspektive}: {Akten} des 29. {Linguisten-Seminars (Kyoto 2001)}},
  publisher = {Iudicium},
  title     = {Er hat den {Arm} verbunden: {Valenzreduktion} und {Argumentvermehrung} im {Haben}-{Konfigurativ}},
  year      = {2002},
  address   = {München},
  editor    = {Mitsunobu Yoshida},
  pages     = {167--186},
}

@Book{hole2014,
  author    = {Daniel Hole},
  publisher = {De Gruyter},
  title     = {Dativ, {Bindung} und {Diathese}},
  year      = {2014},
  address   = {Berlin},
  number    = {78},
  series    = {Studia Grammatica},
  doi       = {10.1515/9783110347739},
}

@Book{holl2010,
  author    = {Holl, Daniel},
  publisher = {De Gruyter},
  title     = {Modale {Infinitive} und dispositionelle {Modalität} im {Deutschen}},
  year      = {2010},
  address   = {Berlin},
  number    = {71},
  series    = {Studia Grammatica},
  doi       = {10.1524/9783050062341},
}

@Article{hopper1980,
  author                   = {Hopper, Paul J. and Thompson, Sandra A.},
  journal                  = {Language},
  title                    = {Transitivity in Grammar and Discourse},
  year                     = {1980},
  number                   = {1},
  pages                    = {251--299},
  volume                   = {56},
  doi                      = {10.2307/413757},
}

@Book{hohle1978,
  author    = {Höhle, Tilman N.},
  publisher = {Niemeyer},
  title     = {Lexikalistische {Syntax}: {Die} {Aktiv-Passiv-Relation} und andere {Infinitkonstruktionen} im {Deutschen}},
  year      = {1978},
  address   = {Tübingen},
  number    = {67},
  series    = {Linguistische Arbeiten},
  doi       = {10.1515/9783111345444},
}

@Book{hundsnurscher1968,
  author    = {Franz Hundsnurscher},
  publisher = {Kümmerle},
  title     = {Das {System} der {Partikelverben} mit „aus“ in der {Gegenwartssprache}},
  year      = {1968},
  address   = {Göppingen},
  number    = {2},
  series    = {Göppinger Arbeiten {zur} Germanistik},
}

@InCollection{imo2018,
  author    = {Imo, Wolfgang},
  booktitle = {Constructional Approaches to Syntactic Structures in {German}},
  publisher = {De Gruyter},
  title     = {Valence Patterns, construction, and interaction: {Constructs} with the {German} verb \emph{erinnern} (`remember/remind')},
  year      = {2018},
  address   = {Berlin},
  editor    = {Boas, Hans C. and Ziem, Alexander},
  number    = {322},
  pages     = {131--178},
  series    = {Trends in Linguistics Studies and Monographs},
  doi       = {10.1515/9783110457155-004},
}

@InCollection{jager2018,
  author    = {Jäger, Agnes},
  booktitle = {Clause Structure and Word Order in the History of {German}},
  publisher = {Oxford University Press},
  title     = {On the history of the {IPP} construction in {German}},
  year      = {2018},
  address   = {Oxford},
  editor    = {Jäger, Agnes and Ferraresi, Gisella and Weiß, Helmut},
  number    = {28},
  pages     = {302--323},
  series    = {Oxford Studies in Diachronic and Historical Linguistics},
  doi       = {10.1093/oso/9780198813545.003.0016},
}

@Book{jager2013,
  author    = {Jäger, Anne},
  publisher = {Peter Lang},
  title     = {Der {Status} von \emph{bekommen + zu +} {Infinitiv} zwischen {Modalität} und semantischer {Perspektivierung}},
  year      = {2013},
  address   = {Frankfurt am Main},
  number    = {56},
  series    = {Theorie {und} Vermittlung {der} Sprache},
  doi       = {10.3726/978-3-653-03239-0},
}

@Book{kamber2008,
  author    = {Kamber, Alain},
  publisher = {Niemeyer},
  title     = {Funktionsgefüge -- empirisch: {Eine} korpusbasierte {Untersuchung} zu den nominalen {Prädikaten} des {Deutschen}},
  year      = {2008},
  address   = {Tübingen},
  number    = {281},
  series    = {Germanistische Linguistik},
  doi       = {10.1515/9783484970311},
}

@Article{keller2003,
  author  = {Frank Keller and Antonella Sorace},
  journal = {Journal of Linguistics},
  title   = {Gradient Auxiliary Selection and Impersonal Passivization in {German}: {An} Experimental Investigation},
  year    = {2003},
  number  = {1},
  pages   = {57--108},
  volume  = {39},
  url     = {http://www.jstor.org/stable/4176789},
}

@Book{kim1983,
  author            = {Kim, Gyung-Uk},
  publisher         = {Königshausen + Neumann},
  title             = {Valenz und {Wortbildung}: (Dargestellt) am {Beispiel} der verbalen {Präfixbildung} mit be-, ent-, er-, miss-, ver-, zer-},
  year              = {1983},
  address           = {Würzburg}
}

@Book{kiss1995,
  author     = {Kiss, Tibor},
  publisher  = {Niemeyer},
  title      = {Infinite {Komplementation}: {Neue} {Studien} zum deutschen {Verbum} {Infinitum}},
  year       = {1995},
  address    = {Tübingen},
  number     = {333},
  series     = {Linguistische Arbeiten},
  doi        = {10.1515/9783110934670},
}

@InCollection{konopka2021,
  author     = {Marek Konopka and Sandra Hansen-Morath},
  booktitle  = {Korpusgrammatik},
  publisher  = {Leibniz-Institut für Deutsche Sprache},
  title      = {{AcI-Konstruktionen}},
  year       = {2021},
  address    = {Mannheim},
  doi        = {10.14618/korpusgrammatik},
}

@Article{kotulkova2010,
  author  = {Kotůlková, Veronika},
  journal = {Brünner Beiträge zur Germanistik und Nordistik},
  title   = {Kontrastive {Bemerkungen} zu {Konstruktionen} mit {Wahrnehmungsverben}},
  year    = {2010},
  number  = {1–2},
  pages   = {21--35},
  volume  = {15},
  url     = {http://hdl.handle.net/11222.digilib/114735},
}

@Book{kotulkova2010a,
  author    = {Kotůlková, Veronika},
  publisher = {Universität Würzburg},
  title     = {Die {Vielfalt} der {lassen+Infinitiv-Konstruktion} im {Deutschen} und wie das {Tschechische} damit zurechtkommt},
  year      = {2010},
  address   = {Würzburg},
  number    = {1},
  series    = {DeuCze: Korpuslinguistik Deutsch-Tschechisch kontrastiv},
  doi       = {10.25972/OPUS-4217},
}

@Book{krause2002,
  author    = {Olaf Krause},
  publisher = {Niemeyer},
  title     = {Progressiv im {Deutschen}: {Eine} empirische {Untersuchung} im {Kontrast} mit {Niederländisch} und {Englisch}},
  year      = {2002},
  address   = {Tübingen},
  number    = {462},
  series    = {Linguistische Arbeiten},
  doi       = {10.1515/9783110916454},
}

@Article{kramer2004,
  author  = {Krämer, Sabine},
  journal = {Zeitschrift für Sprachwissenschaft},
  title   = {\emph{Bleiben} bleibt \emph{bleiben}},
  year    = {2004},
  number  = {2},
  pages   = {245--274},
  volume  = {23},
  doi     = {10.1515/zfsw.2004.23.2.245},
}

@Book{kruisinga1935,
  author    = {Etsko Kruisinga},
  publisher = {Noordhoff},
  title     = {Einführung in die deutsche {Syntax}},
  year      = {1935},
  address   = {Groningen},
}

@Article{kubczak2016,
  author  = {Jacqueline Kubczak},
  journal = {AION: Annali di Università degli Studi di Napoli L'Orientale, Sezione Germanica.},
  title   = {\emph{Er kann {Kanzler}! wir können billig!}: {Schwer} zu fassende {Neuerungen} in der deutschen {Sprache}!},
  year    = {2014},
  number  = {1–2},
  pages   = {127--139},
  volume  = {24},
  url     = {https://nbn-resolving.org/urn:nbn:de:bsz:mh39-47260},
}

@InCollection{kulikov2011,
  author                   = {Kulikov, Leonid},
  booktitle                = {The {Oxford} Handbook of Linguistic Typology},
  publisher                = {Oxford University Press},
  title                    = {Voice typology},
  year                     = {2011},
  address                  = {Oxford},
  editor                   = {Song, Jae Jung},
  pages                    = {368--398},
  doi                      = {10.1093/oxfordhb/9780199281251.013.0019},
}

@Article{kunze1996,
  author  = {Kunze, Jürgen},
  journal = {Linguistics},
  title   = {Plain middles and \emph{lassen} middles in {German}: {Reflexive} constructions and sentence perspective},
  year    = {1996},
  number  = {3},
  pages   = {645--95},
  volume  = {34},
  doi     = {10.1515/ling.1996.34.3.645},
}

@Article{kunze1997,
  author  = {Kunze, Jürgen},
  journal = {Zeitschrift für Sprachwissenschaft},
  title   = {Typen der reflexiven {Verbverwendung} im {Deutschen} und ihre {Herkunft}},
  year    = {1997},
  number  = {1/2},
  pages   = {83--180},
  volume  = {16},
  doi     = {10.1515/zfsw.1997.16.1-2.83},
}

@Article{kurogo2016,
  author  = {Kurogo, Yoko},
  journal = {Dokkyo Universität Germanistische Forschungsbeiträge},
  title   = {Aspektuelle {Interpretation} von antikausativen {Verben} im {Deutschen}},
  year    = {2016},
  number  = {71},
  pages   = {25--40},
  url     = {http://id.nii.ac.jp/1140/00000972/},
}

@Book{lasch2016,
  author    = {Lasch, Alexander},
  publisher = {De Gruyter},
  title     = {Nonagentive {Konstruktionen} des {Deutschen}},
  year      = {2016},
  address   = {Berlin},
  number    = {25},
  series    = {Sprache {und} Wissen},
  doi       = {10.1515/9783110495430},
}

@Article{lasch2018,
  author  = {Lasch, Alexander},
  journal = {Sprachwissenschaft},
  title   = {\emph{Diese gehören kalt zu geben}: {Die} {Konstruktion} \emph{gehören} mit {Qualitativ}},
  year    = {2018},
  number  = {2},
  pages   = {159--185},
  volume  = {43},
  url     = {https://sprw.winter-verlag.de/article/SPRW/2018/2/5},
}

@Book{latzel1977,
  author    = {Latzel, Sigbert},
  publisher = {Hueber},
  title     = {Die deutschen {Tempora} {Perfekt} und {Präteritum}: {Eine} {Darstellung} mit {Bezug} auf {Erfordernisse} des {Faches} „{Deutsch} als {Fremdsprache}“},
  year      = {1977},
  address   = {München},
  number    = {Reihe III, Band 2},
  series    = {Heutiges Deutsch},
}

@Article{latzel1977a,
  author  = {Latzel, Sigbert},
  journal = {Deutsche Sprache},
  title   = {\emph{haben} + {Partizip} und ähnliche {Verbindungen}},
  year    = {1977},
  number  = {4},
  pages   = {289--312},
  volume  = {5},
}

@Article{leirbukt1981,
  author  = {Leirbukt, Oddleif},
  journal = {Deutsche Sprache},
  title   = {„{Passivähnliche}“ {Konstruktionen} mit \emph{haben} + {Partizip} im heutigen {Deutsch}},
  year    = {1981},
  pages   = {119--146},
  volume  = {9},
}

@Book{leirbukt1997,
  author    = {Leirbukt, Oddleif},
  publisher = {Niemeyer},
  title     = {Untersuchungen zum \emph{bekommen}-{Passiv} im heutigen {Deutsch}},
  year      = {1997},
  address   = {Tübingen},
  number    = {177},
  series    = {Germanistische Linguistik},
  doi       = {10.1515/9783110928013},
}

@InCollection{leirbukt2000,
  author    = {Leirbukt, Oddleif},
  booktitle = {{Deutsche Grammatik in Theorie und Praxis}},
  publisher = {Niemeyer},
  title     = {Passivähnliche {Bildungen} mit \emph{haben/wissen/sehen} + {Partizip II} in modalen {Kontexten}},
  year      = {2000},
  address   = {Tübingen},
  editor    = {Thieroff, Rolf and Matthias Tamrat and Fuhrhop, Nanna and Teuber, Oliver},
  pages     = {97--110},
  doi       = {10.1515/9783110933932.97},
}

@Book{lenz2013,
  author    = {Alexandra N. Lenz},
  publisher = {De Gruyter},
  title     = {Vom \emph{kriegen} und \emph{bekommen}},
  year      = {2013},
  address   = {Berlin},
  number    = {53},
  series    = {Linguistik: Impulse \& Tendenzen},
  doi       = {10.1515/9783110314915},
}

@Book{levin1993,
  author            = {Levin, Beth},
  publisher         = {University of Chicago Press},
  title             = {English verb classes and alternations: {A} preliminary investigation},
  year              = {1993},
  address           = {Chicago},
  genre             = {English language},
}

@Book{lipka1972,
  author    = {Lipka, Leonhard},
  publisher = {Fink},
  title     = {Semantic structure and word-formation: {Verb-particle} constructions in contemporary {English}},
  year      = {1972},
  address   = {München},
  number    = {17},
  series    = {International Library of General Linguistics},
  url       = {https://nbn-resolving.org/urn:nbn:de:bvb:19-epub-5050-4},
}

@Book{los2005,
  author    = {Bettelou Los},
  publisher = {Oxford University Press},
  title     = {The rise of the \emph{to}-infinitive},
  year      = {2005},
  address   = {Oxford},
  doi       = {10.1093/acprof:oso/9780199274765.001.0001},
}

@Book{los2016,
  author    = {Bettelou Los and Corrien Blom and Booij, Geert and Elenbaas, Marion and van Kemenade, Ans},
  publisher = {Cambridge University Press},
  title     = {Morphosyntactic change: {A} comparative study of particles and prefixes},
  year      = {2016},
  address   = {Cambridge},
  number    = {134},
  series    = {Cambridge Studies in Linguistics},
  doi       = {10.1017/CBO9780511998447},
}

@Article{maienborn2007,
  author    = {Maienborn, Claudia},
  journal   = {Zeitschrift für germanistische Linguistik},
  title     = {Das {Zustandspassiv}: {Grammatische} {Einordnung} -- {Bildungsbeschränkung} -- {Interpretationsspielraum}},
  year      = {2008},
  number    = {1-2},
  pages     = {83--114},
  volume    = {35},
  doi       = {10.1515/ZGL.2007.005}
}

@InCollection{malchukov2015,
  author    = {Malchukov, Andrej},
  booktitle = {Valency Classes in the World's Languages},
  publisher = {De Gruyter Mouton},
  title     = {Valency classes and alternations: {Parameters} of variation},
  year      = {2015},
  address   = {Berlin},
  editor    = {Malchukov, Andrej and Comrie, Bernard},
  pages     = {73--130},
  series    = {Comparative Handbooks of Linguistics},
  volume    = {1},
  doi       = {10.1515/9783110338812-007},
}

@Article{marcotte2010,
  author     = {Marcotte, Ethan},
  journal    = {A List Apart},
  title      = {Responsive Web Design},
  year       = {2010},
  volume     = {306},
  url        = {https://alistapart.com/article/responsive-web-design/},
}

@Book{mcintyre2001,
  author    = {Andrew McIntyre},
  publisher = {Stauffenburg},
  title     = {German double particles as preverbs: {Morphology} and conceptual semantics},
  year      = {2001},
  address   = {Tübingen},
  number    = {61},
  series    = {Studien {zur} {deutschen} Grammatik},
}

@InCollection{mcintyre2003,
  author    = {McIntyre, Andrew},
  booktitle = {Yearbook of Morphology 2003},
  publisher = {Kluwer},
  title     = {Preverbs, argument linking and verb semantics: {Germanic} prefixes and particles},
  year      = {2003},
  address   = {Dordrecht},
  editor    = {Booij, Geert and van Marle, Jaap},
  pages     = {119--144},
  doi       = {10.1007/978-1-4020-1513-7_6},
}

@InCollection{melcuk1993,
  author    = {Mel'čuk, Igor},
  booktitle = {Causatives and Transitivity},
  publisher = {Benjamins},
  title     = {The inflectional category of voice: {Towards} a more rigorous definition},
  year      = {1993},
  address   = {Amsterdam},
  editor    = {Bernard Comrie and Maria Polinsky},
  number    = {23},
  pages     = {1--46},
  series    = {Studies in Language Companion Series},
  doi       = {10.1075/slcs.23.02mel},
}

@Article{mithun1991,
  author                   = {Mithun, Marianne},
  journal                  = {Language},
  title                    = {Active/agentive case marking and its motivations},
  year                     = {1991},
  number                   = {3},
  pages                    = {510--546},
  volume                   = {67},
  doi                      = {10.2307/415036},
}

@Book{nedjalkov1976,
  author    = {Nedjalkov, Vladimir P.},
  publisher = {Narr},
  title     = {Kausativkonstruktionen},
  year      = {1976},
  address   = {Tübingen},
  number    = {4},
  series    = {Studien {zur} {deutschen} Grammatik},
}

@InCollection{nedjalkov1988a,
  author    = {Nedjalkov, Vladimir P.},
  booktitle = {Typology of resultative constructions},
  publisher = {Benjamins},
  title     = {Resultative, passive, and perfect in {German}},
  year      = {1988},
  address   = {Amsterdam},
  editor    = {Vladimir P. NedjaÌlkov},
  number    = {12},
  pages     = {411--432},
  series    = {Typological Studies in Language},
  doi       = {10.1075/tsl.12.29ned},
}

@Article{nichols2004,
  author                           = {Nichols, Johanna and Peterson, David A. and Barnes, Jonathan},
  journal                          = {Linguistic Typology},
  title                            = {Transitivizing and detransitivizing languages},
  year                             = {2004},
  number                           = {2},
  pages                            = {149--211},
  volume                           = {8},
  doi                              = {10.1515/lity.2004.005},
}

@Book{nubling2006,
  author    = {Nübling, Damaris and Dammel, Antje and Duke, Janet and Szczepaniak, Renata},
  publisher = {Narr},
  title     = {Historische {Sprachwissenschaft} des {Deutschen}: {Eine} {Einführung} in die {Prinzipien} des {Sprachwandel}s},
  year      = {2006},
  address   = {Tübingen},
}

@Book{olsen1981,
  author    = {Susan Olsen},
  publisher = {Niemeyer},
  title     = {Problems of \textup{seem/scheinen} Constructions and their Implications for the Theory of Predicate Sentential Complementation},
  year      = {1981},
  address   = {Tübingen},
  number    = {96},
  series    = {Linguistische Arbeiten},
  doi       = {10.1515/9783111655833},
}

@InCollection{pafel1989,
  author    = {Pafel, Jürgen},
  booktitle = {{Wissen, Wahrnehmen, Glauben}: {Epistemische} {Ausdrücke} und propositionale {Einstellungen}},
  publisher = {Niemeyer},
  title     = {\emph{scheinen} + {Infinitiv}: {Eine} oberflächengrammatische {Analyse}},
  year      = {1989},
  address   = {Tübingen},
  editor    = {Falkenberg, Gabriel},
  number    = {202},
  pages     = {123--172},
  series    = {Linguistische Arbeiten},
  doi       = {10.18419/opus-8405},
}

@Book{papemuller1980,
  author    = {Sabine Pape-Müller},
  publisher = {Niemeyer},
  title     = {Textfunktionen des {Passivs}},
  year      = {1980},
  address   = {Tübingen},
  number    = {29},
  series    = {Germanistische Linguistik},
  doi       = {10.1515/9783111370996},
}

@Article{perlmutter1978,
  author  = {Perlmutter, David M.},
  journal = {Proceedings of the Annual Meeting of the Berkeley Linguistics Society},
  title   = {Impersonal Passives and the Unaccusative Hypothesis},
  year    = {1978},
  pages   = {157--189},
  volume  = {4},
  url     = {https://escholarship.org/uc/item/73h0s91v},
}

@Book{pfeiffer1993,
  author     = {Pfeiffer, Wolfgang},
  publisher  = {Digitales {Wörterbuch} der deutschen {Sprache}},
  title      = {Etymologisches {Wörterbuch} des {Deutschen}},
  year       = {1993},
  address    = {Berlin},
  edition    = {(Digitalised and revised version)},
  url        = {https://www.dwds.de/wb/wb-etymwb},
}

@PhdThesis{pitteroff2014,
  author = {Pitteroff, Marcel},
  school = {Universität Stuttgart},
  title  = {Non-canonical \emph{lassen}-middles},
  year   = {2014},
  doi    = {10.18419/opus-5396},
}

@Article{plank2015,
  author  = {Plank, Frans and Lahiri, Aditi},
  journal = {Linguistic Typology},
  title   = {Macroscopic and microscopic typology: {Basic} Valence Orientation, more pertinacious than meets the naked eye},
  year    = {2015},
  number  = {1},
  pages   = {1--54},
  volume  = {19},
  doi     = {10.1515/lingty-2015-0001},
}

@InCollection{polenz1969,
  author    = {Peter von Polenz},
  booktitle = {Festschrift für {Hugo Moser} zum 60. {Geburtstag}},
  publisher = {Schwann},
  title     = {Der {Pertinenzdativ} und seine {Satzbaupläne}},
  year      = {1969},
  address   = {Düsseldorf},
  editor    = {Engel, Ulrich and Grebe, Paul and Rupp, Heinz},
  pages     = {146--171},
}

@InCollection{primus2011,
  author    = {Beatrice Primus},
  booktitle = {Sprachliches {Wissen} zwischen {Lexikon} und {Grammatik}},
  publisher = {De Gruyter},
  title     = {Das unpersönliche {Passiv}: {Ein} {Fall} für die {Konstruktionsgrammatik}?},
  year      = {2011},
  address   = {Berlin},
  editor    = {Stefan Engelberg and Anke Holler and Kristel Proost},
  number    = {2010},
  pages     = {285--314},
  series    = {Jahrbuch {des} Instituts {für} Deutsche Sprache},
  doi       = {10.1515/9783110262339.285},
}

@InCollection{proost2009,
  author    = {Proost, Kristel},
  booktitle = {Konstruktionelle {Varianz} bei {Verben}},
  publisher = {Institut für Deutsche Sprache},
  title     = {Warum man nach {Schnäppchen} jagen, aber nicht nach {Klamotten} bummeln kann: {Die} \emph{nach}-{Konstruktion} zwischen {Lexikon} und {Grammatik}},
  year      = {2009},
  address   = {Mannheim},
  editor    = {Edeltraud Winkler},
  number    = {4/2009},
  pages     = {10--41},
  series    = {Online {publizierte} Arbeiten {zur} Linguistik},
  url       = {https://nbn-resolving.org/urn:nbn:de:bsz:mh39-349},
}

@Article{pullum1988,
  author  = {Pullum, Geoffrey K.},
  journal = {Natural Language \& Linguistic Theory},
  title   = {Citation etiquette beyond thunderdome},
  year    = {1988},
  number  = {4},
  pages   = {579--588},
  volume  = {6},
  doi     = {10.1007/BF00134494},
}

@Book{rapp1997,
  author    = {Rapp, Irene},
  publisher = {Stauffenburg},
  title     = {Partizipien und semantische {Struktur}: {Zu} passivischen {Konstruktionen} mit dem 3. {Status}},
  year      = {1997},
  address   = {Tübingen},
  number    = {54},
  series    = {Studien {zur} {deutschen} Grammatik},
}

@Article{rapp1996,
  author  = {Irene Rapp},
  journal = {Zeitschrift für Sprachwissenschaft},
  title   = {Zustand? {Passiv}? {Überlegungen} zum sogenannten „{Zustandspassiv}“},
  year    = {1996},
  number  = {2},
  pages   = {231--265},
  volume  = {15},
  doi     = {10.1515/zfsw.1996.15.2.231},
}

@InCollection{rapp2013,
  author    = {Irene Rapp and Wöllstein, Angelika},
  booktitle = {Satztypen des {Deutschen}},
  publisher = {De Gruyter},
  title     = {Satzwertige \emph{zu}-{Infinitivkonstruktionen}},
  year      = {2013},
  address   = {Berlin},
  editor    = {Meibauer, Jörg and Steinbach, Markus and Hans Altmann},
  pages     = {338--355},
  doi       = {10.1515/9783110224832.338},
}

@Article{reis1976,
  author  = {Marga Reis},
  journal = {Beiträge zur Geschichte der deutschen Sprache und Literatur},
  title   = {Zum grammatischen {Status} der {Hilfsverben}},
  year    = {1976},
  pages   = {64--82},
  volume  = {98},
  doi     = {10.1515/bgsl.1976.1976.98.64},
}

@InCollection{reis2005,
  author    = {Marga Reis},
  booktitle = {{Deutsche Syntax: Empirie und Theorie}},
  publisher = {Acta Universitatis Gothoburgensis},
  title     = {Zur {Grammatik} der sog. „{Halbmodale}“ \emph{drohen/versprechen} + {Infinitiv}},
  year      = {2005},
  address   = {Göteborg},
  editor    = {D'Avis, Franz Josef},
  number    = {46},
  series    = {Göteborger Germanistische Forschungen},
  url       = {http://hdl.handle.net/10900/47028},
}

@InCollection{rothstein2007,
  author    = {Björn Rothstein},
  booktitle = {Kopulaverben und {Kopulasätze}: {Intersprachliche} und intrasprachliche {Aspekte}},
  publisher = {Niemeyer},
  title     = {Einige {Bemerkungen} zum {Partizip II} in \emph{Das {Pferd} hat die {Fesseln} bandagiert}},
  year      = {2007},
  address   = {Tübingen},
  editor    = {Ljudmila Geist and Björn Rothstein},
  number    = {512},
  pages     = {285--298},
  series    = {Linguistische Arbeiten},
  doi       = {10.1515/9783110938838.285},
}

@Article{rothstein2007a,
  author  = {Björn Rothstein},
  journal = {Deutsche Sprache},
  title   = {Die {Syntax} von {Fügungen} des {Typs} \emph{kam gefahren}},
  year    = {2007},
  number  = {2},
  pages   = {159--172},
  volume  = {35},
  doi     = {10.37307/j.1868-775X.2007.02.05},
}

@Article{rothstein2011,
  author  = {Björn Rothstein},
  journal = {Zeitschrift für germanistische Linguistik},
  title   = {Zur temporalen {Interpretation} von {Fügungen} des {Typs} \emph{sie kamen gelaufen}},
  year    = {2011},
  number  = {3},
  pages   = {356--376},
  volume  = {39},
  doi     = {10.1515/zgl.2011.027},
}

@Article{sapir1917,
  author                   = {Sapir, Edward},
  journal                  = {International Journal of American Linguistics},
  title                    = {Review of {C.C. Uhlenbeck}: {Het} Passieve Karakter van het Verbum Transitivum of van het Verbum Actionis in Talen van {Noord-Amerika}},
  year                     = {1917},
  number                   = {1},
  pages                    = {82--86},
  volume                   = {1},
  url                      = {https://www.jstor.org/stable/1263405},
}

@InCollection{sauerland1994,
  author    = {Sauerland, Uli},
  booktitle = {Verb Classes and Alternations in {Bangla}, {German}, {English}, and {Korean}},
  publisher = {MIT},
  title     = {German diathesis and verb morphology},
  year      = {1994},
  address   = {Cambridge, MA},
  editor    = {Jones, Douglas A.},
  number    = {1517},
  pages     = {50--68},
  series    = {AI Memo},
  url       = {http://hdl.handle.net/1721.1/7197},
}

@Book{schallert2014,
  author    = {Schallert, Oliver},
  publisher = {Stauffenburg},
  title     = {Zur {Syntax} der {Ersatzinfinitivkonstruktion}: {Typologie} und {Variation}},
  year      = {2014},
  address   = {Tübingen},
  number    = {87},
  series    = {Studien {zur deutschen} Grammatik},
}

@PhdThesis{schafer2007,
  author = {Schäfer, Florian},
  school = {Universität Stuttgart},
  title  = {On the nature of anticausative morphology: {External} arguments in change-of-state contexts},
  year   = {2007},
  doi    = {10.18419/opus-5245},
}

@Article{scheibl2006,
  author  = {Scheibl, György},
  journal = {Deutsche Sprache},
  title   = {Aktiv, {Passiv} und {Antipassiv}: {Argumentale Reorganisation} im {Deutschen}},
  year    = {2006},
  number  = {4},
  pages   = {354--382},
  volume  = {34},
  doi     = {10.37307/j.1868-775X.2006.04.05},
}

@InCollection{schlucker2007,
  author    = {Barbara Schlücker},
  booktitle = {Kopulaverben und {Kopulasätze}: {Intersprachliche} und intrasprachliche {Aspekte}},
  publisher = {Niemeyer},
  title     = {\emph{Bleiben}: {Eine} unterspezifizierte {Kopula}},
  year      = {2007},
  address   = {Tübingen},
  editor    = {Ljudmila Geist and Björn Rothstein},
  number    = {512},
  pages     = {141--164},
  series    = {Linguistische Arbeiten},
  doi       = {10.1515/9783110938838.141},
}

@Book{schmid2005,
  author    = {Schmid, Tanja},
  publisher = {Benjamins},
  title     = {Infinitival Syntax: {Infinitivus} Pro Participio as a repair strategy},
  year      = {2005},
  address   = {Amsterdam},
  number    = {79},
  series    = {Linguistics Today},
  doi       = {10.1075/la.79},
}

@MastersThesis{schwarz2004,
  author = {Schwarz, Christian},
  school = {LMU München},
  title  = {Die \emph{tun}-{Periphrase} im {Deutschen}},
  year   = {2004},
  url    = {https://nbn-resolving.org/urn:nbn:de:bsz:25-opus-17597},
}

@InCollection{seiler1973,
  author    = {Seiler, Hansjakob},
  booktitle = {Issues in Linguistics: {Papers} in honor of {Henry and Renée Kahane}},
  publisher = {University of Illinois Press},
  title     = {On the semanto-syntactic configuration `{Possessor} of an {Act}'},
  year      = {1973},
  address   = {Urbana, Ill.},
  editor    = {Kachru, Braj B.},
}

@Article{silverstein1972,
  author  = {Silverstein, Michael},
  journal = {Language},
  title   = {Chinook jargon: {Language} contact and the problem of multi-level generative systems, {I}},
  year    = {1972},
  number  = {2},
  pages   = {378--406},
  volume  = {48},
  url     = {https://www.jstor.org/stable/412141},
}

@Article{smirnova2016,
  author  = {Elena Smirnova},
  journal = {Beiträge zur Geschichte der deutschen Sprache und Literatur},
  title   = {Die {Entwicklung} des deutschen \emph{zu}-{Infinitivs}: {Eine} {Korpusstudie}},
  year    = {2016},
  number  = {4},
  pages   = {491--523},
  volume  = {138},
  doi     = {10.1515/bgsl-2016-0039},
}

@InCollection{speyer2018a,
  author    = {Speyer, Augustin},
  booktitle = {Clause Structure and Word Order in the History of {German}},
  publisher = {Oxford University Press},
  title     = {The {ACI} construction in the history of {German}},
  year      = {2018},
  address   = {Oxford},
  editor    = {Jäger, Agnes and Ferraresi, Gisella and Weiß, Helmut},
  number    = {28},
  pages     = {324--347},
  series    = {Oxford Studies in Diachronic and Historical Linguistics},
  doi       = {10.1093/oso/9780198813545.003.0017},
}

@InCollection{stathi2010,
  author    = {Stathi, Katerina},
  booktitle = {Grammaticalization: {Current} views and issues},
  publisher = {Benjamins},
  title     = {Is {German} \emph{gehören} an auxiliary? {The} grammaticalization of the construction \emph{gehören} + participle {II}},
  year      = {2010},
  address   = {Amsterdam},
  editor    = {Stathi, Katerina and Gehweiler, Elke and König, Ekkehard},
  number    = {119},
  pages     = {323--342},
  series    = {Studies in Language Companion Series},
  doi       = {10.1075/slcs.119.17sta},
}

@PhdThesis{steinbach1998,
  author  = {Steinbach, Markus},
  school  = {Humboldt-Universität zu Berlin},
  title   = {Middles in {German}},
  year    = {1998},
  address = {Berlin},
  doi     = {10.18452/14603},
}

@Book{stiebels1996,
  author    = {Barbara Stiebels},
  publisher = {Akademie Verlag},
  title     = {Lexikalische {Argumente} und {Adjunkte}: {Zum} semantischen {Beitrag} von verbalen {Präfixen} und {Partikeln}},
  year      = {1996},
  address   = {Berlin},
  number    = {39},
  series    = {Studia Grammatica},
  doi       = {10.1515/9783050072319},
}

@Book{stopp1957,
  author    = {Frederick John Stopp},
  publisher = {University Tutorial Press},
  title     = {A manual of modern {German}},
  year      = {1957},
  address   = {London},
}

@Book{storch1978,
  author    = {Storch, Günther},
  publisher = {Vieweg},
  title     = {Semantische {Untersuchungen} zu den inchoativen {Verben} im {Deutschen}},
  year      = {1978},
  address   = {Braunschweig},
  number    = {9},
  series    = {Schriften {zur} Linguistik},
  doi       = {10.1007/978-3-322-86211-2},
}

@Book{stotzel1970,
  author    = {Stötzel, Georg},
  publisher = {Hueber},
  title     = {Ausdruckseite und {Inhaltsseite} der {Sprache}: {Methodenkritische} {Studien} am {Beispiel} der deutschen {Reflexivverben}},
  year      = {1970},
  address   = {München},
  number    = {3},
  series    = {Linguistische Reihe},
}

@InCollection{strecker2017,
  author     = {Strecker, Bruno},
  booktitle  = {Grammatik in {Fragen} und {Antworten}},
  publisher  = {Leibniz-Institut für Deutsche Sprache},
  title      = {Behelfe ich mir oder mich? {Kasus} des {Reflexivums} bei \textit{behelfen}},
  year       = {2017},
  url        = {https://grammis.ids-mannheim.de/fragen/4248},
}

@PhdThesis{strobl2007,
  author = {Strobel, Sven},
  school = {Universität Stuttgart},
  title  = {Die {Perfektauxiliarselektion} des {Deutschen}: {Ein} lexikalistischer {Ansatz} ohne {Unakkusativität}},
  year   = {2008},
  doi    = {10.18419/opus-5257},
}

@Article{szatmari2002,
  author  = {Szatmári, Petra},
  journal = {Jezikoslovlje},
  title   = {\emph{Das gehört nicht vom {Tisch} gewischt…}: {Überlegungen} zu einem modalen {Passiv} und dessen {Einordnung} ins {Passiv-Feld}},
  year    = {2002},
  number  = {1–2},
  pages   = {171--192},
  volume  = {3},
  url     = {https://hrcak.srce.hr/31351},
}

@InCollection{thieroff2007,
  author    = {Rolf Thieroff},
  booktitle = {Kopulaverben und {Kopulasätze}: {Intersprachliche} und intrasprachliche {Aspekte}},
  publisher = {Niemeyer},
  title     = {\emph{sein}: {Kopula}, {Passiv-} und/oder {Tempus-Auxiliar}?},
  year      = {2007},
  address   = {Tübingen},
  editor    = {Ljudmila Geist and Björn Rothstein},
  number    = {512},
  pages     = {165--180},
  series    = {Linguistische Arbeiten},
  doi       = {10.1515/9783110938838.165},
}

@Book{uhlig1883,
  author                   = {Uhlig, Gustavus},
  publisher                = {Teubner},
  title                    = {Dionysii Thracis Ars Grammatici},
  year                     = {1883},
  address                  = {Leipzig},
  series                   = {Grammatici Graeci},
  volume                   = {1},
}

@InCollection{van-valin2004,
  author                   = {Van Valin, Robert Detrick Jr.},
  booktitle                = {Semantische {Rollen}},
  publisher                = {Narr},
  title                    = {Semantic macroroles in Role and Reference grammar},
  year                     = {2004},
  address                  = {Tübingen},
  editor                   = {Kailuweit, Rolf and Hummel, Martin},
  pages                    = {62--82}
}

@InCollection{vogel2007,
  author    = {Vogel, Petra M.},
  booktitle = {Kopulaverben und {Kopulasätze}: {Intersprachliche} und intrasprachliche {Aspekte}},
  publisher = {De Gruyter},
  title     = {\emph{Anna ist essen!} {Neue} {Überlegungen} zum {Absentiv}},
  year      = {2007},
  address   = {Berlin},
  editor    = {Ljudmila Geist and Björn Rothstein},
  number    = {512},
  pages     = {253--284},
  series    = {Linguistische Arbeiten},
  doi       = {10.1515/9783110938838.253},
}

@InCollection{weber2005,
  author    = {Weber, Heinrich},
  booktitle = {De lingua et litteris: {Studia} in honorem {Casimiri Andreae Sroka}},
  publisher = {Wydawnictwo Uniwersytetu Gdanskiego},
  title     = {Strukurverben im {Deutschen}},
  year      = {2005},
  address   = {Gdansk},
  editor    = {Stanulewicz, Danuta and Kalisz, Roman and Kürschner, Wilfried and Klaus, Cäcilia},
  url       = {http://hdl.handle.net/10900/46469},
}

@Book{welke2011,
  author    = {Welke, Klaus},
  publisher = {De Gruyter},
  title     = {Valenzgrammatik des {Deutschen}: {Eine} {Einführung}},
  year      = {2011},
  address   = {Berlin},
  series    = {De Gruyter Studium},
  doi       = {10.1515/9783110254198},
}

@InCollection{wiemer2007,
  author    = {Wiemer, Björn and Vladimir P. Nedjalkov},
  booktitle = {Reciprocal constructions},
  publisher = {Benjamins},
  title     = {Reciprocal and reflexive constructions in {German}},
  year      = {2007},
  address   = {Amsterdam},
  editor    = {Vladimir P. Nedjalkov},
  number    = {71},
  pages     = {455--512},
  series    = {Typological Studies in Language},
  doi       = {10.1075/tsl.71.17wie},
}

@Book{wiese1996,
  author    = {Richard Wiese},
  publisher = {Oxford University Press},
  title     = {The phonology of {German}},
  year      = {1996},
  address   = {Oxford},
  series    = {The Phonology of the World's Languages},
}

@Article{wiskandt2022,
  author  = {Wiskandt, Niklas},
  journal = {Germanistische Werkstatt},
  title   = {Paul ärgert sich, nervt sich aber nicht: {Semantische} {Merkmale} deutscher {Objekt-Experiencer-Verben} und ihr {Einfluss} auf {Antikausativkonstruktionen}},
  year    = {2022},
  pages   = {245--259},
  volume  = {11},
  doi     = {10.25167/pg.4685},
}

@Article{wunderlich1985,
  author  = {Wunderlich, Dieter},
  journal = {Linguistische Berichte},
  title   = {Über die {Argumente} des {Verbs}},
  year    = {1985},
  pages   = {183--227},
  volume  = {97},
}

@Article{wunderlich1987,
  author     = {Wunderlich, Dieter},
  journal    = {Linguistics},
  title      = {An investigation of lexical composition: {The} case of {German} \emph{be-} verbs},
  year       = {1987},
  number     = {2},
  pages      = {283--331},
  volume     = {25},
  bdsk-url-1 = {https://doi.org/10.1515/ling.1987.25.2.283},
  doi        = {10.1515/ling.1987.25.2.283},
}

@InCollection{wunderlich1993,
  author    = {Wunderlich, Dieter},
  booktitle = {Syntax: {Ein} internationales {Handbuch} zeitgenössischer {Forschung}},
  publisher = {de Gruyter Mouton},
  title     = {Diathesen},
  year      = {1993},
  address   = {Berlin},
  editor    = {Joachim Jacobs and Arnim von Stechow and Wolfgang Sternefeld and Theo Vennemann},
  number    = {9/1},
  pages     = {730--747},
  series    = {HSK},
  doi       = {10.1515/9783110095869.1.12.730},
}

@Article{wunderlich1997,
  author  = {Wunderlich, Dieter},
  journal = {Journal of Semantics},
  title   = {Argument extension by lexical adjunction},
  year    = {1997},
  pages   = {95--142},
  volume  = {14},
  doi     = {10.1093/jos/14.2.95},
}

@InCollection{wunderlich2015,
  author     = {Wunderlich, Dieter},
  booktitle  = {Word-Formation: {An} International Handbook of the Languages of {Europe}},
  publisher  = {de Gruyter Mouton},
  title      = {Valency-changing word-formation},
  year       = {2015},
  address    = {Berlin},
  editor     = {Müller, Peter O. and Ohnheiser, Ingeborg and Olsen, Susan and Rainer, Franz},
  number     = {40/2},
  pages      = {1424--1466},
  series     = {HSK},
  bdsk-url-1 = {https://doi.org/10.1515/9783110246278-039},
  doi        = {10.1515/9783110246278-039},
}

@Book{wurmbrand2003,
  author    = {Susanne Wurmbrand},
  publisher = {De Gruyter Mouton},
  title     = {Infinitives: {Restructuring} and Clause Structure},
  year      = {2003},
  address   = {Berlin},
  number    = {55},
  series    = {Studies in Generative Grammar},
  doi       = {10.1515/9783110908329},
}

@InCollection{ziegler2010,
  author    = {Ziegler, Arne},
  booktitle = {Kodierungstechniken im {Wandel}: {Das} {Zusammenspiel} von {Analytik} und {Synthese} im {Gegenwartsdeutschen}},
  publisher = {De Gruyter},
  title     = {\emph{Er erwartet sich nur das {Beste}}: {Reflexivierungstendenz} und {Ausbau} des {Verbalparadigmas} in der österreichischen {Standardsprache}},
  year      = {2010},
  editor    = {Bittner, Dagmar and Livio, Gaeta},
  pages     = {67--81},
  doi       = {10.1515/9783110228458.67},
}

@Book{zifonun2003,
  author    = {Zifonun, Gisela},
  publisher = {Institut für Deutsche Sprache},
  title     = {Grammatik des {Deutschen} im europäischen {Vergleich}: {Das} {Pronomen}. {Teil II}: {Reflexiv- und Reziprokpronomen}},
  year      = {2003},
  address   = {Mannheim},
  number    = {1/03},
  series    = {Arbeitspapiere {und} Materialien {zur deutschen} Sprache},
  url       = {https://nbn-resolving.org/urn:nbn:de:bsz:mh39-15840},
}

@Book{zuniga2019,
  author    = {Fernando Zúñiga and Seppo Kittilä},
  publisher = {Cambridge University Press},
  title     = {Grammatical Voice},
  year      = {2019},
  address   = {Cambridge},
  series    = {Cambridge Textbooks in Linguistics},
  doi       = {10.1017/9781316671399},
  keywords  = {own copy},
}

@Book{malchukov2015a,
  editor     = {Malchukov, Andrej and Comrie, Bernard},
  publisher  = {De Gruyter Mouton},
  title      = {Valency Classes in the World's Languages},
  year       = {2015},
  address    = {Berlin},
  bdsk-url-1 = {https://doi.org/10.1515/9783110338812},
  doi        = {10.1515/9783110338812},
}

@Book{schumacher1986,
  editor    = {Helmut Schumacher},
  publisher = {De Gruyter},
  title     = {Verben in {Feldern}: {Valenzwörterbuch} zur {Syntax} und {Semantik} deutscher {Verben}},
  year      = {1986},
  address   = {Berlin},
  number    = {1},
  series    = {{Schriften des Instituts für deutsche Sprache}},
  doi       = {10.1515/9783110861853},
}


@InCollection{geist2016,
  author    = {Geist, Ljudmila and Hole, Daniel},
  booktitle = {Proceedings of {Sinn} und {Bedeutung} 20},
  publisher = {University of Tübingen},
  title     = {Theta-head binding in the {German} locative alternation},
  year      = {2016},
  editor    = {Bade, Nadine and Berezovskaya, Polina and Schöller, Anthea},
  pages     = {270--287},
  doi       = {10.18148/sub/2016.v20i0.263},
}

@Article{harris1957,
  author  = {Harris, Zellig S.},
  journal = {Language},
  title   = {Co-Occurrence and Transformation in Linguistic Structure ({Presidential} address to the {Linguistic Society of America} 1955)},
  year    = {1957},
  number  = {3},
  pages   = {283--340},
  volume  = {33},
  doi     = {10.2307/411155},
}

@InCollection{haspelmath2013a,
  author     = {Haspelmath, Martin and Baumann, Luisa},
  booktitle  = {Valency Patterns},
  publisher  = {Max Planck Institute for Evolutionary Anthropology},
  title      = {German valency patterns},
  year       = {2013},
  address    = {Leipzig},
  editor     = {Hartmann, Iren and Haspelmath, Martin and Taylor, Bradley},
  url        = {http://valpal.info/languages/german},
}

@Book{hooste2018,
  author    = {Koen Van Hooste},
  publisher = {Düsseldorf University Press},
  title     = {Instruments and Related Concepts at the Syntax-Semantics Interface},
  year      = {2018},
  number    = {5},
  series    = {Dissertations in Language and Cognition},
  doi       = {10.1515/9783110720365},
}

@Article{janic2010,
  author  = {Janic, Katarzyna},
  journal = {Annual Meeting of the Berkeley Linguistics Society},
  title   = {On the Reflexive-Antipassive Polysemy: {Typological} Convergence from Unrelated Languages},
  year    = {2010},
  number  = {1},
  pages   = {158--173},
  volume  = {36},
  doi     = {10.3765/bls.v36i1.3909},
}

@InCollection{konig2009,
  author    = {König, Svenja},
  booktitle = {Konstruktionelle {Varianz} bei {Verben}},
  publisher = {Institut für Deutsche Sprache},
  title     = {\emph{Alle sind {Deutschland} ... {außer} {Fritz Eckenga} – der ist einkaufen!} {Der Absentiv} in der deutschen {Gegenwartssprache}},
  year      = {2009},
  address   = {Mannheim},
  editor    = {Edeltraud Winkler},
  number    = {4/2009},
  pages     = {42--74},
  series    = {Online {publizierte} Arbeiten {zur} Linguistik},
  url       = {https://nbn-resolving.org/urn:nbn:de:bsz:mh39-349},
}
