@book{langsci-current-book, editor = {Brigitte Pakendorf and Fran√ßoise Rose}, title = {{Fillers}}, subtitle = {{Hesitatives and placeholders}},year = {2025}, series = {Research on Comparative Grammar}, number = {5}, location = {Berlin}, publisher = {Language Science Press}, options = {dataonly=true} } 
