@book{langsci-current-book, editor = {Hannah Gibson and Rozenn Gu√©rois and Gastor Mapunda and Lutz Marten}, title = {{Morphosyntactic variation in East African Bantu languages}}, subtitle = {{Descriptive and comparative approaches}},year = {2024}, series = {Contemporary African Linguistics}, number = {8}, location = {Berlin}, publisher = {Language Science Press}, options = {dataonly=true} } 
