@incollection{Amfo2007,
    auhtor = {Amfo, Nana Aba Appiah},
    year ={2007},
    title = {Akan Demonstratives},
    booktitle = {Selected proceedings of the 37th {Annual Conference on African Linguistics}},
    editor = {Doris L. Payne and Jaime Peña},
    publisher = {Cascadilla Proceedings Project},
    address = {Somerville, MA},
    pages = {134--148},
}

@unpublished{vanderWal2016,
	author = {{van der Wal}, Jenneke},
	note = {Paper presented at ACAL 47, UC Berkeley, 23--26 March 2016},
	title = {Two curious gaps and one wrong analysis for {{Bantu}} object marking parameters},
	year = {2016}
}

@unpublished{LippardEtAl2021,
	author = {Lippard, Hannah and Justine Sikuku and Crisófia {Langa da Câmara} and Madelyn Colantes and Jackson Kuzmik and Michael Diercks},
	note = {Paper presented at Miratives and evidentiality in Bantu online workshop},
	title = {Emphatic Interpretations of Object Marking in {{Lubukusu}} and {Cinyungwe}},
	year = {2021}
}

@unpublished{Karwemera2013,
	address = {Kabale},
	author = {Karwemera, Festo},
	note = {Unpublished ms.},
	title = {Oshwera Abuuza},
	year = {2013}
}

@unpublished{HeusingerEtAl2008,
	author = {{von Heusinger}, Klaus and Udo Klein and Peter {de Swart}},
	note = {Paper presented at Workshop on Case Variation, Stuttgart, June 2008},
	title = {Variation in differential object marking},
	year = {2008}
}

@unpublished{Guérois2018,
	author = {Guérois, Rozenn},
	note = {Ms. University of Ghent},
	title = {Passive constructions},
	year = {2018}
}

@unpublished{Floor1998,
	author = {Floor, Sebastian},
	note = {Ms., SIL Nampula},
	title = {Confirmative demonstratives},
	year = {1998}
}

@unpublished{Aissen2002,
	author = {Aissen, Judith},
	note = {Ms. University of California, Santa Cruz},
	title = {Differential Object Marking: {Iconicity} vs Economy},
	year = {2002}
}

@phdthesis{Waweru2005,
	address = {Nairobi},
	author = {Waweru, Martin},
	school = {Kenyatta University},
	title = {Gikuyu verbal extensions: {A} minimalist analysis},
	year = {2005}
}

@phdthesis{Valinande1984,
	address = {Washington DC},
	author = {Valinande, Nzama K.},
	school = {Georgetown University},
	title = {The structure of {{Kinande}}},
	year = {1984}
}

@phdthesis{Taji2017,
	address = {Dar es Salaam},
	author = {Taji, Julius},
	school = {University of Dar es Salaam},
	title = {The Morphosyntactic and Semantic Properties of Grammatical Relations in {Chiyao}},
	year = {2017}
}

@phdthesis{Scotton1967,
	address = {Madison, WI},
	author = {Scotton, Carol},
	school = {University of Wisconsin},
	title = {Aspects of the {{Swahili}} extended verb system with special reference to some deep structure syntactic and semantic restrictions},
	year = {1967}
}

@phdthesis{Rugemalira1993runyambo,
	address = {Berkeley, CA},
	author = {Rugemalira, Josephat M.},
	school = {University of California},
	title = {Runyambo verb extensions and constraints on argument structure},
	year = {1993}
}

@phdthesis{Olson1964,
	address = {Hartford},
	author = {Olson, Howard},
	school = {The Hartford Seminary Foundation},
	title = {The phonology and morphology of {Rimi}},
	year = {1964}
}

@phdthesis{Novotna2005,
	address = {St. John's},
	author = {Novotná, Jana},
	publisher = {Memorial University of Newfoundland},
	sortname = {Novotna, Jana},
	title = {A grammar of {Ndamba}},
	year = {2005}
}

@phdthesis{Ngwasi2021,
	address = {Gothenburg},
	author = {Ngwasi, Lengson},
	school = {University of Gothenburg},
	title = {The Multiple Functions of the Reflexive Prefix in {{Hehe}}, {Sukuma}, {Nilamba}, and {Nyaturu}},
	year = {2021}
}

@phdthesis{Ngunga1997,
	address = {Berkeley, CA},
	author = {Ngunga, Armindo},
	school = {University of California at Berkeley},
	title = {Lexical Phonology and Morphology of the {Ciyao} Verb System},
	year = {1997}
}

@phdthesis{Ngoboka2016,
	address = {Durban},
	author = {Ngoboka, Jean Paul},
	school = {University of KwaZulu-Natal},
	title = {Locatives in {{Kinyarwanda}}},
	year = {2016}
}

@phdthesis{Ndomba2017,
	address = {Dublin},
	author = {Ndomba, Rodrick G.},
	school = {University College Dublin},
	title = {The structure and derivation of the determiner phrase in {{Kiswahili}}},
	year = {2017}
}

@phdthesis{Mwamzandi2014,
	address = {Arlington, TX},
	author = {Mwamzandi, Mohamed Y.},
	title = {Swahili word order choices: {I}nsights from information structure},
	school = {University of Texas at Arlington},
	year = {2014}
}

@phdthesis{Muzale1998,
	author = {Muzale, Henry R. T.},
	school = {Memorial University of Newfoundland},
	title = {A reconstruction of the {Proto-Rutaran} tense/aspect system},
	year = {1998}
}

@phdthesis{Muriungi2008,
	address = {Tromsø},
	author = {Muriungi, Peter},
	school = {University of Tromsø},
	title = {Phrasal movement inside {{Bantu}} verbs: {{A}}ffix scope and order in {Kĩĩtharaka}},
	year = {2008}
}

@phdthesis{Mtenje2016,
	author = {Mtenje, Atikonda},
	school = {University of Cape Town},
	title = {A comparative analysis of the Phonology and Morpho-syntax of {Cisukwa}, {Cindali} and {Cilambya}},
	year = {2016}
}

@phdthesis{Morrison2011,
	address = {Houston, TX},
	author = {Morrison, Michelle Elizabeth},
	school = {Rice University},
	title = {A reference grammar of {Bena}},
	year = {2011}
}

@phdthesis{Mohanan1982,
	address = {Cambridge, MA},
	author = {Mohanan, Karuvannur Puthanveettil},
	school = {Massachusetts Institute of Technology},
	title = {Lexical Phonology},
	year = {1982}
}

@phdthesis{Mkude1974,
	address = {London},
	author = {Mkude, Daniel J.},
	school = {University of London},
	title = {A study of {Kiluguru} syntax with special reference to the transformational history of sentences with permuted subject and object},
	year = {1974}
}

@phdthesis{Mallya2016,
	address = {Sellenbosch},
	author = {Mallya, Aurelia},
	school = {Stellenbosch University},
	title = {Argument realization, causation and event semantics in {Kiwoso}},
	year = {2016}
}

@phdthesis{Makanjila2019,
	address = {Stellenbosch},
	author = {Makanjila, Dominick},
	school = {Stellenbosch University},
	title = {The internal syntax of the {Chimakonde} determiner phrase},
	year = {2019}
}

@phdthesis{Lusekelo2012,
	address = {Gaborone},
	author = {Lusekelo, Amani},
	school = {University of Botswana},
	title = {Inflectional and derivational morphology in optimality theory: {Multiple} object-nouns and co-occurrence of verbal extensions in {Kinyakyusa}},
	year = {2012}
}

@phdthesis{Kula2002phd,
	address = {Leiden},
	author = {Kula, Nancy},
	school = {University of Leiden},
	title = {The Phonology of Verbal Derivation in {{Bemba}}},
	year = {2002}
}

@phdthesis{Kim1999,
	address = {Newark, DE},
	author = {Kim, Meesook},
	school = {University of Delaware},
	title = {A Cross-Linguistic Perspective on the Acquisition of Locative Verbs},
	year = {1999}
}

@phdthesis{Khumalo2007,
	address = {Oslo},
	author = {Khumalo, Langa},
	school = {University of Oslo},
	title = {An analysis of the {{Ndebele}} passive construction},
	year = {2007}
}

@phdthesis{Khamis1985,
	address = {Honolulu, HI},
	author = {Khamis, Abdu},
	school = {University of Hawaii},
	title = {{{Swahili}} verb derivation},
	year = {1985}
}

@phdthesis{Iorio2015,
	address = {Newcastle},
	author = {Iorio, David Edy},
	school = {University of Newcastle},
	title = {Subject and object marking in {{Bembe}}},
	year = {2015}
}

@phdthesis{Gunnink2018,
	author = {Gunnink, Hilde},
	school = {Ghent University},
	title = {A Grammar of {{Fwe}}: {A} {{Bantu}} Language of {{Zambia}} and {{Namibia}}},
	year = {2018}
}

@phdthesis{Gibson2012,
	address = {London},
	author = {Gibson, Hannah},
	title = {Auxiliary placement in {Rangi}: {A} {Dynamic Syntax} perspective},
	school = {SOAS, University of London},
	year = {2012}
}

@phdthesis{Eastman1967,
	address = {Madison, WI},
	author = {Eastman, Carol},
	school = {University of  Wisconsin},
	title = {An Investigation of verbal extensions in {{Kenya}} coastal dialects of {{Swahili}} with special emphasis on {{KiM}vita}},
	year = {1967}
}

@phdthesis{Dewees1971,
	address = {Madison, WI},
	author = {Dewees, John William},
	school = {University of Wisconsin},
	title = {The role of syntax in the occurrence of the initial vowel in {{Luganda}} and some other {{Bantu}} languages},
	year = {1971}
}

@phdthesis{Chabata2007,
	address = {Oslo},
	author = {Chabata, Emmanuel},
	school = {University of Oslo},
	title = {The {{Nambya}} verb with special emphasis on the causative},
	year = {2007}
}

@phdthesis{Buell2005,
	address = {Los Angeles, CA},
	author = {Buell, Leston},
	school = {University of California},
	title = {Issues in {{Zulu}} verbal morpho-syntax},
	year = {2005}
}

@phdthesis{Asiimwe2014,
	address = {Stellenbosch},
	author = {Asiimwe, Allen},
	school = {Stellenbosch University of South Africa},
	title = {Definiteness and specificity in {Runyankore-Rukiga}},
	url = {http://hdl.handle.net/10019.1/95926},
	urldate = {2015-03-16},
	year = {2014}
}

@misc{Zeller2017,
	author = {Zeller, Jochen},
	note = {Unpublished ms.},
	title = {Locatives in {{Bantu}}},
	url = {http://www.jzeller.de/pdf/Loc.pdf},
	urldate = {2017-07-24},
	year = {2017}
}

@misc{WorkingPapers 2015,
	author = {Working Papers },
	title = {-003},
	url = {http://www.sil.org/resources/publications/entry/61479},
	year = {2015}
}

@misc{Ngunga2000,
	address = {Stanford, CA},
	author = {Ngunga, Armindo},
	publisher = {CSLI Publications},
	title = {Phonology and Morphology of the {Ciyao} Verb},
	year = {2000}
}

@misc{GuéroisEtAl2017,
	author = {Guérois, Rozenn and Hannah Gibson and Lutz Marten},
	doi = {10.5281/zenodo.3958997},
	ids = {GuéroisMarten2017},
	note = {Report produced as part of {Leverhulme} project “Morphosyntactic Variation in Bantu: Typology, contact and change”},
	title = {Parameters of {{Bantu}} morphosyntactic variation: {Draft} master list},
	year = {2017}
}

@misc{DomKulikov2019,
	address = {Bantu reflexives},
	author = {Dom, Sebastian and Kulikov, Leonid},
	note = {Paper presented at the 52 Annual Meeting of the Societas Linguistica Europaea, Leipzig University (German)},
	title = {A comparative case-study of the {{Kikongo}} Language Cluster},
	year = {2019}
}

@misc{Dimitriadis2004,
	author = {Dimitriadis, Alexis},
	note = {Ms., Utrecht Institute of Linguistics, Utrecht},
	title = {Discontinuous reciprocals},
	url = {https://staticweb.hum.uu.nl/medewerkers/alexis.dimitriadis/papers/discon-long-ms04.pdf},
	year = {2004}
}

@misc{Chebanne1993,
	author = {Chebanne, Andy M.},
	note = {Paper presented at the 24th {Annual Conference on African Linguistics. Columbus, Ohio}},
	title = {The imbrication of suffixes in {{Setswana}}},
	year = {1993}
}

@mastersthesis{Salzman2005,
	address = {Zurich},
	author = {Salzmann, Martin David},
	school = {University of Zurich},
	title = {Theoretical Approaches to Locative Inversion},
	year = {2005}
}

@mastersthesis{Ngwasi2016,
	address = {Dar es Salaam},
	author = {Ngwasi, Lengson},
	school = {University of Dar es Salaam},
	title = {Reflexive marking in {Kihehe}},
	year = {2016}
}

@mastersthesis{Mushi2005,
	address = {Dar es Salaam},
	author = {Mushi, C.},
	school = {University of Dar es Salaam},
	title = {Verbal derivational in {Kikibosho}},
	year = {2005}
}

@mastersthesis{Msamba2013,
	address = {Dar es Salaam},
	author = {Msamba, Enitha},
	school = {University of Dar es Salaam},
	title = {Object marking in {Kihehe}},
	year = {2013}
}

@mastersthesis{Mpalanzi2010,
	address = {Dar es Salaam},
	author = {Mpalanzi, Lameck},
	school = {University of Dar es Salaam},
	title = {An analysis of tense and aspect system in {Kihehe}: {A} case of affirmative and negative construction},
	year = {2010}
}

@mastersthesis{Moses2018,
	address = {Dar es Salaam},
	author = {Moses, Godian},
	school = {University of Dar es Salaam},
	title = {Are highland {{{Luguru}}} and lowland {{{Luguru}}} distinct dialects?},
	year = {2018}
}

@mastersthesis{Mcha1979,
	address = {Dar es Salaam},
	author = {Mcha, Yohana},
	school = {University of Dar es Salaam},
	title = {The locative in {Vunjo}},
	year = {1979}
}

@mastersthesis{Mbope2016,
	address = {Dar es Salaam},
	author = {Mbope, Ngusubila},
	school = {University of Dar es Salaam},
	title = {The pre-prefix in {Kinyakyusa}},
	year = {2016}
}

@mastersthesis{Mallya2011,
	address = {Dar es Salaam},
	author = {Mallya, Aurelia},
	school = {University of Dar es Salaam},
	title = {Locative expressions in {Kiwoso}},
	year = {2011}
}

@mastersthesis{Khamis1972,
	address = {York},
	author = {Khamis, Abdu},
	school = {University of York},
	title = {A consideration of grammatical roles in {{Swahili}}},
	year = {1972}
}

@mastersthesis{Ismail2000,
	address = {Dar es Salaam},
	author = {Ismail, Joseph Hokororo},
	school = {University of Dar es Salaam},
	title = {Aspects of {Makua} Phonology: {The} Case of {Meto} Variety},
	year = {2000}
}

@mastersthesis{Haonga2013,
	address = {Dar es Salaam},
	author = {Haonga, Ernest},
	school = {University of Dar es Salaam},
	title = {Lahaja za {Kihehe}: {Mtazamo} wa kiisimu},
	year = {2013}
}

@mastersthesis{Chaula1989,
	address = {Dar es Salaam},
	author = {Chaula, Edigio Hangaika Yamligile},
	school = {University of Dar es Salaam},
	title = {Aspects of {Ki-Bena} phonology: {The} case of {Ki-Mavemba} Variety},
	year = {1989}
}

@mastersthesis{Balestrieri2017,
	author = {Balestrieri, Fiona Agnes},
	school = {SOAS University of London},
	title = {An analysis of {Swahili} lexical borrowings into {Shambala, Nyamwezi, and Haya}: 1880s to present},
	year = {2017}
}

@inproceedings{Marten2012,
	address = {Cologne},
	author = {Marten, Lutz},
	booktitle = {Proceedings of the 6th {World Congress of {African} Linguistics (Cologne 2009)}},
	editor = {Matthias Brenzinger and Anne-Maria Fehn},
	pages = {433--443},
	publisher = {Köppe},
	title = {Agreement in locative phrases in {{Luganda}}},
	year = {2012}
}

@inproceedings{Kula2002,
	author = {Kula, Nancy},
	booktitle = {{Papers in Linguistics of the {University of {Manchester}, Proceedings of the Ninth Postgraduate Conference in Linguistics 25 October 2000}}},
	editor = {Hiietam, Katrin and Christa Schubert},
	pages = {53--63},
	title = {On the modified base in {{Bemba}}},
	year = {2000}
}

@inproceedings{Jerro2018,
	address = {Berlin},
	author = {Jerro, Kyle},
	booktitle = {{The Selected Proceedings of the 45th {Annual Conference on {African} Linguistics: {{A}}frican Linguistics on the Prairie}}},
	editor = {Jason Kandybowicz and Travis Major and Harold Torrence},
	pages = {3--20},
	publisher = {Language Science Press},
	title = {Linguistic complexity: {A} case study from {{Swahili}}},
	year = {2018}
}

@inproceedings{Bresnan1997,
	address = {Berkeley, CA},
	author = {Bresnan, Joan},
	booktitle = {Proceedings of the {Twenty-Third Annual Meeting of the {Berkeley} Linguistics Society}: {Special Session on Syntax and Semantics in {Africa}}},
	editor = {Ashlee C. Bailey and Kevin E. Moore and Jeri L. Moxley},
	pages = {26--46},
	publisher = {Berkeley Linguistics Society},
	title = {The Emergence of the Unmarked Pronoun: {{C}}hichewa Pronominals in {Optimality Theory}},
	year = {1997}
}

@inproceedings{Bokamba1975,
	address = {Lawrence},
	author = {Bokamba, Eyamba},
	booktitle = {{Proceedings of the 1975 {{Mid-America} Linguistics Conference}}},
	editor = {Frances Ingemann},
	pages = {38--50},
	publisher = {Linguistics Dept., University of Kansas},
	title = {On the syntax and semantics of derivational verb suffixes in {{Bantu}} languages},
	year = {1975}
}

@inproceedings{Beaudoin-LietzEtAl2004,
	address = {Cologne},
	author = {Beaudoin-Lietz, Christa and Derek Nurse and Sarah Rose},
	booktitle = {Proceedings of the 4th {World Congress of {African} Linguistics, New Brunswick} 2003},
	editor = {Akinbiyi Akinlabi and Oluseye Adesola},
	pages = {175--188},
	publisher = {Köppe},
	title = {Pronominal object marking in {Bantu}},
	year = {2004}
}

@incollection{vanderWal2020,
	address = {Berlin},
	author = {{van der Wal}, Jenneke},
	booktitle = {Agree to {Agree}: {Agreement} in the {Minimalist} {Programme}},
	doi = {10.5281/zenodo.3541755},
	editor = {Hartmann, Katharina and Johannes Mursell and Peter W. Smith},
	number = {6},
	pages = {199-234},
	publisher = {Language Science Press},
	series = {Open Generative Syntax},
	title = {The {{AWSOM}} correlation in comparative {{Bantu}} object marking},
	year = {2020}
}

@incollection{vanderSpuyForthcoming,
	address = {Oxford},
	author = {van der Spuy, Andrew},
	booktitle = {The {{Oxford}} Guide to the {{Bantu}} Languages},
	editor = {Lutz Marten and Nancy Kula and Jochen Zeller and Ellen Hurst},
	publisher = {Oxford University Press},
	pubstate = {forthcoming},
	title = {A history of research into {{Bantu}} linguistics},
}

@incollection{deHaan2013,
	address = {Leipzig},
	author = {{de Haan}, Ferdinand},
	booktitle = {The World Atlas of Language Structures Online},
	editor = {Matthew S. Dryer and Martin Haspelmath},
	publisher = {Max Planck Institute for Evolutionary Anthropology},
	title = {Semantic Distinctions of Evidentiality},
	url = {http://wals.info/chapter/77},
	urldate = {2019-10-21},
	year = {2013}
}

@incollection{ZellerForthcoming,
	address = {Oxford},
	author = {Zeller, Jochen},
	booktitle = {The {{Oxford}} Guide to the {{Bantu}} Languages},
	editor = {Marten, Lutz and Nancy Kula and Ellen Hurst and Jochen Zeller},
	publisher = {Oxford University Press},
	pubstate = {forthcoming},
	title = {Locatives},
}

@incollection{Zeller2020,
	address = {Oxford},
	author = {Zeller, Jochen},
	booktitle = {The {{Oxford}} Handbook of {{African}} Languages},
	editor = {Rainer Vossen and Gerrit Dimmendaal},
	pages = {66--87},
	publisher = {Oxford University Press},
	title = {Syntax},
	year = {2020}
}

@incollection{Yukawa1989,
	address = {Tokyo},
	author = {Yukawa, Yasutoshi},
	booktitle = {Studies in {{Tanzanian}} Languages},
	editor = {Yukawa, Yasutoshi},
	pages = {223–338},
	publisher = {Research Institute for the Languages and Cultures of Asia and Africa, Tokyo University of Foreign Studies},
	title = {A tonological study of {Machame} verbs},
	year = {1989}
}

@incollection{Wald1998,
	address = {Trenton, NJ},
	author = {Wald, Benji},
	booktitle = {Language History and Linguistic Description in {{Africa}}},
	editor = {Ian Maddieson and Thomas J.  Hinnebusch},
	pages = {95-106},
	publisher = {Africa World Press},
	title = {Issues in the {{North}}/{{South}} syntactic split of {{East}} {{Bantu}}},
	year = {1998}
}

@incollection{Voeltz1980,
	address = {Paris},
	author = {Voeltz, F. K. Erhard},
	booktitle = {L'Expansion bantue},
	editor = {Luc Bouquiaux},
	pages = {487--492},
	publisher = {Centre National de la Research Scientifique},
	title = {The etymology of the {{Bantu}} perfect},
	year = {1980}
}

@incollection{Visser2010,
	address = {Koeln},
	author = {Visser, Marianna},
	booktitle = {{{Bantu}} languages: {{A}}nalysis, description and theory},
	editor = {Legère, Karstens and Christina Thornell},
	pages = {295--314},
	publisher = {Ruediger Koeppe Verlag},
	title = {Definiteness and specificity in {{Xhosa}} determiner phrase},
	year = {2010}
}

@incollection{VandeVelde2019,
	address = {London and New York},
	author = {{Van de Velde}, Mark},
	booktitle = {The {{Bantu}} Languages},
	edition = 2,
	editor = {Van de Velde, Mark and Koen Bostoen and Derek Nurse and Gérard Philippson},
	pages = {237--269},
	publisher = {Routledge},
	title = {Nominal morphology and syntax},
	year = {2019}
}

@incollection{VandeVelde2005,
	address = {Tervuren},
	author = {{Van de Velde}, Mark},
	booktitle = {Studies in {{African}} comparative linguistics with special focus on {{Bantu}} and {{Mande}}},
	editor = {Bostoen, Koen and Maniacky, Jacky},
	pages = {425--441},
	publisher = {Royal Museum for Central Africa},
	title = {The order of noun and demonstrative in {{Bantu}}},
	year = {2005}
}

@incollection{Trudgill2009,
	address = {Oxford},
	author = {Trudgill, Peter},
	booktitle = {Language complexity as an eng variable},
	editor = {Geoffrey Sampson and David Gil and Peter Trudgill},
	pages = {98–109},
	publisher = {Oxford University Press},
	title = {Sociolinguistic typology and complexification},
	volume = {i},
	year = {2009}
}

@incollection{Ssekiryango2006,
	address = {Somerville, MA},
	author = {Ssekiryango, Jackson},
	booktitle = {{Selected Proceedings of the 36th {Annual Conference on {African} Linguistics}}},
	editor = {Arasanyin, Olaoba F. and Michael A. Pemberton},
	pages = {66--74},
	publisher = {Cascadilla Proceedings Project},
	title = {Observations on double object construction in {{Ganda}}},
	year = {2006}
}

@incollection{ShinagawaForthcoming-b,
	address = {Oxford},
	author = {Shinagawa, Daisuke},
	booktitle = {Morphosyntactic Variation in {{Bantu}}},
	editor = {Marten, Lutz and Rozenn Guérois and Hannah Gibson and Eva-Marie Bloom-Ström},
	publisher = {Oxford University Press},
	pubstate = {forthcoming},
	title = {A micro-parametric approach to Focus marking \textit{ní} in {Kilimanjaro {Bantu}} languages},
}

@incollection{ShinagawaForthcoming-a,
	address = {Oxford},
	author = {Shinagawa, Daisuke},
	booktitle = {{Oxford} Guidebook of {{Bantu}} Languages},
	editor = {Marten, Lutz and Nancy Kula and Jochen Zeller and Ellen Hurst},
	publisher = {Oxford University Press},
	pubstate = {forthcoming},
	title = {Chaga languages},
}

@incollection{SchadebergBostoen2019,
	address = {London},
	author = {Schadeberg, Thilo C. and Bostoen, Koen},
	booktitle = {The {{Bantu}} languages},
	edition = 2,
	editor = {Mark {Van de Velde} and Koen Bostoen and Derek Nurse and Gérard Philippson},
	pages = {172--203},
	publisher = {Routledge},
	title = {Word formation},
	year = {2019}
}

@incollection{Schadeberg2003,
	address = {London and New York},
	author = {Schadeberg, Thilo C.},
	booktitle = {The {{Bantu}} languages},
	editor = {Nurse, Derek and Gérard Philippson},
	pages = {71--89},
	publisher = {Routledge},
	title = {Derivation},
	year = {2003}
}

@incollection{Schadeberg1989,
	address = {Paris},
	author = {Schadeberg, Thilo C.},
	booktitle = {{Le} swahili et ses limites: {Ambiguité} des notions reçues},
	editor = {Marie-Françoise Rombi},
	pages = {33--40},
	publisher = {Editions Recherche sur les Civilisations},
	title = {The three relative constructions in {{Swahili} (Kisanifu)}},
	year = {1989}
}

@incollection{Rugemalira2005,
	address = {Dar es Salaam},
	author = {Rugemalira, Josephat M.},
	booktitle = {Occasional Papers in Linguistics},
	editor = {Massamba, David P. B.},
	pages = {38--74},
	publisher = {Languages of Tanzania (LOT) Project, University of Dar es Salaam},
	title = {A Grammatical sketch of {Runyambo}},
	volume = {1},
	year = {2005}
}

@incollection{Rugemalira2004,
	address = {Köln},
	author = {Rugemalira, Josephat M.},
	booktitle = {Proceedings of the 4th {World Congress of {African} Linguistics}},
	editor = {Akinbiyi Akinlabi and Oluseye Adesola},
	pages = {285--295},
	publisher = {Rüdger Köppe},
	title = {Locative Arguments in {{Bantu}}},
	year = {2004}
}

@incollection{Ranero2019,
	address = {Berlin},
	author = {Ranero, Rodrigo},
	booktitle = {{Theory and description in {{{African}}} Linguistics: {Selected papers from the 47th Annual Conference on {{African}} Linguistics}}},
	editor = {Emily Clem and Peter Jenks and Hannah Sande},
	pages = {595--622},
	publisher = {Language Science Press},
	title = {Deriving an object dislocation asymmetry in {{Luganda}}},
	year = {2019}
}

@incollection{Plag2006,
	address = {Oxford},
	author = {Plag, Ingo},
	booktitle = {Encyclopedia of Language and Linguistics},
	edition = 2,
	editor = {Keith Brown},
	pages = {121--128},
	publisher = {Elsevier},
	title = {Productivity},
	year = {2006}
}

@incollection{PhilippsonNurse2000,
	address = {Leiden},
	author = {Philippson, Gérard and Derek Nurse},
	booktitle = {Lugha za {{{Tanzania}}}/{Languages} of {{{Tanzania}}}},
	editor = {Kulikoyela Kahigi and Yared Magori Kihore and Maarten Mous},
	pages = {231-284},
	publisher = {CNWS Publications},
	sortname = {Philippson, Gerard and Derek Nurse},
	title = {{Gweno}: {A} little known language of {{Northern} {Tanzania}}},
	year = {2000}
}

@incollection{PhilippsonMontlahuc2003,
	address = {London},
	author = {Philippson, Gérard and Marie-Laure Montlahuc},
	booktitle = {The {{Bantu}} Languages},
	editor = {Nurse, Derek and Gérard Philippson},
	pages = {475–500},
	publisher = {Routledge},
	sortname = {Philippson, Gerard and Marie-Laure Montlahuc},
	title = {Kilimanjaro {{Bantu}} ({E60} and {E74})},
	year = {2003}
}

@incollection{PetzellAunio2019,
	address = {London \& New York},
	author = {Petzell, Malin and Aunio, Lotta},
	booktitle = {The {{Bantu}} Languages},
	edition = 2,
	editor = {Mark {van de Velde}, Koen Bostoen, Derek Nurse and Gérard Philippson},
	pages = {563–590},
	publisher = {Routledge},
	title = {{{Kami}} {G36}},
	year = {2019}
}

@incollection{Petzell2020,
	author = {Petzell, Malin},
	booktitle = {The semantics of verbal morphology in under-described languages, {Special} issue of Studia Orientalia Electronica},
	editor = {Malin Petzell and Leora Bar-el and Lotta Aunio},
	number = {3},
	pages = {119–133},
	title = {An analysis of the verbal formative \textit{tsa} in {{Luguru}}},
	volume = {8},
	year = {2020}
}

@incollection{Petzell2010,
	address = {Köln},
	author = {Petzell, Malin},
	booktitle = {{{Bantu}} languages: {{A}}nalyses, description and theory},
	editor = {Karsten Legère and Christina Thornell},
	pages = {209–216},
	publisher = {Köppe},
	title = {Further analysis of negation in {Kagulu}},
	year = {2010}
}

@incollection{NursePhilippson1980,
	address = {London},
	author = {Nurse, Derek and Philippson, Gérard},
	booktitle = {Language in {{Tanzania}}},
	editor = {Edgar C. Polomé and C. P. Hill},
	pages = {26--67},
	publisher = {Oxford University Press for the International African Institute},
	sortname = {Nurse, Derek and Philippson, Gerard},
	title = {The {{Bantu}} languages of {{East} {Africa}}: {A} lexicostatistical survey},
	year = {1980}
}

@incollection{NurseMuzale1999,
	address = {Stanford, California},
	author = {Nurse, Derek and Henry R. T.  Muzale},
	booktitle = {{{Bantu}} Historical Linguistics: {{T}}heoretical and Empirical Perspectives},
	editor = {Jean-Marie Hombert and Larry M. Hyman},
	pages = {517–544},
	publisher = {Center for the Study of Language and Information},
	title = {Tense and aspect in Great Lakes languages},
	year = {1999}
}

@incollection{NurseDevos2019,
	address = {London \& New York},
	author = {Nurse, Derek and Devos, Maud},
	booktitle = {The {{Bantu}} Languages},
	edition = 2,
	editor = {Mark {van de Velde}, Koen Bostoen, Derek Nurse and Gérard Philippson},
	pages = {173–203},
	publisher = {Routledge},
	title = {Aspect, tense and mood},
	year = {2019}
}

@incollection{Nurse2003b,
	address = {London},
	author = {Nurse, Derek},
	booktitle = {The {{Bantu}} Languages},
	editor = {Nurse, Derek and Gérard Philippson},
	pages = {91–102},
	publisher = {Routledge},
	title = {Aspects and tense in {{Bantu}} languages},
	year = {2003}
}

@incollection{Nurse1981,
	address = {Hamburg},
	author = {Nurse, Derek},
	booktitle = {Studies in the Classification of {{Eastern} {Bantu}} Languages},
	editor = {Hinnebusch, Thomas J. and Derek Nurse and Martin Mould},
	pages = {127–180},
	publisher = {Helmut Buske Verlag},
	title = {{Chaga-Taita}},
	year = {1981}
}

@incollection{Nicolle2016,
	address = {Berlin},
	author = {Nicolle, Steve},
	booktitle = {Diversity in {{African}} languages},
	editor = {Doris L. Payne, Sara Pacchiarotti and Mokaya Bosire},
	pages = {377–395},
	publisher = {Language Science Press},
	title = {Variation in the expression of information structure in eastern {{Bantu}} languages},
	year = {2016}
}

@incollection{Nicolle2007a,
	address = {Oslo},
	author = {Nicolle, Steve},
	booktitle = {Interpreting Utterances: {Pragmatics} and its Interfaces: {Essays} in Honour of {Thorstein Fretheim}},
	editor = {Nilsen, Randi Alice and Amfo, Nana Aba Appiah and Kaja Borthen},
	pages = {127–146},
	publisher = {Novus},
	title = {Metarepresentational Demonstratives in {Digo}},
	year = {2007}
}

@incollection{NgungaEtAl2016,
	address = {Berlin},
	author = {Ngunga, Armindo and Fábio Bonfim Duarte and Quesler Fagundes Camargo},
	booktitle = {Diversity in {{{African}}} Languages: {Selected} Papers from the 46th {Conference on {{African}} Linguistics}},
	doi = {10.17169/langsci.b121.489},
	editor = {Doris Payne and Sara Pacchiaotti and Mokaya Bosire},
	pages = {334--353},
	publisher = {Language Science Press},
	sortname = {Ngunga, Armindo and Fabio Bonfim Duarte and Quesler Fagundes Camargo},
	title = {Differential Object Maring in {Mozambican} Languages},
	year = {2016}
}

@incollection{Nedjalkov2007,
	address = {Amsterdam},
	author = {Nedjalkov, Vladimir P.},
	booktitle = {Reciprocal constructions},
	editor = {Vladimir P Nedjalkov},
	pages = {3--113},
	publisher = {John Benjamins},
	title = {Overview of the research: {{D}}efinition of terms, framework, and related issues},
	year = {2007}
}

@incollection{Moyse-Faurie2008,
	address = {Berlin},
	author = {Moyse-Faurie, Claire},
	booktitle = {Reciprocals and reflexives: {{T}}heoretical and typological explorations},
	editor = {Ekkehard König and Volker Gast},
	pages = {105--168},
	publisher = {Mouton de Gruyter},
	title = {Constructions expressing middle, reflexive and reciprocal situations in some {{Oceanic}} languages},
	year = {2008}
}

@incollection{Moshi1995,
	address = {Trenton NJ},
	author = {Moshi, Lioba},
	booktitle = {Theoretical approaches to {African} linguistics},
	editor = {Akinlabí, Akinbiyi M.},
	pages = {129--145},
	publisher = {Africa World Press},
	title = {Locatives in {Kivunjo-Chaga}},
	year = {1995}
}

@incollection{McLaughlin2009,
	address = {New York},
	author = {McLaughlin, Fiona},
	booktitle = {Introduction to the languages of urban {{Africa}}},
	editor = {Fiona McLaughlin},
	pages = {1--18},
	publisher = {Bloomsbury},
	title = {Introduction to the languages of urban {{Africa}}},
	year = {2009}
}

@incollection{Marten2010,
	address = {Amsterdam},
	author = {Marten, Lutz},
	booktitle = {Continuity and Change in Grammar},
	editor = {Breitbarth, Anne and Christopher Lucas and Sheila Watts and David Willis},
	pages = {249--267},
	publisher = {Benjamins},
	title = {The great {siSwati} locative shift},
	year = {2010}
}

@incollection{Marten2003,
	address = {Köln},
	author = {Marten, Lutz},
	booktitle = {Actes du 3e {Congrès Mondial de Linguistique Africaine, Lome}, 2000},
	editor = {Lébikaza, Kézié},
	pages = {207--221},
	publisher = {Köppe},
	title = {The dynamics of {{Bantu}} applied verbs: {An} analysis at the syntax-pragmatics interface},
	year = {2003}
}

@incollection{MarloOdden2019,
	address = {London \& New York},
	author = {Marlo, Michael R. and Odden, David},
	booktitle = {The {{Bantu}} Languages},
	edition = 2,
	editor = {Mark {van de Velde}, Koen Bostoen, Derek Nurse and Gérard Philippson},
	pages = {150–171},
	publisher = {Routledge},
	title = {Tone},
	year = {2019}
}

@incollection{Lichtenberk2000,
	address = {Amsterdam},
	author = {Lichtenberk, Frantisek},
	booktitle = {Reciprocals: {{F}}orms and functions},
	editor = {Zygmunt Frajzyngier and S. Traci Curl},
	pages = {31--62},
	publisher = {John Benjamins},
	title = {Reciprocals Without reflexives},
	volume = {2},
	year = {2000}
}

@incollection{Levinson2004,
	address = {Oxford},
	author = {Levinson, Stephen C.},
	booktitle = {The Handbook of Pragmatics},
	editor = {Laurence R. Horn and Gergory Ward},
	pages = {97--121},
	publisher = {Blackwell},
	title = {Deixis},
	year = {2004}
}

@incollection{Legère2005,
	address = {Amsterdam, Philadelphia},
	author = {Legère, Karsten},
	booktitle = {Studies in {{African}} linguistic typology},
	editor = {Erhard F. K. Voeltz},
	pages = {251--262},
	publisher = {John Benjamins},
	sortname = {Legere, Karsten},
	title = {Preprefix or not -- that is the question},
	year = {2005}
}

@incollection{KulaMarten2010,
	address = {Cologne},
	author = {Kula, Nancy and Lutz Marten},
	booktitle = {{Bantu} Languages: {Analyses}, Description and Theory},
	editor = {Karsten Legere and Christina Thornell},
	number = {20},
	pages = {115--130},
	publisher = {Rüdiger Köppe},
	series = {East African Languages and Dialects},
	title = {Argument Structure and Agency in {{Bemba}} Passives},
	year = {2010}
}

@incollection{Kula2001,
	address = {Leiden},
	author = {Kula, Nancy},
	booktitle = {{Surface} Syllable Structure and Segment Sequencing},
	editor = {Elisabeth Hume and Norval Smith and Jeroen {van de Weijer}},
	number = {4},
	pages = {102--116},
	publisher = {Holland Institute of Generative Linguistics (HIL)},
	series = {HIL Occassional Papers},
	title = {Imbrication in {{Bemba}}},
	year = {2001}
}

@incollection{Kisseberth2003,
	address = {London},
	author = {Kisseberth, Charles},
	booktitel = {The {Bantu} Languages},
	booktitle = {{Makhuwa}},
	editor = {Nurse, Derek and Gérard Philippson},
	pages = {547--565},
	publisher = {Routledge},
	title = {{Makhuwa}},
	year = {2003}
}

@incollection{Kiparsky1985,
	address = {Cambridge},
	author = {Kiparsky, Paul},
	booktitle = {Phonology Yearbook},
	editor = {Colin Ewen and John Anderson},
	pages = {83--136},
	publisher = {Cambridge University Press},
	title = {Some consequences of Lexical Phonology},
	volume = {2},
	year = {1985}
}

@incollection{Kiparsky1982,
	address = {Seoul},
	author = {Kiparsky, Paul},
	booktitle = {Linguistics in the Morning Calm: {Selected} Papers from {{SICOL}}-1981},
	editor = {{The Linguistic Society of Korea}},
	pages = {3--91},
	publisher = {Hanshin Publishing},
	title = {Lexical Phonology and Morphology},
	year = {1982}
}

@incollection{KießlingEtAl2007,
	address = {Cambridge},
	author = {Kießling, Roland and Maarten Mous and Derek Nurse},
	booktitle = {A Linguistic Geography of {{Africa}}},
	doi = {10.1017/CBO9780511486272.007.},
	editor = {Bernd Heine and Derek Nurse},
	ids = {KiesslingEtAl2007},
	pages = {186--227},
	publisher = {Cambridge University Press},
	sortname = {Kiessling, Roland and Maarten Mous and Derek Nurse},
	title = {The {{Tanzanian} Rift Valley} area},
	year = {2007}
}

@incollection{Katamba2003,
	address = {London},
	author = {Katamba, Francis X.},
	booktitle = {The {{Bantu}} languages},
	editor = {Derek Nurse and Gérard Philippson},
	pages = {103--120},
	publisher = {Routledge},
	title = {{{Bantu}} nominal morphology},
	year = {2003}
}

@incollection{Kamper2006,
	address = {Budapest},
	author = {Kamper, Gergely},
	booktitle = {The Even Yearbook},
	editor = {László Varga},
	publisher = {Department of English Linguistics, Eötvös Loránd University},
	series = {ELTE SEAS Working Papers in Linguistics},
	title = {Differential Object Marking},
	url = {http://seas3.elte.hu/delg/publications/even/2006/06ka.pdf},
	volume = {7},
	year = {2006}
}

@incollection{Kahigi2005,
	address = {Dar es Salaam},
	author = {Kahigi, Kulikoyela},
	booktitle = {{LOT} Occasional Papers in Linguistics},
	editor = {Massamba, David P. B.},
	pages = {117--154},
	publisher = {University of Dar es Salaam},
	title = {The {Sisumbwa} Noun: {{I}}ts Classes and Derivation},
	volume = {1},
	year = {2005}
}

@incollection{Kagaya1989,
	address = {Tokyo},
	author = {Kagaya, Ryohei},
	booktitle = {Gengogaku Daijiten},
	editor = {Kamei, Takashi and Rokurō Kôno and Eiichi Chino},
	pages = {826–831},
	publisher = {Sanseidō},
	series = {The {Sansiedo} Encyclopedia of Linguistics},
	title = {{Chaga}-go (The {Chaga} language)},
	volume = {2},
	year = {1989}
}

@incollection{HymanKatamba1993,
	address = {Stanford},
	author = {Hyman, Larry M. and Francis X. Katamba},
	booktitle = {Theoretical aspects of {{Bantu}} grammar},
	editor = {Sam Mchombo},
	pages = {209--256},
	publisher = {CSLI, Stanford University},
	title = {The augment in {{Luganda}: {{S}}}yntax or pragmatics?},
	year = {1993}
}

@incollection{HymanDuranti1982,
	address = {New York},
	author = {Hyman, Larry M. and Alessandro Duranti},
	booktitle = {Syntax and Semantics: {S}tudies in transitivity},
	editor = {Paul J. Hopper and Sandra A. Thompson},
	pages = {217--239},
	publisher = {Academic Press},
	title = {On the object relation in {{Bantu}}},
	year = {1982}
}

@incollection{Hyman2007,
	address = {Somerville MA},
	author = {Hyman, Larry  M.},
	booktitle = {{Selected Proceedings of the 37th {Annual Conference on {African} Linguistics}}},
	editor = {Doris L. Payne and Jaime Peña},
	pages = {149--163},
	publisher = {Cascadilla Proceedinsg Project},
	title = {{Niger}-{{Congo}} verb extensions: {Overview} and discussion},
	year = {2007}
}

@incollection{Hyman2002,
	address = {Dordrecht},
	author = {Hyman, Larry M.},
	booktitle = {Yearbook of Morphology 2002},
	editor = {Geert Booij and Jaap {van Marle}},
	pages = {245--281},
	publisher = {Kluwer},
	title = {Suffix Ordering in {{Bantu}}: {A} morphocentric approach},
	year = {2002}
}

@incollection{Humphreys1999,
	address = {Oxford},
	author = {Humphreys, R. L.},
	booktitle = {Concise encyclopedia of grammatical categories},
	editor = {Brown, Keith and Jim Miller},
	pages = {391--400},
	publisher = {Elsevier},
	title = {Valency changing alternations},
	year = {1999}
}

@incollection{Hualde1989,
	address = {Dordrecht},
	author = {Hualde, José I.},
	booktitle = {Current approaches to {{African}} linguistics},
	editor = {Paul Newman and Robert D. Botne},
	pages = {179--189},
	publisher = {Foris},
	sortname = {Hualde, Jose I.},
	title = {Double object constructions in {{KiR}imi}},
	volume = {5},
	year = {1989}
}

@incollection{Hopper1991,
	address = {Amsterdam},
	author = {Hopper, Paul J.},
	booktitle = {Approaches to grammaticalization},
	editor = {Elizabeth Closs Traugott and Bernd Heine},
	pages = {17--35},
	publisher = {John Banjamins},
	title = {On some principles of grammaticization},
	volume = {1},
	year = {1991}
}

@incollection{Himmelmann1996,
	address = {Amsterdam},
	author = {Himmelmann, Nikolaus P.},
	booktitle = {Studies in Anaphora},
	editor = {Barbara A. Fox},
	number = {33},
	pages = {203--252},
	publisher = {John Benjamins},
	series = {Typological Studies in Language},
	title = {Demonstratives in narrative discourse: {A} taxonomy of universal uses},
	year = {1996}
}

@incollection{Henderson2006acal,
	address = {Somerville, MA},
	author = {Henderson, Brent},
	booktite = {Selected Proceedings of the 36th {Annual Conference on African Linguistics}},
	booktitle = {Multiple Agreement, Concord and Case Checking in {{Bantu}}},
	editor = {Olaoba F. Arasanyin and Michael A. Pemberton},
	pages = {60--65},
	publisher = {Cascadilla Proceedings Project},
	title = {Multiple Agreement, Concord and Case Checking in {{Bantu}}},
	year = {2006}
}

@incollection{HeineNarrog2009,
	address = {Oxford},
	author = {Heine, Bernd and Narrog, Heiko},
	booktitle = {The {{Oxford}} handbook of linguistic analysis},
	editor = {Bernd Heine and Heiko Narrog},
	pages = {401--423},
	publisher = {Oxford University Press},
	title = {Grammaticalization and linguistic analysis},
	year = {2009}
}

@incollection{HeineMiyashita2008,
	address = {Berlin},
	author = {Heine, Bernd and Miyashita, Hiroyuki},
	booktitle = {Reciprocals and reflexives: {{T}}heoretical and typological explorations},
	editor = {Ekkehard König and Volker Gast},
	pages = {169--224},
	publisher = {Mouton de Gruyter},
	title = {The intersection between reflexives and reciprocals: {{A}} grammaticalization perspective},
	volume = {192},
	year = {2008}
}

@incollection{HeineEtAl1977,
	address = {Berlin},
	author = {Heine, Bernd and Hans Hoff and Rainer Vossen},
	booktitle = {{Zur {{Sprachgeschichte}} und Ethnohistorie in Afrika}},
	editor = {Wilhelm J. G. Möhlig and Franz Rottland and Bernd Heine},
	pages = {57--72},
	publisher = {Reimer},
	title = {{Neuere {{Ergebnisse}} zur Territorialgeschichte des {{Bantu}}}},
	year = {1977}
}

@incollection{HeineDunham2010,
	address = {Cologne},
	author = {Heine, Bernd and Dunham, Margaret},
	booktitle = {{{Bantu}} languages},
	editor = {Karsten Legère and Christina Thornell},
	pages = {31--45},
	publisher = {Rüdiger  Köppe},
	title = {Grammaticalization in {{Bantu}} languages with special reference to {{Swahili}}},
	year = {2010}
}

@incollection{Heine2003,
	address = {Oxford},
	author = {Heine, Bernd},
	booktitle = {The handbook of historical linguistics},
	editor = {Joseph D. Brain and Janda D. Richard},
	pages = {575--601},
	publisher = {Blackwell},
	title = {Grammaticalization},
	year = {2003}
}

@incollection{Heine2000,
	address = {Amsterdam},
	author = {Heine, Bernd},
	booktitle = {Reciprocals: {{F}}orms and functions},
	editor = {Zygmunt Frajzyngier and S. Curl Traci},
	pages = {1--30},
	publisher = {John Benjamins},
	title = {Polysemy involving reflexive and reciprocal markers in {{African}} languages},
	volume = {41},
	year = {2000}
}

@incollection{HaspelmathMüller-Bardey2004,
	address = {Berlin},
	author = {Haspelmath, Martin and Thomas Müller-Bardey},
	booktitle = {Morphology: {An} international handbook on inflection and word formation},
	editor = {Geert Booij and Christian Lehmann and Joachim Mugdan},
	pages = {1130--1145},
	publisher = {Walter de Gruyter},
	sortname = {Haspelmath, Martin and Thomas Muller-Bardey},
	title = {Valence change},
	volume = {2},
	year = {2004}
}

@incollection{Haspelmath2019,
	address = {Berlin},
	author = {Haspelmath, Martin},
	booktitle = {Reflexive constructions in the world's languages},
	editor = {Katarzyna Janic and Nicoletta Puddu and Martin Haspelmath},
	publisher = {Language Science Press},
	pubstate = {forthcoming},
	title = {Comparing reflexive constructions in the world's languages},
}

@incollection{Haspelmath2007,
	address = {Amsterdam},
	author = {Haspelmath, Martin},
	booktitle = {Reciprocal constructions},
	editor = {P. Vladimir Nedjalkov},
	pages = {2087--2115},
	publisher = {John Benjamins},
	title = {Further remarks on reciprocal constructions},
	year = {2007}
}

@incollection{Harford1990,
	address = {Dordrecht},
	author = {Harford, Carolyn},
	booktitle = {Current Approaches to {African} Linguistics},
	doi = {10.1515/9783110884906.137},
	editor = {John P. Hutchison and Victor Manfredi},
	pages = {137--144},
	publisher = {Foris},
	title = {Locative Inversion in {Chishona}},
	volune = {7},
	year = {1990}
}

@incollection{Güldemann2002,
	address = {Amsterdam},
	author = {Güldemann, Tom},
	booktitle = {Reported discourse: {{A}} meeting ground for different linguistic domains},
	editor = {Tom Güldemann and Manfred {von Roncador}},
	pages = {253–288},
	publisher = {John Benjamins},
	sortname = {Guldemann, Tom},
	title = {When ``say'' is not say: {{T}}he functional versatility of the {{Bantu}} quotative marker with special reference to {{Shona}}},
	year = {2002}
}

@incollection{GuéroisEtAlToAppear,
	address = {Oxford},
	author = {Guérois, Rozenn and Hannah Gibson and Lutz Marten},
	booktitle = {Current approaches to morphosyntactic variation in {{Bantu}}},
	editor = {{Bloom Ström}, Eva-Marie and Hannah Gibson and Rozenn Guérois and Lutz Marten},
	publisher = {Oxford University Press},
	pubstate = {forthcoming},
	sortname = {Guerois, Rozenn and Hannah Gibson and Lutz Marten},
	title = {A parametric approach to negation in {{Bantu}} languages},
}

@incollection{Greenberg1978,
	address = {Stanford, CA},
	author = {Greenberg, Joseph H.},
	booktitle = {Universals of human language},
	editor = {Greenberg, Joseph H. and Ferguson, Charles A. and Moravcsik, Edith A.},
	pages = {47–82},
	publisher = {Stanford University Press},
	title = {How does a language acquire gender markers?},
	year = {1978}
}

@incollection{Givon1975,
	address = {New York},
	author = {Givon, Talmy},
	booktitle = {Subject and topic},
	editor = {Charles N. Li},
	pages = {149--188},
	publisher = {Academic Press},
	title = {Topic, Pronoun and Grammatical Agreement},
	year = {1975},
}

@incollection{GibsonEtAl2019,
	author = {Gibson, Hannah and Gastor Mapunda and Lutz Marten and Sheena Shah and Julius Taji},
	booktitle = {{{Swahili}} {Forum} 26, {Special Issue ``Variation in {{Swahili}}''}},
	editor = {Daisuke Shinagawa and Nico Nassenstein},
	pages = {142--165},
	title = {Variation in double object marking in {{Swahili}}},
	year = {2019}
}

@incollection{Gerhardt1989,
	address = {Paris},
	author = {Gerhardt, Phyllis},
	booktitle = {Descriptions de langues camerounaises},
	editor = {Daniel Barreteau and Robert Hedinger},
	pages = {315–331},
	publisher = {Agence de Coopération Culturelle et Technique and ORSTOM},
	title = {Les temps en {{Nugunu}}},
	year = {1989}
}

@incollection{Frajzyngier2000,
	address = {Amsterdam},
	author = {Frajzyngier, Zygmunt},
	booktitle = {Reciprocals: {{F}}orms and functions},
	editor = {Zygmunt Frajzyngier and S. Curl Traci},
	pages = {179--194},
	publisher = {John Benjamins},
	title = {Coding of the reciprocal function: {{T}}wo solutions},
	volume = {41},
	year = {2000}
}

@incollection{Fleisch2005,
	address = {Amsterdam},
	author = {Fleisch, Axel},
	booktitle = {Studies in {{African}} Linguistic Typology},
	editor = {Erhard Voeltz},
	pages = {93--111},
	publisher = {John Benjamins},
	title = {Agent phrases in {{Bantu}} passives},
	year = {2005}
}

@incollection{Drolc2000,
	address = {Tübingen},
	author = {Drolc, Ursula},
	booktitle = {{{Probleme} der {Interaktion} von Lexik und Aspekt ({ILA})}},
	editor = {Werner Breu},
	pages = {91--112},
	publisher = {Niemeyer},
	title = {{Zur Typology des Perfekts (am {Beispiel} des {Swahili})}},
	year = {2000}
}

@incollection{Downing2018,
	address = {Berlin},
	author = {Downing, Laura},
	booktitle = {Diachrony of differential argument marking},
	doi = {10.5281/zenodo.1228245},
	editor = {Ilja A. Seržant and Alena Witzlack-Makarevich},
	pages = {41–67},
	publisher = {Language Science Press},
	title = {Differential object marking in {{Chichewa}}},
	year = {2018}
}

@incollection{DomEtAlForthcoming,
	address = {Oxford},
	author = {Dom, Sebastian and Goes, Heidi and Bostoen, Koen},
	booktitle = {Current approaches to morphosyntactic variation in {{Bantu}}},
	editor = {Eva-Marie {Bloom Ström} and Hannah Gibson and Rozenn Guérois and Lutz Marten},
	publisher = {Oxford University Press},
	pubstate = {forthcoming},
	title = {Multiple reciprocity marking in the {{Kikongo}} Language Cluster: {Functional} distribution and origins},
}

@incollection{Dimitriadis2008,
	address = {Berlin},
	author = {Dimitriadis, Alexis},
	booktitle = {Reciprocals and reflexives: {{T}}heoretical and typological explorations},
	editor = {Ekkehard König and Volker Gast},
	pages = {375--410},
	publisher = {Mouton de Gruyter},
	title = {Irreducible symmetry in reciprocal constructions},
	year = {2008}
}

@incollection{Diessel2012,
	address = {Amsterdam},
	author = {Diessel, Holger},
	booktitle = {Grammaticalization and language change: {New} reflections},
	editor = {Kristin Davidse and Tine Breban and Lieselotte Brems and Tanja Mortelmans},
	pages = {37--50},
	publisher = {John Benjamins},
	title = {Bühler’s two-field theory of pointing and naming and the deictic origins of grammatical morphemes},
	year = {2012}
}

@incollection{Dahl2013,
	address = {Newcastle},
	author = {Dahl, Östen},
	booktitle = {Time and {{TAME}} in Language},
	editor = {Karina Veronica Molsing and Ana Maria Tramunt Ibaños},
	pages = {22–52},
	publisher = {Cambridge Scholars Publishing},
	sortname = {Dahl, Osten},
	title = {Tense-aspect-mood-evidentiality ({{TAME}}) and the organization of Human Memory},
	year = {2013}
}

@incollection{Croft2006,
	address = {Malden},
	author = {Croft, William},
	booktitle = {The handbook of the history of {{English}}},
	editor = {Ans {van Kemenade} and Bettelou Los},
	pages = {68--91},
	publisher = {Blackwell},
	title = {Evolutionary models and functional-typological theories of language change},
	year = {2006}
}

@incollection{Bybee2002,
	address = {Amsterdam},
	author = {Bybee, Joan},
	booktitle = {Complex Sentences in Grammar and Discourse: {{{{E}}}}ssays in honor of {Sandra} {A}. {{T}}hompson},
	editor = {Joan Bybee and Michael Noonan},
	pages = {1–17},
	publisher = {John Benjamins},
	title = {Main clauses are innovative, subordinate clauses are conservative: {Consequences} for the nature of constructions},
	year = {2002}
}

@incollection{BresnanMoshi1993,
	address = {Stanford, CA},
	author = {Bresnan, Joan and Lioba Moshi},
	booktitle = {Theoretical Aspects of {{Bantu}} Grammar},
	editor = {Mchombo, Sam},
	pages = {47--91},
	publisher = {CSLI Publications},
	title = {Object Asymmetry in Comparative {{Bantu}} Syntax},
	year = {1993}
}

@incollection{Bresnan2001,
	address = {Cambridge, MA},
	author = {Bresnan, Joan},
	booktitle = {Optimality Theoretic Syntax},
	editor = {Legendre, Géraldine and Sten Vikner and Jane Grimshaw},
	pages = {114--142},
	publisher = {MIT Press},
	title = {Emergence of the Unmarked Pronoun},
	year = {2001}
}

@incollection{BostoenForthcoming,
	address = {Oxford},
	author = {Bostoen, Koen},
	booktitle = {Current Approaches to Morphosyntactic Variation in {{Bantu}}},
	editor = {Bloom Ström, Eva-Marie and Hannah Gibson and Rozenn Guérois and Lutz Marten},
	publisher = {Oxford University Press},
	pubstate = {forthcoming},
	title = {Reflexive-Reciprocal Polysemy in {{South}}-{{Western}} {{Bantu}}: {{D}}istribution, Typology and Origins},
}

@incollection{BeermannAsiimweForthcoming,
	address = {Oxford},
	author = {Beermann, Dorothee and Allen Asiimwe},
	booktitle = {Approaches to Morphosyntactic Variation in {{Bantu}}},
	editor = {Eva-Marie {Bloom Ström} and Rozenn Guérois and Hannah Gibson and Lutz Marten},
	publisher = {Oxford University Press},
	pubstate = {forthcoming},
	title = {Locatives in {Runyankore-Rukiga}},
}

@incollection{Beaudoin-LietzRose2004,
	address = {Cologne},
	author = {Beaudoin-Lietz, Christa, Derek Nurse and Sarah Rose},
	booktitle = {Proceedings of the 4th World Congress of {{African}} Linguistics, New Brunswick 2003},
	editor = {Akinbiyi Akinlabi and Oluseye Adesola},
	pages = {175–188},
	publisher = {Rüdiger Köppe Verlag},
	title = {Pronominal object marking in {{Bantu}}},
	year = {2004}
}

@incollection{Barlew2013,
	address = {Somerville, MA},
	author = {Barlew, Jefferson},
	booktitle = {{Selected Proceedings of the 43rd {Annual Conference on {African} Linguistics}}},
	editor = {Ọlanikẹ Ọla Orie and Karen W. Sanders},
	pages = {115--129},
	publisher = {Casdadilla proceedings Project},
	title = {Point of View in {Mushunguli} Locatives},
	year = {2013}
}

@incollection{Bar-elPetzell2021,
	author = {Bar-el, Leora and Petzell, Malin},
	booktitle = {The role of the lexicon in actionality, {Special} issue of Language Typology and Universals},
	doi = {10.1515/stuf-2021-1044},
	editor = {Thera Marie Crane and Johanna Nichols and Bastian Persohn},
	number = {3--4},
	title = {({Im})perfectivity and actionality in {{East} Ruvu {Bantu}}},
	volume = {74},
	year = {2021}
}

@book{Zawawi1979,
	address = {Leiden},
	author = {Zawawi, Sharifa},
	publisher = {Brill},
	title = {Loan Words and Their Effect on the Classification of {{Swahili}} Nominals},
	year = {1979}
}

@book{Whiteley1969,
	address = {London},
	author = {Whiteley, Wilfred Howell},
	publisher = {Methuen},
	title = {{{Swahili}}: {{T}}he Rise of a National Language},
	year = {1969}
}

@book{Whiteley1966,
	address = {London},
	author = {Whiteley, Wilfred Howell},
	publisher = {Oxford University Press},
	title = {A Study of {Yao} Sentences},
	year = {1966}
}

@book{Vierke2011,
	address = {Zurich},
	author = {Vierke, Clarissa},
	publisher = {LIT},
	title = {On the Poetics of the {Utendi}: {{A}} critical edition of the nineteenth-century {{Swahili}} poem ``Utendi wa Haudaji'' together with a stylistic analysis},
	year = {2011}
}

@book{UgandaBureauofStatistics2014,
	address = {Kampala},
	author = {{Uganda Bureau of Statistics}},
	publisher = {UBOS},
	title = {The 2014 {{Uganda}} population and housing census report},
	year = {2014}
}

@book{Trudgill2011,
	address = {Oxford},
	author = {Trudgill, Peter},
	publisher = {Oxford University Press},
	title = {Sociolinguistic Typology: {{S}}ocial Determinants of Linguistic Complexity},
	year = {2011}
}

@book{Taylor1985,
	address = {London},
	author = {Taylor, Charles},
	publisher = {Croon-Helm},
	seriess = {{C}roon {Helm} Descriptive Grammars},
	title = {{{Nkore-Kiga}}},
	year = {1985}
}

@book{Taylor1891,
	address = {London},
	author = {Taylor, William Ernest},
	note = {Collected, translated and annotated by the Rev. W. E. Taylor},
	publisher = {Society for Promoting Christian Knowledge},
	title = {{{African}} aphorisms or, saws from {{Swahili}}-land},
	year = {1891}
}

@book{Steere1884,
	address = {London},
	author = {Steere, Edward},
	edition = {3},
	publisher = {Society for the Promotion of Christian Knowledge},
	title = {A Handbook of the {{Swahili}} Language as Spoken at {Zanzibar}},
	year = {1884}
}

@book{Steere1870,
	address = {London},
	author = {Steere, Edward},
	publisher = {Bell \& Daldy},
	title = {A Handbook of the {{Swahili}} Language as Spoken at {Zanzibar}},
	year = {1870}
}

@book{SimonsFennig2017,
	address = {Dallas, TX},
	booktitle = {{{Ethnologue}}: {{L}}anguages of the World},
	edition = 20,
	editor = {Simons, Gary F. and Charles D. Fennig},
	publisher = {{SIL} International},
	title = {{{Ethnologue}}: {{L}}anguages of the World},
	url = {http://www.ethnologue.com},
	urldate = {2017-04-04},
	year = {2017}
}

@book{ShinagawaAbe2019,
	address = {Tokyo},
	booktitle = {Descriptive Materials of Morphosyntactic Microvariation in {{Bantu}}},
	editor = {Shinagawa, Daisuke and Yuko Abe},
	publisher = {Research Institute for Languages and Cultures of Asia and Africa, Tokyo University of Foreign Studies},
	title = {Descriptive Materials of Morphosyntactic Microvariation in {{Bantu}}},
	year = {2019}
}

@book{Schadeberg1992,
	address = {Cologne},
	author = {Schadeberg, Thilo C.},
	edition = 3,
	publisher = {Köppe},
	title = {A Sketch of {{Swahili}} Morphology},
	year = {1992}
}

@book{RugemaliraPhanuel2012,
	address = {Dar es Salaam},
	author = {Josephat M. Rugemalira and Benedictor Phanuel},
	number = {2},
	publisher = {Languages of Tanzania (LOT) Project, University of Dar es Salaam},
	series = {LOT publications},
	title = {A Grammatical Sketch of {Kimashami}},
	year = {2012}
}

@book{Rubongoya1999,
	address = {Kӧln},
	author = {Rubongoya, L. T.},
	publisher = {Rüdiger Kӧppe Verlag},
	title = {A Modern {Runyoro-Runtooro} Grammar},
	year = {1999}
}

@book{RoseEtAl2002,
	address = {Munich},
	booktitle = {A Glossary of Terms for {{Bantu}} Verbal Categories, with Special Emphasis on Tense and Aspect},
	editor = {Sarah Rose and Christa Beaudoin-Lietz and Derek Nurse},
	publisher = {Lincom Europa},
	title = {A Glossary of Terms for {{Bantu}} Verbal Categories, with Special Emphasis on Tense and Aspect},
	year = {2002}
}

@book{Rijkhoff2002,
	address = {London},
	author = {Rijkhoff, Jan},
	publisher = {Oxford University Press},
	title = {The noun phrase},
	year = {2002}
}

@book{Riedel2009,
	address = {Leiden},
	author = {Riedel, Kristina},
	publisher = {LOT Publications},
	title = {The syntax of object marking in {{Sambaa}}: {{A}} comparative {{Bantu}} perspective},
	year = {2009}
}

@book{Rehg1981,
	address = {Honolulu},
	author = {Rehg, Kenneth L. and Damian G. Sohl},
	publisher = {University Press of Hawaii},
	title = {{Ponapean} Reference Grammar},
	year = {1981}
}

@book{Petzell2008,
	address = {Köln},
	author = {Petzell, Malin},
	publisher = {Rüdiger Köppe},
	title = {The {Kagulu} language of {{Tanzania}}: {{G}}rammar, texts and vocabulary},
	year = {2008}
}

@book{Persohn2017,
	address = {Berlin},
	author = {Persohn, Bastian},
	publisher = {Language Science Press},
	title = {The verb in {{Nyakyusa}}: {{A}} focus on tense, aspect and modality},
	year = {2017}
}

@book{Payne1997,
	address = {Cambridge},
	author = {Payne, Thomas},
	publisher = {Cambridge University Press},
	title = {Describing morphosyntax: {{A}} guide for field linguists},
	year = {1997}
}

@book{NurseHinnebusch1993,
	address = {Berkeley},
	author = {Nurse, Derek and Thomas J. Hinnebusch},
	publisher = {University of California Press},
	title = {{{Swahili}} and {{Sabaki}}: {{A}} linguistic history},
	year = {1993}
}

@book{Nurse2008,
	address = {Oxford},
	author = {Nurse, Derek},
	publisher = {Oxford University Press},
	title = {Tense and aspect in {{Bantu}}},
	year = {2008}
}

@book{NgungaSimbine2012,
	address = {Maputo},
	author = {Ngunga, Armindo and Madalena C. Simbine},
	title = {Gramática Descritiva da Língua {Changana}},
	number = {V},
	publisher = {Centro de Estudos Africanos (CEA)-UEM},
	series = {Colecção As Nossas Línguas},
	year = {2012}
}

@book{NgungaFaquir2011,
	address = {Maputo},
	author = {Armindo Ngunga and Osvaldo G. Faquir},
	publisher = {Centro de Estudos Africanos (CEA)},
	title = {Padronização da ortografia de {Línguas Moçambicanas}: {Relatório} do {{III}} seminário},
	year = {2011}
}

@book{Ngunga2014,
	address = {Maputo},
	author = {Ngunga, Armindo},
	publisher = {Imprensa Universitária},
	title = {Introdução à Linguística {{Bantu}}},
	year = {2014}
}

@book{Ngunga2002,
	address = {Maputo},
	author = {Ngunga, Armindo},
	publisher = {Universidade Eduardo Mondlane},
	title = {Elementos de Gramatica da Lingua {Yao}},
	year = {2002}
}

@book{Ngonyani2003,
	address = {München},
	author = {Ngonyani, Deo},
	publisher = {Lincom},
	title = {A grammar of {Chingoni}},
	year = {2003}
}

@book{MunongoGrevisse1967,
	address = {Elizabethville},
	author = {Munongo, Antoine Mwenda and Grévisse, Fernand},
	publisher = {CEPSI (Centre d'Etude des Problèmes Sociaux Indigènes)},
	sortname = {Munongo, Antoine Mwenda and Grevisse, Fernand},
	title = {Pages d’histoire {Yeke} (by {Munongo}), followed by {Les Yeke} (by {Grevisse})},
	year = {1967}
}

@book{MulukoziSengo1995,
	address = {Dar es Salaam},
	author = {Mugyabuso M. Mulokozi and Tigiti S. Y. Sengo},
	publisher = {Institute of Swahili Research},
	title = {History of {{Kiswahili}} poetry: {{A}}. {{D}}. 1000--2000},
	year = {1995}
}

@book{Mugumya2010,
	address = {Kabale},
	author = {Mugumya, Levis},
	publisher = {Mwesigwa Mugabi Publications},
	title = {Omuteizi omuri Bungyereza},
	year = {2010}
}

@book{Mugane2015,
	address = {Athens, OH},
	author = {Mugane, John M.},
	publisher = {Ohio University Press},
	title = {The Story of {{Swahili}}},
	year = {2015}
}

@book{Mugane1997,
	address = {Stanford, CA},
	author = {Mugane, John M.},
	publisher = {CSLI (Center for the Study of Language and Information) publications},
	title = {A Paradigmatic Grammar of {Gĩkũyũ}},
	year = {1997}
}

@book{Mubangizi1997,
	address = {Kisubi},
	author = {Mubangizi, K. Benedicto},
	edition = {Memorial Single Volume},
	publisher = {Marianum Press},
	title = {Abagyenda Bareeba},
	year = {1997}
}

@book{Mubangizi1966,
	address = {Kisubi},
	author = {Mubangizi, K. Benedicto},
	publisher = {Marianum Press},
	title = {Nkuganire I},
	year = {1966}
}

@book{Mpiranya2015,
	address = {London and New York},
	author = {Mpiranya, Fidèle},
	publisher = {Routledge},
	sortname = {Mpiranya, Fidele},
	title = {{{Swahili}} Grammar and Workbook},
	year = {2015}
}

@book{MorrisKirwan1972,
	address = {Kampala},
	author = {Morris, Henry Francis and Brian Edmond Renshaw Kirwan},
	publisher = {East African Literature Bureau},
	sortname = {Morris, Henry Francis and Brian Edmond Renshaw Kirwan},
	title = {Runyankore Grammar},
	year = {1972}
}

@book{Morimoto2000,
	address = {Stanford},
	author = {Morimoto, Yukiko},
	publisher = {Stanford University},
	title = {Discourse Configurationality in {{Bantu}} {{Morphosyntax}}},
	year = {2000}
}

@book{Mol1996,
	address = {Lemek},
	author = {Mol, Frans},
	publisher = {Maasai Centre Lemek},
	title = {{{Maasai}} language and culture dictionary},
	year = {1996}
}

@book{Mlacha1995,
	address = {Dar es Salaam},
	booktitle = {{{Kiswahili}} katika {Kanda} ya {Afrika Mashariki}},
	editor = {Mlacha, S. A. K},
	publisher = {Taasisi ya Uchunguzi wa Kiswahili},
	title = {{{Kiswahili}} katika {Kanda} ya {Afrika} {Mashariki}},
	year = {1995}
}

@book{Mkude2005,
	address = {Tokyo},
	author = {Mkude, Daniel J.},
	publisher = {Institute for Languages and Cultures of Asia and Africa},
	title = {The passive construction in {{Swahili}}},
	year = {2005}
}

@book{Miehe1979,
	address = {Berlin},
	author = {Miehe, Gudrun},
	publisher = {Reimer},
	title = {Die {{Sprache}} der älteren {{Swahili}}-{{Dichtung}}: {{P}}honologie und {Morphologie}},
	year = {1979}
}

@book{Meinhof1906,
	address = {Berlin},
	author = {Meinhof, Carl},
	publisher = {Reimer},
	title = {{{Grundzüge}} einer vergleichenden {{Grammatik}} der Bantusprachen},
	year = {1906}
}

@book{Meeussen1969,
	address = {Tervuren},
	author = {Meeussen, Achille E.},
	publisher = {Royal Museum for Central Africa},
	title = {{{Bantu}} lexical Reconstructions},
	year = {1969}
}

@book{Mchombo1993,
	address = {Stanford},
	booktitle = {Theoretical aspects of {{Bantu}} grammar},
	editor = {Mchombo, Sam A.},
	publisher = {CSLI},
	title = {Theoretical aspects of {{Bantu}} grammar},
	year = {1993}
}

@book{McWhorter2011,
	address = {Berlin},
	author = {McWhorter, John},
	publisher = {Mouton de Gruyter},
	title = {Linguistic Simplicity and Complexity: {Why} do Languages Undress?},
	year = {2011}
}

@book{McHugh1999,
	address = {Munich},
	author = {McHugh, Brian David},
	publisher = {Lincom Europa},
	title = {Cyclicity in the Phrasal Phonology of {{KiV}unjo} {Chaga}},
	year = {1999}
}

@book{Mbaabu1978,
	address = {Nairobi},
	author = {Mbaabu, Ireri},
	publisher = {Kenya Literature Bureau},
	title = {{{Kiswahili}}: {{L}}ugha ya taifa},
	year = {1978}
}

@book{Mazrui2007,
	address = {Athens},
	author = {Mazrui, Alamin},
	publisher = {Ohio University Press},
	title = {{{Swahili}} Beyond the Boundaries},
	year = {2007}
}

@book{MartenEtAl2018,
	address = {London},
	author = {Marten, Lutz and Peter Edelsten and Hannah Gibson and Rozenn Guérois},
	publisher = {SOAS University of London},
	sortname = {Marten, Lutz and Peter Edelsten and Hannah Gibson and Rozenn Guerois},
	title = {{{Bantu}} {Morphosyntactic} {Variation} ({{BMV}}) database},
	year = {2018}
}

@book{Marconnes1931,
	address = {Johannesburg},
	author = {Marconnes, Francisque A.},
	number = {5},
	publisher = {Witwatersrand University Press},
	series = {Supplement to Bantu Studies},
	title = {A Grammar of {{{Central}} {Karanga}}: {The} Language of {Old Monomotapa} as at Present Spoken in {{{Central}} Mashonaland, {Southern} {Rhodesia}}},
	year = {1931}
}

@book{MahoSands2002,
	address = {Gothenburg},
	author = {Maho, Jouni Filip and Sands, Bonny},
	publisher = {Acta Universitatis Gothoburgensis},
	title = {The languages of {{Tanzania}}: {{A}} bibliography},
	year = {2002}
}

@misc{Maho2009,
	author = {Maho, Jouni Filip},
	title = {{{NUGL}} Online: {{T}}he online version of the new updated {Guthrie} list, a referential classification of the {{Bantu}} languages},
	url = {https://brill.com/fileasset/downloads_products/35125_Bantu-New-updated-Guthrie-List.pdf},
	urldate = {2013-03-20},
	year = {2009}
}

@book{Maho1999,
	address = {Gothenburg},
	author = {Maho, Jouni Filip},
	publisher = {Acta Universitatis Gothoburgensis},
	title = {A comparative study of {{Bantu}} noun classes},
	year = {1999}
}

@book{MagangaSchadeberg1992,
	address = {Köln},
	author = {Maganga, Clement and Thilo C. Schadeberg},
	publisher = {Rüdiger Köppe},
	title = {Kinyamwezi: {Grammar}, texts, vocabulary},
	year = {1992}
}

@book{Madumula1995,
	address = {Dar es Salaam},
	author = {Madumula, Joseph},
	publisher = {TUKI},
	title = {Proverbs and sayings: {{T}}heory and practice with examples from the {Wahehe} of {{Southern}} {Highlands} of {{Tanzania}}},
	year = {1995}
}

@book{Madan1903,
	address = {Oxford},
	author = {Madan, Arthur Cornwallis},
	publisher = {Clarendon Press},
	title = {{{Swahili}}-{{English}} Dictionary},
	year = {1903}
}

@book{Lyons1999,
	address = {Cambridge},
	author = {Lyons, Christopher},
	publisher = {Cambridge University Press},
	title = {Definiteness},
	year = {1999}
}

@book{Lodhi2000,
	address = {Gothenburg},
	author = {Lodhi, Abdulaziz Y.},
	publisher = {Acta Universitatis Gothoburgensis},
	title = {Oriental Influences in {{Swahili}}: {{A}} study in language and culture contacts},
	year = {2000}
}

@book{LewisEtAl2013,
	address = {Dallas, TX},
	author = {Lewis, Paul M. and Gary Simons and Charles Fennig},
	edition = 17,
	publisher = {SIL International},
	title = {{Ethnologue}: {L}anguages of the world},
	year = {2013}
}

@book{Lewis2009,
	address = {Dallas, TX},
	booktitle = {{{Ethnologue}}: {{L}}anguages of the world},
	edition = 16,
	editor = {Lewis, Paul M.},
	publisher = {SIL International},
	title = {{{Ethnologue}}: {{L}}anguages of the world},
	url = {http://www.ethnologue.com/)},
	urldate = {2011-01-07},
	year = {2009}
}

@book{Levinson1983,
	address = {Cambridge},
	author = {Levinson, Stephen C.},
	publisher = {Cambridge University Press},
	title = {Pragmatics},
	year = {1983}
}

@book{Lehmann1984,
	address = {Tübingen},
	author = {Lehmann, Christian},
	publisher = {Narr},
	title = {{Der Relativsatz: {{T}}ypologie seiner {{Strukturen}}, Theorie seiner Funktionen, {{Kompendium}} seiner {{Grammatik}}}},
	year = {1984}
}

@book{LanguagesofTanzaniaProject2009,
	address = {Dar es Salaam},
	author = {{Languages of Tanzania Project (LOT)}},
	publisher = {Mradi wa Lugha za Tanzania, Chuo Kikuu cha Dar es Salaam},
	shortauthor = {{LOT}},
	sortname = {{Languages of Tanzania Project (LOT)}},
	title = {Atlasi ya lugha za {{Tanzania}}},
	year = {2009}
}

@book{Lambrecht1981,
	address = {Amsterdam},
	author = {Knud Lambrecht},
	publisher = {John Benjamins},
	title = {Topic, Antitopic and Verb Agreement in Non-{Standard} {F}rench},
	year = {1981}
}

@book{LadefogedEtAl1972,
	address = {Nairobi},
	author = {Ladefoged, Peter and Ruth Glick and Clive Cripper},
	publisher = {Oxford University Press},
	title = {Language in {{Uganda}}},
	year = {1972}
}

@book{LOT2009,
	address = {Dar es Salaam},
	author = {{LOT}},
	publisher = {University of Dar es Salaam},
	title = {Atlasi ya lugha za {{Tanzania}}},
	year = {2009}
}

@book{Krumm1940,
	address = {London},
	author = {Krumm, Bernard},
	publisher = {Sheldon Press},
	title = {Words of Oriental Origin in {{Swahili}}},
	year = {1940}
}

@book{Krapf1850,
	address = {Tübingen},
	author = {Krapf, Johann Ludwig},
	publisher = {L.F.Fues},
	title = {Outline of the Elements of the {Kisuáheli} Language with Special Reference to the {Kiníka} Dialect},
	year = {1850}
}

@book{Knappert1967,
	address = {Leiden},
	author = {Knappert, Jan},
	publisher = {Brill},
	title = {Traditional {{Swahili}} Poetry: {An} investigation into the concepts of {{East} {African} Islam} as reflected in the {Utenzi} literature},
	year = {1967}
}

@book{Kioko2005,
	address = {München},
	author = {Kioko, Angelina Nduku},
	publisher = {Lincom Europa},
	title = {Theoretical issues in the grammar of {{Kikamba}}},
	year = {2005}
}

@book{Kemmer1993,
	address = {Amsterdam},
	author = {Kemmer, Suzanne},
	publisher = {John Benjamins},
	title = {The middle voice},
	year = {1993}
}

@book{KatambaStonham2006,
	address = {London},
	author = {Katamba, Francis X. and John Stonham},
	edition = 2,
	publisher = {Macmillan Press},
	title = {Morphology},
	year = {2006}
}

@book{Karwemera1994,
	address = {Kampala},
	author = {Karwemera, Festo},
	publisher = {Fountain Publishers},
	title = {Emicwe n’emigyenzo y’Abakiga},
	year = {1994}
}

@book{Karwemera1975,
	address = {Nairobi,  Kampala \& Dar es Salaam},
	author = {Karwemera, Festo},
	publisher = {East African Literature Bureau},
	title = {Shutama Nkutekyerereze},
	year = {1975}
}

@book{Kahigi2008b,
	address = {Dar es Salaam},
	author = {Kahigi, Kulikoyela},
	number = {11},
	publisher = {Languages of Tanzania (LOT) Project, University of Dar es Salaam},
	series = {Lexicon Series},
	title = {Sisumbwa-{{{{Kiswahili}}}}-{{{{English}}}}/{{{{English}}}}-{Sisumbwa}-{{{{Kiswahili}}}} Dictionary},
	year = {2008}
}

@book{KagayaOlomi2009,
	address = {Tokyo},
	author = {Kagaya, Ryohei and Olomi, Rogati},
	publisher = {Research Institute for Languages and Culture of Asia and Africa (ILCAA), Tokyo University of Foreign Studies},
	title = {A {Kiwoso} vocabulary},
	year = {2009}
}

@book{Kagaya2006,
	address = {Tokyo},
	author = {Kagaya, Ryohei},
	publisher = {Research Institute of Languages and Cultures of Asia and Africa},
	title = {A {Kiw}’oso Vocabulary},
	year = {2006}
}

@book{Johnson1939,
	address = {Oxford},
	author = {Johnson, Frederick},
	publisher = {Oxford University Press},
	title = {A {Standard} {{Swahili}}-{{English}} dictionary},
	year = {1939}
}

@book{HinnebuschEtAl1981,
	address = {Hamburg},
	author = {Hinnebusch, Thomas J. and Derek Nurse and Martin Mould},
	publisher = {Helmut Buske },
	title = {Studies in the classification of {{Eastern}} {{Bantu}} languages},
	year = {1981}
}

@book{Hendle1907,
	address = {Berlin},
	author = {Hendle, P. J.},
	publisher = {Reimer},
	title = {{Die sprache der Wapogoro ({{{{{Deutsch}}}}}-Ostafrika) nebst einem {{{{{Deutsch}}}}}-Chipogoro und Chipogoro-{{{{{Deutsch}}}}}en wörterbuche}},
	year = {1907}
}

@book{HeineReh1984,
	address = {Hamburg},
	author = {Heine, Bernd and Mechthild Reh},
	publisher = {Buske},
	title = {Grammaticalization and Reanalysis in {{African}} Languages},
	year = {1984}
}

@book{HeineKuteva2007,
	address = {Oxford},
	author = {Heine, Bernd and Kuteva, Tania},
	publisher = {Oxford University Press},
	title = {The genesis of grammar: {{A}} reconstruction},
	volume = {9},
	year = {2007}
}

@book{HeineKuteva2002,
	address = {Cambridge},
	author = {Heine, Bernd and Tania Kuteva},
	publisher = {Cambridge University Press},
	title = {World Lexicon of Grammaticalization},
	year = {2002}
}

@book{Heine1993,
	address = {Oxford},
	author = {Heine, Bernd},
	publisher = {Oxford University Press},
	title = {Auxiliaries: {C}ognitive forces and grammaticalization},
	year = {1993}
}

@book{Heath1984,
	address = {Canberra},
	author = {Heath, Jeffrey},
	publisher = {Australian Institute of Aboriginal Studies},
	title = {Functional Grammar of {{Nunggubuyu}}},
	year = {1984}
}

@book{Harris1978,
	address = {London},
	author = {Harris, Martin},
	publisher = {Longman},
	title = {The Evolution of {{French}} Syntax: {A} comparative approach},
	year = {1978}
}

@book{Harries1962,
	address = {Oxford},
	author = {Harries, Lyndon},
	publisher = {Clarendon Press},
	title = {{{Swahili}} Poetry},
	year = {1962}
}

@book{Guérois2015,
	address = {Lyon},
	author = {Guérois, Rozenn},
	publisher = {Université Lyon 2},
	sortname = {Guerois, Rozenn},
	title = {A Grammar of {Cuwabo} ({{Mozambique}}, {{Bantu}} {P34})},
	year = {2015}
}

@book{Guthrie1971,
	address = {London},
	author = {Guthrie, Malcolm},
	publisher = {Gregg International Publishers},
	title = {Comparative {{Bantu}}},
	volume = {2},
	year = {1971}
}

@book{Guthrie1970,
	address = {London},
	author = {Guthrie, Malcolm},
	publisher = {Gregg International Publishers},
	title = {Collected papers in {{Bantu}} linguistics},
	year = {1970}
}

@book{Guthrie1967-1971,
	address = {London},
	author = {Guthrie, Malcolm},
	publisher = {Gregg International},
	title = {Comparative {{{Bantu}}}: {An} introduction to the comparative and prehistory of the {{{Bantu}}} languages},
	volume = {1--4},
	year = {1967--1971}
}

@book{Guthrie1967,
	address = {Farnborough},
	author = {Guthrie, Malcolm},
	publisher = {Greg International Publishers},
	title = {Comparative {{Bantu}}},
	volume = {1},
	year = {1967}
}

@book{Guthrie1948,
	address = {London},
	author = {Guthrie, Malcolm},
	publisher = {Oxford University Press},
	title = {The classification of the {{Bantu}} languages},
	year = {1948}
}

@book{Guillemin2011,
	address = {Amsterdam, Philadelphia},
	author = {Guillemin, Diana},
	publisher = {John Benjamins},
	title = {The Syntax and Semantics of a Determiner System: {{A}} Case Study of {Mauritian} {{Creole}}},
	year = {2011}
}

@book{Grégoire1975,
	address = {Tervuren},
	author = {Grégoire, Claire},
	publisher = {Musée Royal de l’Afrique Centrale},
	sortname = {Gregoire, Claire},
	title = {Les locatifs en bantou},
	year = {1975}
}

@book{Fleisch2000,
	address = {Köln},
	author = {Fleisch, Axel},
	publisher = {Köppe},
	title = {Lucazi Grammar: {A} Morphosemantic Analysis},
	year = {2000}
}

@book{Fillmore1997,
	address = {Stanford, CA},
	author = {Fillmore, Charles J.},
	publisher = {CSLI Publications},
	title = {Lectures on Deixis},
	year = {1997}
}

@book{Felberg1996,
	address = {Dar es Salaam},
	author = {Felberg, Knut},
	publisher = {Mkuki na Nyota Publishers},
	title = {{{{{Nyakyusa}}}}-{{{English}}}-{{Swahili}} and {{{English}}}-{{{{Nyakyusa}}}} dictionary},
	year = {1996}
}

@book{Faltz1985,
	address = {New York},
	author = {Faltz, Leonard},
	publisher = {Garland},
	title = {Reflexivization: {{A}} study in universal syntax},
	year = {1985}
}

@book{EldestenLijongwa2010,
	address = {Cologne},
	author = {Edelsten, Peter and Chiku Lijongwa},
	publisher = {Köppe},
	title = {A Grammatical Sketch of {Chindamba}: {{A}} {{Bantu}} Language ({G52}) of {{Tanzania}}},
	year = {2010}
}

@book{EdelstenLijongwa2010,
	address = {Köln},
	author = {Edelsten, Peter and Lijongwa, Chiku},
	publisher = {Köppe},
	title = {A grammatical sketch of {Chindamba}},
	year = {2010}
}

@book{EberhardEtAl2020,
	address = {Dallas, TX},
	booktitle = {{{Ethnologue}}: {{L}}anguages of the World},
	edition = 23,
	editor = {Eberhard, David M. and Gary, Simons F. and Fenning, Charles D.},
	publisher = {SIL International},
	title = {{{Ethnologue}}: {{L}}anguages of the World},
	url = {http://www.ethnologue.com},
	year = {2020}
}

@book{DuPlessisVisser1992,
	address = {Pretoria},
	author = {{Du Plessis}, Jacobus Albertus and Marianna Visser},
	publisher = {Via Africa},
	title = {{{Xhosa}} Syntax},
	year = {1992}
}

@book{DuPlessisEtAl1992,
	address = {Pretoria},
	author = {{Du Plessis}, Jacobus Albertus and Jan Adriaan {Du Plessis} and Marianna W. Visser},
	publisher = {Via Africa},
	title = {{{Xhosa}} syntax},
	year = {1992}
}

@book{DuPlessisEtAl1978,
	address = {Bellville},
	author = {{Du Plessis}, Jacobus Albertus and Jan Adriaan {Du Plessis} and Eli Golden Mputa},
	publisher = {Via Afrika},
	sortname = {{Du Plessis}, Jacobus Albertus and Jan Adriaan {Du Plessis} and Eli Golden Mputa},
	title = {{{IsiX}}hosa 4},
	year = {1978}
}

@book{DuPlessis1978,
	address = {Bellville},
	author = {{Du Plessis}, Jacobus Albertus},
	publisher = {Via Afrika},
	title = {{{IsiX}hosa} 4},
	year = {1978}
}

@book{Doke1935,
	address = {London},
	author = {Doke, Clement Martyn},
	publisher = {Longmans, Green \& Co},
	title = {{{Bantu}} linguistic terminology},
	year = {1935}
}

@book{Diessel1999,
	address = {Amsterdam},
	author = {Diessel, Holger},
	publisher = {John Benjamins},
	title = {Demonstratives: {{F}}orm function and grammaticalization},
	year = {1999}
}

@book{DicksDollar2010,
	address = {Zomba},
	author = {Ian D. Dicks and Shawn Dollar},
	publisher = {Kachere Series},
	title = {A Practical Guide to the Understanding of {Chiyawo}},
	year = {2010}
}

@book{Derbyshire1985,
	address = {Amsterdam},
	author = {Derbyshire, Desmond C.},
	publisher = {North-Holland},
	title = {Hixkaryana},
	year = {1985}
}

@book{Dahl1985,
	address = {Oxford},
	author = {Dahl, Östen},
	publisher = {Blackwell},
	sortname = {Dahl, Osten},
	title = {Tense and aspect systems},
	year = {1985}
}

@book{Crystal2003,
	address = {Oxford},
	author = {Crystal, David},
	edition = 5,
	publisher = {Blackwell},
	title = {A dictionary of linguistics and phonetics},
	year = {2003}
}

@book{Corbett2006,
	address = {Cambridge},
	author = {Corbett, Greville},
	publisher = {Cambridge University Press},
	title = {Agreement},
	year = {2006}
}

@book{Carlson1994,
	address = {Berlin},
	author = {Carlson, Robert},
	publisher = {Mouton de Gruyter},
	title = {A Grammar of {{Supyire}}},
	year = {1994}
}

@book{Canonici1991,
	address = {Durban},
	author = {Canonici, Noverino},
	publisher = {University of Natal},
	title = {A Manual of Comparative {{Bantu}} Languages},
	year = {1991}
}

@book{BybeeEtAl1994,
	address = {Chicago, IL},
	author = {Joan Bybee and Revere Perkins and William Pagliuca},
	publisher = {The University of {Chicago} Press},
	title = {The Evolution of Grammar},
	year = {1994}
}

@book{Bybee1985,
	address = {Amsterdam},
	author = {Bybee, Joan},
	publisher = {John Benjamins},
	title = {Morphology: {{A}} study of the relation between meaning and form},
	year = {1985}
}

@book{BostoenPacchiarotti2022,
	address = {Berlin},
	booktitle = {On Reconstructing Proto-{{Bantu}} Grammar},
	doi = {10.5281/zenodo.7560553 },
	editor = {Bostoen, Koen and Gilles-Maurice de Schryver and Rozenn Guérois and Sara Pacchiarotti},
	number = {4},
	publisher = {Language Science Press},
	series = {Niger-Congo Comparative Studies},
	sortname = {Bostoen, Koen and Gilles-Maurice de Schryver and Rozenn Guerois and Sara Pacchiarotti},
	title = {On Reconstructing Proto-{{Bantu}} Grammar},
	year = {2022}
}

@book{BostoenEtAl2022,
	address = {Berlin},
	booktitle = {On reconstructing {Proto} {{Bantu}} grammar},
	doi = {10.5281/zenodo.7560553},
	editor = {Bostoen, Koen and de Schryver, Gilles-Maurice and Guérois, Rozenn and Pacchiarotti, Sara},
	number = {4},
	publisher = {Language Science Press},
	series = {Niger-Congo Comparative Studies},
	sortname = {Bostoen, Koen and de Schryver, Gilles-Maurice and Guerois, Rozenn and Pacchiarotti, Sara},
	title = {On reconstructing {Proto} {{Bantu}} grammar},
	year = {2022}
}

@book{Blommaert2014,
	address = {Edinburgh},
	author = {Blommaert, Jan},
	edition = 2,
	publisher = {Edinburgh University Press},
	title = {State Ideology and Language in {{Tanzania}}},
	year = {2014}
}

@book{Bleek1862-69,
	address = {London},
	author = {Bleek, Wilhelm H. I.},
	ids = {Bleek1862},
	publisher = {Trübner},
	title = {A comparative grammar of {{South} {African}} languages},
	year = {1862--1869}
}

@book{Bertoncini1998,
	address = {Leiden},
	author = {{Bertoncini Zúbková}, Elena and Mikhail Gromov and Said Khamis and Kyallo Wamitila},
	edition = 2,
	publisher = {Brill},
	sortname = {{Bertoncini Zubkova}, Elena and Mikhail Gromov and Said Khamis and Kyallo Wamitila},
	title = {Outline of {{Swahili}} Literature},
	year = {2009}
}

@book{Benton1971,
	address = {Honolulu},
	author = {Benton, Richard A.},
	publisher = {University of Hawaii Press},
	title = {{Pangasinan} Reference Grammar},
	year = {1971}
}

@book{Batibo1985,
	address = {Paris},
	author = {Batibo, Herman},
	publisher = {Éditions Recherche sur le civilisations},
	title = {{Le} {Kesukuma} (Langue {{Bantu}} de {Tanzanie}: {Phonologie}, Morphologie},
	year = {1985}
}

@book{Bastin1983,
	address = {Tervuren},
	author = {Bastin, Yvonne},
	number = {114},
	publisher = {Annales du Musée Royal de l’Afrique Centrale},
	series = {Serie in-80, Sciences Humaines},
	title = {{{La}} finale verbale -ide et l’imbrication en bantou},
	year = {1983}
}

@book{Baker1988,
	address = {Chicago},
	author = {Baker, Mark},
	publisher = {University of Chicago Press},
	title = {Incorporation: {A} Theory of Grammatical Function Changing},
	year = {1988}
}

@book{AshtonEtAl1954,
	address = {London, New York and Toronto},
	author = {Ashton, Ethel O. and Enoch M. K. Mulira and E. G. M. Ndawula and Archibald Norman Tucker},
	publisher = {Longmans, Green and Co.},
	title = {A {{Luganda}} grammar},
	year = {1954}
}

@book{Ashton1947,
	address = {London},
	author = {Ashton, Ethel O.},
	edition = 2,
	publisher = {Longman},
	title = {{{Swahili}} grammar},
	year = {1947}
}

@book{AlexiadouEtAl2007,
	address = {Berlin},
	author = {Alexiadou, Artemis and Liliane Haegeman and Melita Stavrou},
	publisher = {Mouton de Gruyter},
	title = {Noun phrase in the generative perspective},
	year = {2007}
}

@article{vanderWal2015,
	author = {{van der Wal}, Jenneke},
	journal = {Revue roumaine de linguistique},
	number = {2--3},
	pages = {277–296},
	title = {{{Bantu}} Object Clitics as Defective Goals},
	url = {http://dspace.bcu-iasi.ro/handle/123456789/15858},
	volume = {60},
	year = {2015}
}

@article{vanderWal2010,
	author = {{van der Wal}, Jenneke},
	journal = {Africana Linguistica},
	pages = {183--213},
	title = {Functions of demonstratives in {{Makhuwa}} narratives},
	volume = {16},
	year = {2010}
}

@article{vanderSpuy2014,
	author = {van der Spuy, Andrew},
	journal = {Transactions of the Philological Society},
	number = {1},
	pages = {61--79},
	title = {The morphology of the {{Zulu}} locative},
	volume = {112},
	year = {2014}
}

@article{ZellerNgoboka2018,
	author = {Jochen Zeller and Jean Paul Ngoboka},
	journal = {African Languages and Linguistics},
	number = {1},
	pages = {65–106},
	title = {Agreement with locatives in {{Kinyarwanda}}: {{A}} comparative analysis},
	volume = {39},
	year = {2018}
}

@article{ZellerNgoboka2015,
	author = {Zeller, Jochen and Jean Paul Ngoboka},
	journal = {Transactions of the Philological Society},
	number = {2},
	pages = {206–231},
	title = {On parametric variation in {{Bantu}}, with particular reference to {{Kinyarwanda}}},
	volume = {113},
	year = {2015}
}

@article{Zeller2014,
	author = {Zeller, Jochen},
	journal = {Linguistische Berichte},
	pages = {347--367},
	title = {Three types of object marking in {{Bantu}}},
	volume = {239},
	year = {2014}
}

@article{Zeller2013,
	author = {Zeller, Jochen},
	journal = {Linguistics},
	number = {6},
	pages = {1107-1146},
	title = {Locative inversion in {{Bantu}} and predication},
	volume = {51},
	year = {2013}
}

@article{Zeller2012,
	author = {Zeller, Jochen},
	doi = {10.2989/16073614.2012.737600},
	journal = {Southern African Linguistics and Applied Language Studies},
	number = {2},
	pages = {219--235},
	title = {Object marking in {isiZulu}},
	volume = {30},
	year = {2012}
}

@article{Yoneda2010,
	author = {Yoneda, Nobuko},
	journal = {African Study Monographs},
	number = {3},
	pages = {139--148},
	title = {``{Swahilization}'' of Ethnic Languages in {{Tanzania}}: {{T}}he Case of {Matengo}},
	volume = {31},
	year = {2010}
}

@article{Whiteley1955,
	author = {Whiteley, Wilfred Howell},
	journal = {Journal of the East African Swahili Committee},
	pages = {10--39},
	title = {Kimvita: {An} inquiry into dialectal status and characteristics},
	volume = {25},
	year = {1955}
}

@article{Wald1973,
	author = {Wald, Benji},
	journal = {Studies in African Linguistics},
	number = {3},
	pages = {237–268},
	title = {Syntactic change in the lake languages of {{Northeast}} {{Bantu}}},
	volume = {4},
	year = {1973}
}

@article{Visser2008,
	author = {Visser, Marianna},
	journal = {South African Journal of African Languages},
	number = {1},
	pages = {11–29},
	title = {Definiteness and specificity in the {isiXhosa} determiner phrase},
	volume = {28},
	year = {2008}
}

@article{Visser2002,
	author = {Visser, Marianna},
	journal = {South African Journal of African Languages},
	number = {4},
	pages = {280--293},
	title = {The category {{DP}} in {{Xhosa}} and {{Northern}} {{Sotho}}},
	volume = {22},
	year = {2002}
}

@article{TajiMreta2017,
	author = {Taji, Julius and Abel Mreta},
	journal = {Journal of Linguistics and Language in Education},
	number = {1},
	pages = {19--41},
	title = {The Structure of a Noun Phrase in {Shimwela}},
	volume = {11},
	year = {2017}
}

@article{Taji2020verb,
	author = {Taji, Julius},
	doi = {10.2989/16073614.2020.1859942},
	journal = {Southern African Linguistics and Applied Language Studies},
	number = {4},
	pages = {351--365},
	title = {Verb stem influence on object marking in {Chiyao}},
	volume = {38},
	year = {2020}
}

@article{Taji2020,
	author = {Taji, Julius},
	journal = {Ghana Journal of Linguistics},
	number = {2},
	pages = {44--64},
	title = {Definiteness in {Chiyao}},
	volume = {9},
	year = {2020}
}

@article{Swadesh1952,
	author = {Swadesh, Morris},
	journal = {Proceedings of the American Philosophical Society},
	pages = {452--463},
	title = {Lexico-statistical dating of prehistoric ethnic contacts: {{W}}ith special reference to {{North}} {{American}} {{Indians}} and {Eskimos}},
	volume = {96},
	year = {1952}
}

@article{Stucky1976,
	author = {Stucky, Susan U.},
	journal = {Studies in Linguistic Sciences},
	number = {2},
	pages = {174--202},
	title = {Locatives as Objects in {Tshiluba}: {A} Function of Transitivity},
	volume = {6},
	year = {1976}
}

@article{Stegen2002,
	author = {Stegen, Oliver},
	journal = {Studies in African Linguistics},
	number = {1/2},
	pages = {129--154},
	title = {Derivational processes in {Rangi}},
	volume = {31},
	year = {2002}
}

@article{Stappers1967,
	author = {Stappers, Leo},
	journal = {Africana Linguistica},
	pages = {137–145},
	title = {Het passief suffix -\textit{u}- in de {Bantoe}-talen},
	volume = {3},
	year = {1967}
}

@article{SikukuEtAl2018,
	author = {Sikuku, Justine and Michael Diercks and Michael R. Marlo},
	journal = {Linguistic Variation},
	number = {2},
	pages = {359--429},
	title = {Pragmatic effects of clitic doubling: {Two} kinds of object markers in {{Lubukusu}}},
	volume = {18},
	year = {2018}
}

@article{ShinagawaMarten2021,
	author = {Shinagawa, Daisuke and Lutz Marten},
	journal = {{\japanesefont 言語研究} Gengo Kenkyu},
	pages = {215–248},
	title = {Micro-typological covariation of negation and focus marking in {{Bantu}} languages},
	volume = {160},
	year = {2021}
}

@article{Shinagawa2015,
	author = {Shinagawa, Daisuke},
	journal = {Asian and African Languages and Linguistics},
	pages = {5–21},
	title = {Vowel length and {{TMA}} micro-variation in {Kilimanjaro} {{Bantu}}},
	volume = {9},
	year = {2015}
}

@article{Shinagawa2009,
	author = {Shinagawa, Daisuke},
	journal = {HERSETEC: Journal of Hermeneutic Study and Education of Textual Configuration},
	pages = {137–150},
	title = {A rare story of the emergence of the Future? {{A}} hypothesis on the historical development of {Proto}-{{{{Bantu}}}} *-\textit{ag} in {Rwa} ({{{{Bantu}}}}, {E61})},
	volume = {2},
	year = {2009}
}

@article{SeidlDimitriadis2003,
	author = {Seidl, Amanda and Dimitriadis, Alexis},
	journal = {Typologie des langues d’Afrique et universaux de la grammaire},
	pages = {239--284},
	title = {Statives and reciprocal morphology in {{Swahili}}},
	volume = {1},
	year = {2003}
}

@article{Schuh1977,
	author = {Schuh, Russell G.},
	journal = {Afroasiatic Linguistics},
	pages = {1-74},
	title = {Bade/{Ngizim} Determiner System},
	volume = {4},
	number = {3},
	year = {1977}
}

@article{Schladt1998,
	author = {Schladt, Mathias},
	journal = {Afrikanistische Arbeidspapieren},
	pages = {5--25},
	title = {Reciprocals in {{Bantu}} languages: {{A}} case of grammaticalization},
	volume = {53},
	year = {1998}
}

@article{Schadeberg1995,
	author = {Schadeberg, Thilo C.},
	journal = {Belgian Journal of Linguistics},
	pages = {71–84},
	title = {Spirantization and the 7-to-5 vowel merger in {{Bantu}}},
	volume = {9},
	year = {1995}
}

@article{Schadeberg1990,
	author = {Schadeberg, Thilo C.},
	journal = {Frankfurter Afrikanistische Blätter},
	pages = {1--15},
	title = {{Schon -- noch -- nicht -- mehr: {{D}}as Unerwartete als grammatische Kategorie im {{KiS}}wahili}},
	volume = {2},
	year = {1990}
}

@article{SamsonSchadeberg1994,
	author = {Samson, Ridder and Schadeberg, Thilo C.},
	journal = {Afrikanistische Arbeitspapiere},
	pages = {127--138},
	title = {Kiinimacho cha mahali: {{K}}iambishi tamati cha mahali -ni},
	volume = {37},
	year = {1994}
}

@article{Salzman2011,
	author = {Salzman, Martin D.},
	doi = {10.1111/j.1749-818X.2011.00270.x},
	journal = {Language and Linguistics Compass},
	number = {4},
	pages = {169--189},
	title = {Towards a Typology of Locative Inversion -- {{Bantu}}, Perhaps {{Chinese}} and {{English}} -- But Beyond?},
	volume = {5},
	year = {2011}
}

@article{RussellRajabu1995,
	author = {Russell, Joan and Rehema Rajabu},
	journal = {African Languages and Cultures},
	number = {1},
	pages = {43--59},
	title = {Bilingual writers and the syntactic elaboration of {{Swahili}}},
	volume = {8},
	year = {1995}
}

@article{Rugemalira2007,
	author = {Rugemalira, Josephat M.},
	journal = {SOAS Working Papers in Linguistics},
	pages = {135--148},
	title = {The structure of the {{Bantu}} noun phrase},
	volume = {15},
	year = {2007}
}

@article{Rugemalira1993obj,
	author = {Rugemalira, Josephat M.},
	journal = {Linguistic Analysis},
	pages = {226--252},
	title = {{{Bantu}} multiple ``object'' constructions},
	volume = {23},
	year = {1993}
}

@article{RiedelMarten2012preface,
	author = {Lutz Marten and Kristina Riedel and Silvester Ron Simango and Jochen Zeller},
	doi = {10.2989/16073614.2012.737608},
	journal = {Southern African Linguistics and Applied Language Studies},
	number = {2},
	pages = {III-VII},
	title = {Preface},
	volume = {30},
	year = {2012}
}

@article{RiedelMarten2012,
	author = {Riedel, Kristina and Marten, Lutz},
	journal = {South African Linguistics and Applied Language Studies},
	number = {2},
	pages = {277--292},
	title = {Locative object marking and the argument-adjunct distinction},
	volume = {30},
	year = {2012}
}

@article{Riedel2010,
	author = {Riedel, Kristina},
	doi = {10.21248/zaspil.53.2010.399},
	journal = {ZAS Papers in Linguistics},
	pages = {211--225},
	title = {Relative clauses in {{Haya}}},
	volume = {53},
	year = {2010}
}

@article{RichardsonMann1966,
	author = {Richardson, Irvine and Michael Mann},
	journal = {African Language Studies},
	pages = {1--79},
	title = {A Vocabulary of {Sukuma}},
	volume = {7},
	year = {1966}
}

@article{Repp2010,
	author = {Repp, Sophie},
	journal = {Lingua},
	pages = {1333--1345},
	title = {Defining `contrast' as an information-structural notion in grammar},
	volume = {120},
	year = {2010}
}

@incollection{Polinsky1993,
	address = {Chicago, IL},
	author = {Polinsky, Maria},
	editor = {Katharine Beals and Gina Cooke and David Kathman and Sotaro Kita and Karl-Erik McCullough and David Testen},
	booktitle = {Papers from the 29th {Regional Meeting of the Chicago Linguistics Society}},
	pages = {343--361},
	publisher = {Chicago Linguistics Society},
	title = {Subject Inversion and Intranstive Subject Incoporation},
	year = {1993}
}

@article{Polak1983,
	author = {Polak, Louise},
	journal = {Africana Linguistica},
	number = {1},
	pages = {271--304},
	title = {{{Le}} réfléchi en bantou},
	volume = {9},
	year = {1983}
}

@article{PetzellKühl2017,
	author = {Petzell, Malin and Kühl, Karoline},
	journal = {Linguistic Discovery},
	number = {1},
	pages = {35–48},
	sortname = {Petzell, Malin and Kuhl, Karoline},
	title = {The influence of non-linguistic factors on the usage of the pre-prefix in {{Luguru}}},
	volume = {15},
	year = {2017}
}

@article{PetzellHammarström2013,
	author = {Petzell, Malin and Harald Hammarström},
	journal = {Nordic Journal of African Studies},
	pages = {129–157},
	sortname = {Petzell, Malin and Harald Hammarstrom},
	title = {Grammatical and lexical comparison of the Greater Ruvu {{Bantu}} languages},
	volume = {22},
	year = {2013}
}

@article{PersohnDevos2017,
	author = {Persohn, Bastian and Devos, Maud},
	journal = {Africana Linguistics},
	pages = {3--46},
	title = {Post-final locatives in {{Bantu}}: {{A}}xes of variation and non-locative functions},
	volume = {23},
	year = {2017}
}

@article{NursePhilippson2006,
	author = {Nurse, Derek and Gérard Philippson},
	journal = {Journal of African Languages and Linguistics},
	pages = {155–196},
	title = {Common tense-aspect markers in {{Bantu}}},
	volume = {27},
	year = {2006}
}

@article{NursePhilippson1977,
	author = {Nurse, Derek and Gérard Philippson},
	journal = {Studies in African Linguistics},
	number = {1},
	pages = {49–80},
	sortname = {Nurse, Derek and Gerard Philippson},
	title = {Tones in {Old Moshi}},
	volume = {8},
	year = {1977}
}

@article{Nurse2003a,
	author = {Nurse, Derek},
	journal = {Annual Publications in African Linguistics},
	pages = {69–90},
	title = {Tense and aspect in {Chaga}},
	volume = {1},
	year = {2003}
}

@article{Nurse1985,
	author = {Nurse, Derek},
	journal = {Studies in African Linguistics},
	number = {3},
	pages = {243–279},
	title = {Dentality, areal features, and phonological change in northeastern {{Bantu}}},
	volume = {16},
	year = {1985}
}

@article{Nurse1979,
	author = {Nurse, Derek},
	journal = {African Languages/Langues Africaines},
	number = {1},
	pages = {1–150},
	title = {Description of sample languages of {{Tanzania}}},
	volume = {5},
	year = {1979}
}

@book{Nicolle2015,
	author = {Nicolle, Steve},
	series = {SIL Electronic Working Papers},
	title = {Comparative study of eastern {{Bantu}} narrative texts},
	number = {2015-003},
	year = {2015}
}

@article{Nicolle2014,
	author = {Nicolle, Steve},
	journal = {Studies in African Linguistics},
	number = {2},
	pages = {125--144},
	title = {Discourse functions of demonstratives in eastern {{Bantu}} narrative texts},
	volume = {43},
	year = {2014}
}

@article{Nicolle2012,
	author = {Nicolle, Steve},
	journal = {Africana Linguistica},
	pages = {193--234},
	title = {Semantic-pragmatic change in {{Bantu}} -\textit{no} demonstrative forms},
	volume = {18},
	year = {2012}
}

@article{Nicolle2007b,
	author = {Nicolle, Steve},
	journal = {SOAS Working Papers in Linguistics},
	pages = {159--171},
	title = {Textual Functions of {Chidigo} Demonstratives},
	volume = {15},
	year = {2007}
}

@article{Nicolle2007,
	author = {Nicolle, Steve},
	journal = {SOAS Working Papers in Linguistics},
	pages = {159--171},
	title = {Textual Functions of {Chidigo} Demonstratives},
	volume = {15},
	year = {2007}
}

@article{NgungaMpofu2013,
	author = {Ngunga, Armindo and Nomalanga Mpofu-Hamadziripi},
	journal = {Journal of LASU},
	number = {1},
	pages = {44--55},
	title = {A Study of {{Bantu}} Locatives: {{T}}he Case of {{Shona}} and {Yao}},
	volume = {1},
	year = {2013}
}

@article{Mwaliwa2018,
	author = {Mwaliwa, Hanah Chaga},
	journal = {Tydskrif vir Letterkunde},
	number = {2},
	pages = {120--133},
	title = {Modern {{{{Swahili}}}}: {{T}}he integration of {{Arabic}} culture into {{{{Swahili}}}} literature},
	volume = {55},
	year = {2018}
}

@article{Mould1972,
	author = {Mould, Martin},
	journal = {Studies in African Linguistics},
	pages = {107--125},
	title = {On reconstructing the modified base of {{Bantu}} verbs},
	volume = {3},
	year = {1972}
}

@article{Moshi1994,
	author = {Moshi, Lioba},
	journal = {Journal of African Languages and Linguistics},
	pages = {127–159},
	title = {Time reference markers in {{KiV}}unjo-{Chaga}},
	volume = {15},
	year = {1994}
}

@article{Moltmann2013,
	author = {Moltmann, Friederike},
	journal = {Natural Language Semantics},
	pages = {43--77},
	title = {Identificational Sentences},
	volume = {21},
	year = {2013}
}

@article{Meinhof1942,
	author = {Meinhof, Carl},
	journal = {Zeitschrift für Eingeborenen-Sprachen},
	pages = {161--164},
	title = {{{Entstehung} und Gebrauch der Lokativendung in Bantusprachen}},
	volume = {32},
	year = {1941/42}
}

@article{Meeussen1967,
	author = {Meeussen, Achille E.},
	journal = {Africana Linguistica},
	pages = {79--121},
	title = {{{Bantu}} grammatical reconstructions},
	volume = {3},
	year = {1967}
}

@article{MartenvanderWal2014,
	author = {Marten, Lutz and {van der Wal}, Jenneke},
	journal = {Linguistic Variation},
	number = {2},
	pages = {318--368},
	title = {A Typology of {{Bantu}} Subject Inversion},
	volume = {14},
	year = {2014}
}

@article{MartenWal2014,
	author = {Marten, Lutz and Jenneke van der Wal},
	journal = {Linguistic Variation},
	number = {2},
	pages = {318–368},
	title = {A typology of {{Bantu}} subject inversion},
	volume = {14},
	year = {2014}
}

@article{MartenThwala2007,
	author = {Marten, Lutz, Nancy C. Kula and Nhlanhla Thwala},
	journal = {Transactions of the Philological Society},
	number = {3},
	pages = {253–338},
	title = {Parameters of Morphosyntactic Variation in {{Bantu}}},
	volume = {105},
	year = {2007}
}

@article{MartenRamadhani2001,
	author = {Marten, Lutz and Deograsia Ramadhani},
	journal = {SOAS Working Papers in Linguistics},
	pages = {259--275},
	title = {An overview of object marking in {Kiluguru}},
	volume = {11},
	year = {2001}
}

@article{MartenKula2014,
	author = {Marten, Lutz and Nancy Kula},
	journal = {Journal of African Languages and Linguistics},
	number = {1},
	pages = {1--44},
	title = {Benefactive and substitutive applicatives in {{Bemba}}},
	volume = {35},
	year = {2014}
}

@article{MartenKula2012,
	author = {Marten, Lutz and Nancy Kula},
	journal = {Southern African Linguistics and Applied Language Studies},
	number = {2},
	pages = {237--253},
	title = {Object marking and morphosyntactic variation in {{Bantu}}},
	volume = {30},
	year = {2012}
}

@article{MartenGibson2016,
	author = {Marten, Lutz and Hannah Gibson},
	journal = {Journal of Linguistics},
	number = {3},
	pages = {565--607},
	title = {Structure building and thematic constraints in {{Bantu}} inversion constructions},
	volume = {52},
	year = {2016}
}

@article{MartenGibson2015,
	author = {Marten, Lutz and Gibson, Hannah},
	doi = {10.1017/S0022226715000298},
	journal = {Journal of Linguistics},
	number = {3},
	pages = {565--607},
	title = {Structure Building and Thematic Constraints in {{Bantu}} Inversion Constructions},
	volume = {52},
	year = {2015}
}

@article{MartenEtAl2007,
	author = {Marten, Lutz and Nancy Kula and Nhlanhla Thwala},
	journal = {Transactions of the Philological Society},
	pages = {253--338},
	title = {Parameters of morpho-syntactic variation in {{Bantu}}},
	volume = {105},
	year = {2007}
}

@article{Marten2006,
	author = {Marten, Lutz},
	journal = {ZAS Papers in Linguistics African Linguistics},
	pages = {97--122},
	title = {Locative Inversion in {Otjiherero}: {{M}}ore on Morphostntactic Variation in {{Bantu}}},
	volume = {43},
	year = {2006}
}

@article{Marten1998,
	author = {Marten, Lutz},
	journal = {SOAS Working Papers in Linguistics and Phonetics},
	pages = {141--163},
	title = {{{Swahili}} -\textit{kwisha}: {{S}}ketching the path of grammaticalization},
	volume = {8},
	year = {1998}
}

@article{Marlo2015exceptional,
	author = {Marlo, Michael R.},
	journal = {Nordic Journal of African Studies},
	number = {1},
	pages = {1--22},
	title = {Exceptional properties of the reflexive in {{Bantu}} languages},
	volume = {24},
	year = {2015}
}

@article{Marlo2015,
	author = {Marlo, Michael R.},
	doi = {10.1515/jall-2015-0001},
	journal = {Journal of African Languages and Linguistics},
	number = {1},
	pages = {1--65},
	title = {On the number of object markers in {{Bantu}} languages},
	volume = {36},
	year = {2015}
}

@article{Marlo2014,
	author = {Marlo, Michael R.},
	journal = {Studies in African Linguistics},
	pages = {85--123},
	title = {Exceptional patterns of object marking in {{Bantu}} {I}},
	volume = {43},
	year = {2014}
}

@article{Mapunda2015,
	author = {Mapunda, Gastor},
	journal = {Nordic Journal of African Studies},
	number = {2},
	pages = {169--185},
	title = {An Analysis of the Vitality of the Intangible Cultural Heritage of the {{Ngoni}} People of {{Tanzania}}: {{L}}essons for other Ethnolinguistic Groups},
	volume = {24},
	year = {2015}
}

@article{Mallya2020,
	author = {Mallya, Aurelia},
	journal = {Ghana Journal of Linguistics},
	number = {2},
	pages = {1--21},
	title = {Locative-subject alternation constructions in {Kiwoso}},
	volume = {9},
	year = {2020}
}

@article{Malinga1980,
	author = {Malinga, R. M. M.},
	journal = {Stellenbosch Studies in African Languages},
	pages = {1–11},
	title = {Differences between the ordinary demonstrative and the emphatic demonstrative in {{Xhosa}}},
	volume = {2},
	year = {1980}
}

@article{Machobane1995,
	author = {Machobane, 'Malillo 'Matsepo},
	doi = {10.1515/jall.1995.16.2.115},
	journal = {Journal of African Languages and Linguistics},
	number = {2},
	pages = {115--136},
	sortname = {Machobane, 'Malillo 'Matsepo},
	title = {The {Sesotho} Locative Constuctions},
	volume = {16},
	year = {1995}
}

@article{Lusekelo2013,
	author = {Lusekelo, Amani},
	journal = {Journal of Linguistics and Language in Education},
	number = {1},
	pages = {19--47},
	title = {{{DP}}-internal and {V}-external agreement patterns in {{{{Bantu}}}}: {{R}}e-statement of the facts on {{Eastern}} {{{{Bantu}}}} languages},
	volume = {7},
	year = {2013}
}

@article{Lusekelo2009,
	author = {Lusekelo, Amani},
	journal = {Nordic Journal of African Studies},
	number = {4},
	pages = {305--331},
	title = {The structure of the {{Nyakyusa}} noun phrase},
	volume = {18},
	year = {2009}
}

@article{Lodhi2002,
	author = {Lodhi, Abdulaziz Y.},
	journal = {Africa and Asia},
	pages = {4--26},
	title = {Verbal extensions in {{Bantu}}: {The} case of {{Swahili}} and {Nyamwezi}},
	volume = {2},
	year = {2002}
}

@article{Levin2018,
	author = {Levin, Theodore},
	doi = {10.1007/s11049-018-9412-5},
	journal = {Natural Language and Linguistic Theory},
	number = {1},
	pages = {167–213},
	title = {On the nature of differential object marking: {Insights} from {{Palauan}}},
	volume = {37},
	year = {2018}
}

@article{Letsholo2013,
	author = {Letsholo, Rose},
	journal = {Linguistic Discovery},
	number = {1},
	pages = {105--128},
	title = {Object Markers in {Ikalanga}},
	volume = {11},
	year = {2013}
}

@article{KönigKokutani2006,
	author = {König, Ekkehard and Kokutani, Shigehiro},
	journal = {Linguistics},
	number = {2},
	pages = {271--302},
	sortname = {Konig, Ekkehard and Kokutani, Shigehiro},
	title = {Towards a typology of reciprocal constructions: {{F}}ocus on {{German}} and {{Japanese}}},
	volume = {44},
	year = {2006}
}

@article{KutsukakeYoneda2019,
	author = {Kutsukake, Sayaka and Nobuko Yoneda},
	journal = {Swahili Forum},
	pages = {181--204},
	title = {Contact-induced language divergence and convergence in {{Tanzania}}: {{F}}orming new varieties as language maintenance},
	volume = {26},
	year = {2019}
}

@article{Kusters2003,
	author = {Kusters, Wouter},
	journal = {Nordlyd},
	pages = {275--289},
	title = {The fate of complex languages: {Classical {Arabic} and {Old Norse}} in the age of globalisation},
	volume = {31},
	year = {2003}
}

@article{Kröger2005,
	author = {Kröger, Oliver},
	journal = {Journal of Language Survey Reports},
	pages = {9108},
	publisher = {{SIL} International},
	sortname = {Kroger, Oliver},
	title = {Report of a Survey of Coastal {{Makhuwa}} Dialects},
	volume = {2},
	year = {2005}
}

@article{Kioko2000,
	author = {Kioko, Angelina Nduku},
	journal = {South African Journal of African Languages},
	number = {3},
	pages = {225--233},
	title = {On determining the primary object in {{Bantu}}},
	volume = {20},
	year = {2000}
}

@article{Kimambo2018b,
	author = {Kimambo, Gerald E.},
	journal = {South African Journal of African Languages},
	number = {1},
	pages = {27--35},
	title = {Object marking in {{Swahili}}: {Definiteness}, specificity, or both?},
	volume = {38},
	year = {2018}
}

@article{Kimambo2018a,
	author = {Kimambo, Gerald E.},
	journal = {Ghana Journal of Linguistics},
	number = {1},
	pages = {65--83},
	title = {The morpho-syntactic and semantic-pragmatic realisation of definiteness and specificity in {{Swahili}}},
	volume = {7},
	year = {2018}
}

@article{Khumalo2010,
	author = {Khumalo, Langa},
	journal = {South African Journal of African Languages},
	number = {1},
	pages = {22–34},
	title = {Passive, locative inversion in {{Ndebele}} and the unaccusative hypothesis},
	volume = {30},
	year = {2010}
}

@article{Kaji2009,
	author = {Kaji, Shigeki},
	journal = {Language Science},
	number = {1/2},
	pages = {239--247},
	title = {Tone and syntax in {{Rutooro}}, a toneless {{Bantu}} language of {{Western} {Uganda}}},
	volume = {31},
	year = {2009}
}

@article{Kahigi2008a,
	author = {Kahigi, Kulikoyela},
	journal = {Languages of Tanzania (LOT) Occasional Papers in Linguistics},
	pages = {53--81},
	title = {Derivation in {Sisumbwa}},
	volume = {3},
	year = {2008}
}

@article{Kahigi1989,
	author = {Kahigi, Kulikoyela},
	journal = {Kiswahili},
	pages = {92--107},
	title = {Developments affecting the {{Bantu}} perfective in \textit{–ile}: {{A}}nother view},
	volume = {56},
	year = {1989}
}

@article{Jerro2017,
	author = {Jerro, Kyle},
	journal = {Journal of Linguistics},
	number = {04},
	pages = {1--38},
	title = {The causative-instrumental syncretism},
	volume = {53},
	year = {2017}
}

@article{HymanWatters1984,
	author = {Hyman, Larry M. and John R. Watters},
	journal = {Studies in African Linguistics},
	number = {3},
	pages = {233–273},
	title = {Auxiliary Focus},
	volume = {15},
	year = {1984}
}

@article{Hyman1995,
	author = {Hyman, Larry M.},
	journal = {Journal of African Languages and Linguistics},
	pages = {3--39},
	title = {Minimality and prosodic morphology in {Cibemba} imbrication},
	volume = {16},
	year = {1995}
}

@article{Heine2002,
	author = {Heine, Bernd},
	journal = {Typological studies in language},
	pages = {83--102},
	title = {On the role of context in grammaticalization},
	volume = {49},
	year = {2002}
}

@article{Haspelmath1998,
	author = {Haspelmath, Martin},
	journal = {Diachronica},
	number = {1},
	pages = {29–62},
	title = {The semantic development of old presents: {{N}}ew futures and subjunctives without grammaticalization},
	volume = {XV},
	year = {1998}
}

@article{HarveyEtAlForthcoming,
	author = {Harvey, Andrew and Hannah Gibson and Richard Griscom},
	journal = {Journal of African Languages and Linguistics},
	year = {2023},
	title = {Preverbal Clitic  Clusters in the {{Tanzanian}} {Rift Valley} Revisited},
	doi = {10.1515/jall-2023-2010},
	pages = {175-239}
}

@article{Harries1965,
	author = {Harries, Lyndon},
	journal = {Swahili},
	number = {2},
	pages = {70--73},
	title = {Locative Agreement in {{Swahili}}},
	volume = {35},
	year = {1965}
}

@article{Harford1983,
	author = {Harford, Carolyn},
	journal = {Journal of African languages and linguistics},
	pages = {131--155},
	title = {Locative pseudo-subject in {{Shona}}},
	volume = {5},
	year = {1983}
}

@article{HamlaouiForthcoming,
	author = {Hamlaoui, Fatima},
	journal = {ZAS Papers in Linguistics},
	pages = {160–182},
	title = {A note on bare-passives in (selected) {{Bantu} and {Western} Nilotic} Languages},
	volume = {57},
	year = {2014}
}

@article{Haiman1983,
	author = {Haiman, John},
	journal = {Language},
	number = {4},
	pages = {781--819},
	title = {Iconic and economic motivation},
	volume = {59},
	year = {1983}
}

@article{Güldemann1999,
	author = {Güldemann, Tom},
	journal = {Journal of African Languages and Linguistics},
	number = {2},
	pages = {157--184},
	sortname = {Guldemann, Tom},
	title = {Toward a grammaticalization and typological account of the ka- possessive in southern {{Nguni}}},
	volume = {2},
	year = {1999}
}

@article{Güldemann2003,
	author = {Güldemann, Tom},
	journal = {Studies in Language},
	number = {2},
	pages = {323–360},
	sortname = {Guzldemann, Tom},
	title = {Present progressive vis-à-vis predication focus in {{Bantu}}: {{A}} verbal category between semantics and pragmatics},
	volume = {27},
	year = {2003}
}

@article{Guérois2017,
	author = {Guérois, Rozenn},
	journal = {Africana Linguistica},
	pages = {86--116},
	sortname = {Guerois, Rozenn},
	title = {Locative enclitics in {Cuwabo}},
	volume = {23},
	year = {2017}
}

@article{Guérois2016,
	author = {Guérois, Rozenn},
	journal = {Linguistique et Langues Africaines},
	pages = {43--75},
	sortname = {Guerois, Rozenn},
	title = {The Locative System in {Cuwabo} and {{Makhuwa}} ({P30} {{Bantu}} Languages)},
	volume = {2},
	year = {2016}
}

@article{Guérois2014,
	author = {Guérois, Rozenn},
	journal = {ZAS Papers in Linguistics},
	pages = {49--71},
	sortname = {Guerois, Rozenn},
	title = {Locative inversion in {Cuwabo}},
	volume = {57},
	year = {2014}
}

@article{Guérin2015,
	author = {Guérin, Valerie},
	journal = {Linguistic Typology},
	number = {2},
	pages = {141--199},
	sortname = {Guerin, Valerie},
	title = {Demonstrative verbs: {{A}} typology of verbal manner deixis},
	volume = {19},
	year = {2015}
}

@article{Guthrie1962,
	author = {Guthrie, Malcolm},
	journal = {Journal of African Languages},
	note = {Printed in: \textit{M. Guthrie 1970 Collected papers in Bantu linguistics}, 92--110. London: Gregg International Publishers},
	number = {3},
	pages = {202--220},
	title = {The Status of radical extensions in {{Bantu}} languages},
	volume = {1},
	year = {1962}
}

@article{Gupta2000,
	author = {Gupta, Anthear Fraser},
	journal = {International Journal of the Sociology of Language},
	pages = {107--119},
	title = {Bilingualism in the cosmopolis},
	volume = {143},
	year = {2000}
}

@article{Gunnink2017,
	author = {Gunnink, Hilde},
	journal = {Africana Linguistica},
	pages = {120--135},
	title = {Locative clitics in {{Fwe}}},
	volume = {23},
	year = {2017}
}

@article{GrollemundPagel2015,
	author = {Grollemund, Rebecca and Simon Branford and Koen Bostoen and Andrew Meade and Chris Venditti and Mark Pagel},
	journal = {Proceedings of the National Academy of Sciences},
	number = {43},
	pages = {13296--13301},
	title = {{{Bantu}} expansion shows that habitat alters the route and pace of human dispersals},
	url = {www.pnas.org/content/112/43/13296},
	urldate = {2020-04-15},
	volume = {112},
	year = {2015}
}

@article{GrollemundEtAl2015,
	author = {Grollemund, Rebecca and Simon Branford and Koen Bostoen and Andrew Meade and Chris Venditti and Mark Pagel},
	journal = {Proceedings of the National Academy of Sciences},
	number = {43},
	pages = {13296--13301},
	title = {{{Bantu}} expansion shows that habitat alters the route and pace of human dispersals},
	volume = {112},
	year = {2015}
}

@article{Goodness2013,
	author = {Goodness, Devet},
	journal = {Journal of Education, Humanities and Sciences},
	number = {1},
	pages = {33--46},
	title = {What triggers the augment in {Shinyiha}},
	volume = {2},
	year = {2013}
}

@article{Givón1970,
	author = {Givón, Talmy},
	journal = {African Studies},
	pages = {47--54},
	sortname = {Givon, Talmy},
	title = {On ordered rules and the modified base of {{ChiB}}emba verbs},
	volume = {29},
	year = {1970}
}

@article{Gibson2019,
	author = {Gibson, Hannah},
	journal = {Studies in Language},
	number = {4},
	pages = {757--799},
	title = {The grammaticalisation of verb-auxiliary order in {{East}} {{African}} {{Bantu}}: {{F}}rom information structure to tense-aspect},
	volume = {43},
	year = {2019}
}

@article{Fleisch2005cognitive,
	author = {Fleisch, Axel},
	journal = {Southern African Linguistics and Applied Language Studies},
	number = {2},
	pages = {139--154},
	title = {A cognitive semantic approach to the linguistic construal of {{UPPER}} {{SPACE}} in {{Southern}} {{Ndebele}}},
	volume = {23},
	year = {2005}
}

@article{EdelstenEtAl2022,
	author = {Edelsten, Peter and Hannah Gibson and Rozenn Guérois and Gastor Mapunda and Lutz Marten and Julius Taji},
	journal = {Journal of the Language Association of East Africa},
	number = {1},
	pages = {1–24},
	sortname = {Edelsten, Peter and Hannah Gibson and Rozenn Guezrois and Gastor Mapunda and Lutz Marten and Julius Taji},
	title = {Morphosyntactic variation in {{Bantu}}: {{F}}ocus on {{East}} {{Africa}}},
	volume = {1},
	year = {2022}
}

@article{Duranti1979,
	author = {Duranti, Alessandro},
	journal = {Studies in African Linguistics},
	pages = {31--45},
	title = {Object clitic pronouns in {{Bantu}} and the topicality hierarchy},
	volume = {10},
	year = {1979}
}

@article{DomEtAl2018,
	author = {Dom, Sebastian and Kulikov, Leonid and Bostoen, Koen},
	journal = {Southern African Linguistics and Applied Language Studies},
	number = {3},
	pages = {165--173},
	title = {Valency-decreasing derivations and quasi-middles in {{Bantu}}: {A} typological perspective},
	volume = {36},
	year = {2018}
}

@article{DomBostoen2015,
	author = {Dom, Sebastian and Koen Bostoen},
	journal = {Africana Linguistica},
	pages = {163–211},
	title = {Examining variation in the expression of tense/aspect to classify the {{Kikongo}} Language Cluster},
	volume = {21},
	year = {2015}
}

@article{Dixon2003,
	author = {Dixon, Robert Malcolm Ward},
	journal = {Studies in language},
	number = {1},
	pages = {61–112},
	title = {Demonstratives: {{A}} cross-linguistic typology},
	volume = {27},
	year = {2003}
}

@article{Diessel1999morphosyntax,
	author = {Diessel, Holger},
	journal = {Linguistic Typology},
	pages = {1--49},
	title = {The {Morphosyntax} of Demonstratives in Synchrony and Diachrony},
	volume = {3},
	year = {1999}
}

@article{DevosVanOlmen2013,
	author = {Maud Devos and Daniël {Van Olmen}},
	journal = {Studies in Language},
	number = {1},
	pages = {1--57},
	sortname = {Maud Devos and Daniel {Van Olmen}},
	title = {Describing and explaining the variation of {{Bantu}} imperatives and prohibitives},
	volume = {37},
	year = {2013}
}

@article{Denny1982,
	author = {Denny, J. Peter},
	journal = {Journal of American Linguistics},
	pages = {359--384},
	title = {Semantics of the {Inuktitut} ({{Eskimo}}) Spatial Deictics},
	volume = {48},
	year = {1982}
}

@article{DemuthMmusi1997,
	author = {Demuth, Katherine and Mmusi, Sheila},
	doi = {10.1515/jall.1997.18.1.1},
	journal = {Journal of African Languages and Linguistics},
	number = {1},
	pages = {1--19},
	title = {Presentational Focus and Thematic Structure in Comparative {{Bantu}}},
	volume = {18},
	year = {1997}
}

@article{Deen2006,
	author = {Deen, Kamil Ud},
	journal = {Journal of Child Language},
	pages = {223–246},
	title = {Object agreement and specificity in early {{Swahili}}},
	volume = {33},
	year = {2006}
}

@article{DeBlois1970,
	author = {de Blois, Kornelis Frans},
	journal = {Africana Linguistica},
	pages = {85--165},
	title = {The augment in the {{Bantu}} languages},
	volume = {4},
	year = {1970}
}

@article{Creissels2011,
	author = {Creissels, Denis},
	journal = {Africana Linguistica},
	pages = {33--52},
	title = {{Tswana} Locatives and Their Status in Inversion Construction},
	volume = {17},
	year = {2011}
}

@article{Contini-Morava1983,
	author = {Contini-Morava, Ellen},
	journal = {Anthropological Linguistics},
	pages = {425--435},
	title = {Ranking of participants in {{Kinyarwanda}}: {{T}}he limitations of arbitrariness in language},
	volume = {25},
	year = {1983}
}

@article{Cocchi2000,
	author = {Cocchi, Gloria},
	journal = {Quaderni del Dipartimento di Linguistica dell'Università di Firenze},
	pages = {43--54},
	title = {Locative constructions in {{Bantu}}},
	volume = {10},
	year = {2000}
}

@article{Carstens1997,
	author = {Carstens, Vicki},
	journal = {Linguistic Review},
	pages = {361–410},
	title = {Empty nouns in {{Bantu}} locatives},
	volume = {14},
	year = {1997}
}

@article{Capus1898,
	author = {Capus, Auguste},
	journal = {Zeitschrift fϋr Afrikanische und Oceanische Sprachen},
	pages = {1--123},
	title = {Grammaire de {Shisumbwa}},
	volume = {IV},
	year = {1898}
}

@article{CampbellJanda2001,
	author = {Campbell, Lyle and Janda, Richard},
	journal = {Language sciences},
	pages = {93--112},
	title = {Introduction: {{C}}onceptions of grammaticalization and their problems},
	volume = {23},
	year = {2001}
}

@article{Cable2014,
	author = {Cable, Seth},
	journal = {Journal of Semantics},
	pages = {1--41},
	title = {Reflexives, reciprocals and contrast},
	volume = {31},
	year = {2014}
}

@article{Buell2007,
	author = {Buell, Leston},
	journal = {SOAS Working Papers in Linguistics},
	pages = {105--120},
	title = {Semantic and Formal Locatives: {{I}}mplications for the {{Bantu}} Locative Inversion Typology},
	volume = {15},
	year = {2007}
}

@article{BresnanMoshi1990,
	author = {Bresnan, Joan and Moshi, Lioba},
	journal = {Linguistic Inquiry},
	number = {2},
	pages = {147–185},
	title = {Object asymmetries in comparative {{Bantu}} syntax},
	volume = {21},
	year = {1990}
}

@article{BresnanMchombo1987,
	author = {Bresnan, Joan and Sam A. Mchombo},
	journal = {Language},
	number = {4},
	pages = {741--782},
	title = {Topic, Pronoun and Agreement in {Chicheŵa}},
	volume = {63},
	year = {1987}
}

@article{BresnanKanerva1989,
	author = {Bresnan, Joan and Jonni M. Kanerva},
	journal = {Linguistic Inquiry},
	number = {1},
	pages = {1--50},
	title = {Locative inversion in {{Chichewa}}: {A} case study of factorization in grammar},
	volume = {20},
	year = {1989}
}

@article{BotneKershner2008,
	author = {Botne, Robert and Kershner, Tiffany L.},
	journal = {Cognitive Linguistics},
	number = {2},
	pages = {145–218},
	title = {Tense and cognitive space: {{O}}n the organization of tense/aspect systems in {{Bantu}} languages and beyond},
	volume = {19},
	year = {2008}
}

@article{BostoenNzang-Bie2010,
	author = {Bostoen, Koen and Yolande Nzang-Bie},
	journal = {Linguistics},
	number = {6},
	pages = {1255--1307},
	title = {On how `middle' plus `associative/reciprocal'  became `passive' in the {{Bantu}} {A70} languages},
	volume = {48},
	year = {2010}
}

@article{BostoenEtAl2015,
	author = {Bostoen, Koen and Sebastian Dom and Guillame Segerer},
	doi = {10.1515/ling-2015-0016},
	journal = {Linguistics},
	number = {4},
	pages = {731--772},
	title = {The antipassive in {{Bantu}}},
	volume = {53},
	year = {2015}
}

@article{Bostoen2008,
	author = {Bostoen, Koen},
	journal = {Diachronica},
	number = {3},
	pages = {299–356},
	title = {{Bantu} spirantization: {Morphologization}, lexicalization and historical classification},
	volume = {25},
	year = {2008}
}

@article{Bokamba1971,
	author = {Bokamba, Georges D.},
	journal = {Studies in African Linguistics},
	pages = {217--38},
	title = {Specificity and definiteness in {Dzamba}},
	volume = {2},
	year = {1971}
}

@article{BloomStröm2015,
	author = {{Bloom Ström}, Eva-Marie},
	journal = {Nordic Journal of African Studies},
	number = {2},
	pages = {118–145},
	sortname = {{Bloom Strom}, Eva-Marie},
	title = {The word order in {{Swahili}} adnominal constructions with locative demonstratives},
	volume = {24},
	year = {2015}
}

@article{Bernsten1998,
	author = {Bernsten, Jan},
	doi = {10.1080/01434639808666345},
	journal = {Journal of Multilingual and Multicultural Development},
	number = {2},
	pages = {93–107},
	title = {Runyakitara: {{Uganda}}’s “New” Language},
	volume = {19},
	year = {1998}
}

@article{Berger1937-8,
	author = {Berger, Paul},
	journal = {Zeitschrift für Eingeborenen-Sprachen},
	pages = {81--122},
	title = {{Die mit B. -île gebildeten Perfektstämme in der Bantusprachen}},
	volume = {XXVII},
	year = {1937--1938}
}

@article{BaxDiercks2012,
	author = {Bax, Anna and Michael Diercks},
	journal = {Southern African Linguistics and Applied Language Sciences},
	number = {2},
	pages = {185–202},
	title = {Information structure constraints on object marking in {{Manyika}}},
	volume = {30},
	year = {2012}
}

@article{Baldi2012,
	author = {Baldi, Sergio},
	journal = {Folia Orientalia},
	pages = {37--52},
	title = {{{Arabic}} loans in {{East}} {{African}} languages through {{Swahili}}: {{A}} survey},
	volume = {49},
	year = {2012}
}

@article{Baker1985,
	author = {Baker, Mark},
	journal = {Linguistic Inquiry},
	pages = {373--415},
	title = {The mirror principle and morphosyntactic explanation},
	volume = {16},
	year = {1985}
}

@article{Asiimwe2016,
	author = {Asiimwe, Allen},
	journal = {South African Journal of African Languages},
	number = {1},
	pages = {65--73},
	title = {Investigating the connection between the demonstrative and the definite morpheme -\textit{a} in {Runyankore-Rukiga}},
	volume = {36},
	year = {2016}
}

@article{Alsina1999,
	author = {Alsina, Alex},
	journal = {The Linguistic Review},
	pages = {1--42},
	title = {Where is the mirror principle?},
	volume = {16},
	year = {1999}
}

@article{Alsina1994,
	author = {Alsina, Alex},
	journal = {Linguistic Analysis},
	pages = {153--174},
	title = {{{Bantu}} multiple objects: {{A}}nalyses and fallacies},
	volume = {24},
	year = {1994}
}

@article{AhnvanderWal2019,
	author = {Ahn, Dorothy and {van der Wal}, Jenneke},
	journal = {Studies in African Linguistics},
	number = {1},
	pages = {1--24},
	title = {What does that {Lugwere} demonstrative refer to? {A} semantic analysis of proximity and exteriority},
	volume = {48},
	year = {2019}
}

@article{Aboh2004,
	author = {Aboh, Enoch O.},
	journal = {Linguistics in the Netherlands},
	pages = {1--12},
	title = {Topic and focus within {D}},
	volume = {21},
	year = {2004}
}


@incollection{GuéroisForthcoming,
	address = {Oxford},
	author = {Guérois, Rozenn},
	booktitle = {The {Oxford} Guide to the {Bantu} Languages},
	editor = {Lutz Marten and Nancy Kula and Jochen Zeller and Ellen Hurst},
	publisher = {Oxford University Press},
	sortname = {Guerois, Rozenn},
	title = {Passive constructions},
	pubstate = {forthcoming}
}


@book{ChimbutaneEtAl2022,
	note = {Unpublished study},
	address = {Maputo},
	author = {Chimbutane, F. et al},
	title = {Padrão Linguístico de Moçambique Análise dos Dados do {IV} Recenseamento Geral da População e Habitação de 2017},
	year = {2022}
}
