
@incollection{acedo-matellan_syntax_2014,
	address = {Oxford, United Kingdom ; New York, NY},
	title = {From syntax to roots: {A} syntactic approach to root interpretation},
	isbn = {978-0-19-966526-6},
	number = {51},
	booktitle = {The syntax of roots and the roots of syntax},
	publisher = {Oxford University Press},
	author = {Acedo-Matellán, Victor and Mateau, Jaume},
	editor = {Alexiadou, Artemis and Borer, Hagit and Schäfer, Florian},
	year = {2014},
	pages = {14--32}
}

@inproceedings{basilico_antipassive_2017,
	address = {Austin, Texas},
	title = {The antipassive adds an argument},
	author = {Basilico, David},
	year = {2017}
}

@book{baker_incorporation_1988,
	address = {Chicago},
	title = {Incorporation},
	publisher = {University of Chicago Press},
	author = {Baker, Mark},
	year = {1988}
}

@incollection{aissen_indirect_1983,
	address = {Chicago},
	title = {Indirect object advancement in {Tzotzil}},
	booktitle = {Studies in relation grammar 1},
	publisher = {University of Chicago Press},
	author = {Aissen, Judith},
	editor = {Perlmutter, David},
	year = {1983}
}

@book{alexiadou_syntax_2014,
	address = {Oxford, United Kingdom ; New York, NY},
	edition = {First edition},
	series = {Oxford {Studies} in {Theoretical} {Linguistics}},
	title = {The syntax of roots and the roots of syntax},
	isbn = {978-0-19-966526-6 978-0-19-966527-3},
	number = {51},
	publisher = {Oxford University Press},
	editor = {Alexiadou, Artemis and Borer, Hagit and Schäfer, Florian},
	year = {2014},
	note = {OCLC: ocn903701598},
	keywords = {Afroasiatic languages, Grammar, Comparative and general, Indo-European languages, Roots, Syntax}
}

@book{borer_structuring_2005,
	address = {Oxford},
	title = {Structuring sense: {The} normal course of events},
	volume = {2},
	publisher = {Oxford University Press},
	author = {Borer, Hagit},
	year = {2005}
}

@incollection{basilico_antipassive_2012,
	address = {Bingley, UK},
	title = {The antipassive and its relation to scalar structure},
	booktitle = {The {End} of {Argument} {Structure}},
	publisher = {Emerald Publishing Group},
	author = {Basilico, David},
	editor = {Cuervo, Maria Cristina and Roberge, Yves},
	year = {2012},
	pages = {75--104}
}

@incollection{bobaljik_limits_2007,
	address = {Oxford},
	title = {The {Limits} of {Deponency}: {A} {Chukotko}-{Centric} {Perspective}},
	booktitle = {Deponency and {Morphological} {Mismatches}},
	publisher = {Oxford University Press},
	author = {Bobaljik, Jonathan David},
	editor = {Baerman, Matthew and Corbett, G and Brown, David and Hippisley, A},
	year = {2007}
}

@incollection{bobaljik_eccentric_2006,
	address = {Dordrecht},
	title = {Eccentric agreement and multiple case checking},
	booktitle = {Ergativity: {Emerging} {Issues}},
	publisher = {Springer},
	author = {Bobaljik, Jonathan David and Branigan, Phillip},
	editor = {Johns, Alana and Massam, Diane and Ndayiragije, Juneval},
	year = {2006},
	pages = {47--77}
}

@article{bosse_affected_2012,
	title = {Affected experiencers},
	volume = {30},
	journal = {Natural Language and Linguistic Theory},
	author = {Bosse, Solveig and Bruening, Benjamin and Yamada, Masahiro},
	year = {2012},
	pages = {1185--1230}
}

@phdthesis{dunn_grammar_1999,
	type = {Ph.{D} dissertation},
	title = {A grammar of {Chukchi}},
	school = {Australian National University},
	author = {Dunn, Michael},
	year = {1999}
}

@incollection{hale_eccentric_2002,
	address = {Vitoria-Gasteiz},
	title = {Eccentric agreement},
	booktitle = {Kasu eta {Komunztaduraren} gainean [{On} {Case} and {Agreement}]},
	publisher = {Euskal Herriko Unibetsitatea},
	author = {Hale, Ken},
	editor = {Fernández, Beatriz and Albizu, Pablo},
	year = {2002},
	pages = {15--48}
}

@incollection{johns_morphosyntactic_2017,
	address = {Oxford},
	title = {On the morphosyntactic reflexes of the information structure analysis in the ergative patterning of the {Inuit} language},
	booktitle = {Oxford handbook of ergativity},
	publisher = {Oxford University Press},
	author = {Johns, Alana and Kučerová, Ivona},
	editor = {Coonn, Jessica and Massam, Diane and Travis, Lisa},
	year = {2017},
	pages = {397--418}
}

@incollection{kozinsky_antipassive_1988,
	address = {Amsterdam},
	title = {Antipassive in {Chukchee}: oblique object, object incorporation, zero object},
	booktitle = {Passive and voice},
	publisher = {John Benjamins},
	author = {Kozinsky, Ivan and Nedjalkov, Victor and Polinskaja, Maria},
	editor = {Shibatanni, Masayoshi},
	year = {1988},
	pages = {651--707}
}

@incollection{kratzer_severing_1996,
	address = {Dordrecht},
	title = {Severing the external argument from its verb},
	booktitle = {Phrase structure and the lexicon},
	publisher = {Kluwer},
	author = {Kratzer, Angelika},
	editor = {Rooryck, Johan and Zaring, Laurie},
	year = {1996},
	pages = {109--137}
}

@incollection{levin_objecthood:_1999,
	address = {Chicago},
	title = {Objecthood: {An} event structure perspective},
	booktitle = {Papers from the 35th {Regional} {Meeting} of the {Chicago} {Linguistic} {Society}, 1: {The} {Main} {Session}},
	publisher = {Chicago Linguistic Society},
	author = {Levin, Beth},
	editor = {Billings, Sabrina J. and Boyle, John P. and Griffith, Aaron M.},
	year = {1999},
	pages = {223--247}
}

@inproceedings{levin_towards_2015,
	address = {Portland, Oregon},
	title = {Towards a unified analysis of the antipassive and pseudo noun incorporation},
	author = {Levin, Theodore},
	year = {2015}
}

@book{lohndal_phrase_2014,
	address = {Oxford, United Kingdom},
	edition = {First edition},
	series = {Oxford studies in theoretical linguistics},
	title = {Phrase structure and argument structure: a case study of the syntax-semantics interface},
	isbn = {978-0-19-967711-5 978-0-19-967712-2},
	shorttitle = {Phrase structure and argument structure},
	number = {49},
	publisher = {Oxford University Press},
	author = {Lohndal, Terje},
	year = {2014},
	note = {OCLC: ocn885279075},
	keywords = {Grammar, Comparative and general, Syntax, Phrase structure grammar, Semantics, Verb}
}

@book{miyaoka_grammar_2012,
	address = {Berlin},
	series = {Mouton grammar library},
	title = {A grammar of {Central} {Alaskan} {Yupik} ({CAY})},
	isbn = {978-3-11-027820-0},
	language = {eng esk jpn},
	number = {58},
	publisher = {De Gruyter Mouton},
	author = {Miyaoka, Osahito},
	year = {2012},
	note = {OCLC: ocn816279854},
	keywords = {Central Yupik language, Grammar}
}

@phdthesis{nagai_agentive_2006,
	type = {Ph.{D} dissertation},
	title = {Agentive and {Patientive} {Verb} {Bases} in {North} {Alaskan} {Iñupiaq}},
	school = {University of Alaska Fairbanks},
	author = {Nagai, Tadataka},
	year = {2006}
}

@book{polinsky_deconstructing_2016,
	address = {New York, NY},
	series = {Oxford {Studies} in {Comparative} {Syntax}},
	title = {Deconstructing ergativity: two types of ergative languages and their features},
	isbn = {978-0-19-025658-6 978-0-19-025659-3},
	shorttitle = {Deconstructing ergativity},
	publisher = {Oxford University Press},
	author = {Polinsky, Maria},
	year = {2016},
	keywords = {Grammar, Comparative and general, Ergative constructions, Generative grammar}
}

@article{polinskaja_contrasting_1987,
	title = {Contrasting the absolutive in {Chuckchee} {Syntax}, semantics pragmatics},
	volume = {31},
	journal = {Lingua},
	author = {Polinskaja, Maria and Nedjalkov, Victor},
	year = {1987},
	pages = {239--269}
}

@book{pylkkanen_introducing_2008,
	address = {Cambridge, Mass},
	series = {Linguistic inquiry monograph},
	title = {Introducing arguments},
	isbn = {978-0-262-16254-8 978-0-262-66209-3},
	publisher = {MIT Press},
	author = {Pylkkänen, Liina},
	year = {2008},
	keywords = {Grammar, Comparative and general, Generative grammar, Verb phrase}
}

@incollection{rappaport_hovav_building_1999,
	address = {Stanford},
	title = {Building verb meanings},
	booktitle = {The projection of arguments: lexical and compositional factors},
	publisher = {CSLI Publications},
	author = {Rappaport Hovav, Malka and Levin, Beth},
	editor = {Butt, Miriam and Geuder, Wilhelm},
	year = {1999},
	pages = {97--134}
}

@incollection{rappaport_hovav_reflections_2010,
	address = {Oxford, United Kingdom},
	title = {Reflections on manner/result complementarity},
	booktitle = {Syntax, {Lexical} {Semantics}, and {Event} {Structure}},
	publisher = {Oxford University Press},
	author = {Rappaport Hovav, Malka and Levin, Beth},
	editor = {Doron, Edit and Rappaport Hovav, Malka and Sichel, Ivy},
	year = {2010},
	pages = {21--38}
}

@article{spencer_noun_1995,
	title = {Noun incorporation in {Chukchi}},
	volume = {71},
	journal = {Language},
	author = {Spencer, Andrew},
	year = {1995},
	pages = {439--489}
}

@phdthesis{spreng_viewpoint_2012,
	type = {Ph.{D} dissertation},
	title = {Viewpoint aspect in {Inuktitut}: {The} {Syntax} and {Semantics} of {Antipassives}},
	school = {University of Toronto},
	author = {Spreng, Bettina},
	year = {2012}
}