@InCollection{Abraham1986,
  author    = {Abraham, Werner},
  title     = {Word order in the middle field of the {G}erman sentence},
  booktitle = {Topic, focus and configurationality. {P}apers from the 6th {G}roningen {G}rammar {T}alks},
  publisher = {John Benjamins},
  year      = {1986},
  editor    = {Werner Abraham and Sjaak {de Meij}},
  pages     = {15-38},
  address   = {Amsterdam},
}

@PhdThesis{Antonyuk2015,
  author = {Antonyuk, Svitlana},
  title  = {Quantifier Scope and Scope Freezing in {R}ussian},
  school = {Stony Brook University},
  year   = {2015},
  type   = {Ph.D. dissertation},
}

@PhdThesis{Bacovcin2017,
  author = {Bacovcin, Hezekiah Akiva},
  title  = {Parameterising {G}ermanic ditransitive variation. {A} historical-comparative study},
  school = {University of Pennsylvania},
  year   = {2017},
  type   = {Ph.D. dissertation},
}

@InCollection{BeaversNishida2010,
	address = {Amsterdam},
	author = {John Beavers and Chiyo Nishida},
	booktitle = {Romance linguistics 2009. {S}elected papers from the 39th {L}inguistic {S}ymposium on {R}omance {L}anguages ({LSRL})},
	editor = {Sonia Colina and Antxon Olarrea and Ana Maria Carvalho},
	pages = {217-30},
	publisher = {John Benjamins},
	title = {The {S}panish dative alternation revisited},
	year = {2010}
}

@InCollection{Belletti2004,
	address = {Oxford},
	author = {Belletti, Adriana},
	booktitle = {The structure of {CP} and {IP}. {T}he cartography of syntactic structures,},
	editor = {Rizzi, Luigi},
	pages = {16-51},
	publisher = {Oxford University Press},
	title = {Aspects of the low {IP} area},
	year = {2004}
}

@InCollection{Bleam2003,
	address = {Amsterdam},
	author = {Bleam, Tonia},
	booktitle = {{A} Romance perspective on language knowledge and use. {S}elected papers from the 31st {L}inguistic {S}ymposium on {R}omance {L}anguages ({LSRL})},
	editor = {Rafael Nunez-Cedeno and Luis Lopez and Richard Cameron},
	pages = {233-252},
	publisher = {John Benjamins},
	title = {Properties of double object construction in {S}panish},
	year = {2003}
}

@InCollection{Brito2014,
  author    = {Brito, Ana Maria},
  title     = {As construções ditransitivas revisitadas. {A}lternância dativa em {P}ortuguês {E}uropeu?},
  booktitle = {Textos selecionados do {XXIX} {E}ncontro {N}acional da {A}ssociação {P}ortuguesa de {L}inguística},
  publisher = {Associação Portuguesa de Linguística},
  year      = {2014},
  editor    = {António Moreno and Fátima Silva and Isabel Falé and Isabel Pereira and João Veloso},
  pages     = {103-119},
  address   = {Coimbra},
}

@Article{Brito2015,
	author = {Brito, Ana Maria},
	journal = {Oslo Studies in Language},
	number = {1},
	pages = {337-357},
	title = {Two base generated structures for ditransitives in {E}uropean {P}ortuguese},
	volume = {7},
	year = {2015}
}

@Unpublished{CepedaCyrino2017,
  author = {Paola Cépeda and Sonia Cyrino},
  title  = {A point of order. {O}bject asymmetries in {S}panish and {P}ortuguese ditransitives},
  note   = {Manuscript},
  year = {2017}
}

@PhdThesis{Choi1996,
  author = {Choi, Hye-Won},
  title  = {Optimizing structure in context. {S}crambling and information structure},
  school = {Rutgers University},
  year   = {1996},
  type   = {Ph.D. dissertation},
}

@InCollection{Costa2009,
	address = {Berlin},
	author = {Costa, João},
	booktitle = {Alternatives to cartography},
	editor = {Jeroen {van Craenenbroeck}},
	pages = {87-108},
	publisher = {De Gruyter Mouton},
	title = {A focus-binding conspiracy. {L}eft-to-right merge, scrambling and binary structure in {E}uropean {P}ortuguese},
	year = {2009}
}

@PhdThesis{Cuervo2003,
  author = {Cuervo, María Cristina},
  title  = {Datives at large},
  school = {Massachusetts Institute of Technology},
  year   = {2003},
  type   = {Ph.D. dissertation},
}

@InCollection{Cuervo2010,
	address = {Amsterdam},
	author = {Cuervo, María Cristina},
	booktitle = {Romance linguistics 2008: {I}nteractions in {R}omance. {S}elected papers from the 38th {L}inguistic {S}ymposium on {R}omance {L}anguages ({LRSL})},
	editor = {Karlos Arregi and Zsuzsanna Fagyal and Silvina A. Montrul and Annie Tremblay},
	pages = {139-155},
	publisher = {John Benjamins},
	title = {Two types of (apparently) ditransitive light verb constructions},
	year = {2010}
}

@Article{Demonte1995,
	author = {Demonte, Violeta},
	journal = {Probus},
	pages = {5-30},
	title = {Dative alternation in {S}panish},
	volume = {7},
	year = {1995}
}

@Article{Hallman2015,
	author = {Hallman, Peter},
	journal = {Linguistic Inquiry},
	number = {3},
	pages = {389-424},
	title = {Syntactic neutralization in double object constructions},
	volume = {46},
	year = {2015}
}

@InProceedings{Harley1995,
  author    = {Harley, Heidi},
  title     = {If you have, you can give},
  booktitle = {Proceedings of the 15th West Coast Conference on Formal Linguistics},
  year      = {1995},
  pages     = {193-207},
  address   = {Stanford},
  publisher = {CSLI},
}

@Article{Jiménez-Fernández2009,
	author = {Jiménez-Fernández, Ángel},
	journal = {Philologia Hispalensis},
	pages = {179-200},
	title = {The low periphery of {D}ouble {O}bject {C}onstructions in {E}nglish and {S}panish},
	volume = {23},
	year = {2009}
}

@Article{Larson1988,
	author = {Larson, Richard},
	journal = {Linguistic Inquiry},
	pages = {335-392},
	title = {On the double object construction},
	volume = {19},
	year = {1988}
}

@Book{Larson2014,
	address = {New York},
	author = {Larson, Richard},
	publisher = {Routledge},
	title = {On shell structure},
	year = {2014}
}

@Article{Larson2017,
	author = {Larson, Richard},
	journal = {Linguistic Inquiry},
	number = {3},
	pages = {389-426},
	title = {On "Dative Idioms” in {E}nglish},
	volume = {48},
	year = {2017}
}

@PhdThesis{May1977,
  author = {May, Robert},
  title  = {The grammar of quantification},
  school = {Massachusetts Institute of Technology},
  year   = {1977},
  type   = {Ph.D. dissertation},
}

@Article{Mioto2003,
	author = {Mioto, Carlos},
	journal = {Revista Letras},
	pages = {169-189},
	title = {Focalização e quantificação},
	volume = {61},
	year = {2003}
}

@PhdThesis{Oerhle1976,
  author = {Oerhle, Richard},
  title  = {The grammatical status of the {E}nglish dative alternation},
  school = {Massachusetts Institute of Technology},
  year   = {1976},
  type   = {Ph.D. dissertation},
}

@Article{Pineda2013,
	author = {Pineda, Anna},
	journal = {Borealis–An International Journal of Hispanic Linguistics},
	pages = {57--115},
	title = {Double object constructions and dative/accusative alternations in {S}panish and {C}atalan. {A} unified account},
	volume = {2},
	year = {2013}
}

@Book{Pineda2016,
	address = {Barcelona},
	author = {Pineda, Anna},
	publisher = {Institut d’Estudis Món Juïc},
	title = {Les fronteres de la (in)transitivitat. {E}studi dels aplicatius en llengües romàniques i basc},
	year = {2016}
}

@MastersThesis{Quarezemin2005,
  author = {Quarezemin, Sandra},
  title  = {A Focalização do Sujeito no {PB}},
  school = {Universidade Federal de Santa Catarina},
  year   = {2005},
  type   = {M.A. thesis},
}

@Article{RappaportHovavLevin2008,
	author = {Malka Rappaport-Hovav and Beth Levin},
	journal = {Journal of Linguistics},
	pages = {126-167},
	title = {The {E}nglish dative alternation. {T}he case for verb sensitivity},
	volume = {44},
	year = {2008}
}

@Article{Rooth1992,
	author = {Rooth, Mats},
	journal = {Natural Language Semantics},
	pages = {75-116},
	title = {A Theory of Focus Interpretation},
	volume = {1},
	year = {1992}
}

@Article{TorresMoraisSalles2010,
	author = {Maria Aparecida {Torres Morais} and Helena M.L. Salles},
	journal = {Probus},
	pages = {181-209},
	title = {Parametric change in the grammatical encoding of indirect objects in {B}razilian {P}ortuguese},
	volume = {22},
	year = {2010}
}

@Book{Zubizarreta1998,
	address = {Cambridge, MA},
	author = {Zubizarreta, Maria Luisa},
	publisher = {MIT Press},
	title = {Prosody, focus, and word order},
	year = {1998},
}