%% This BibTeX bibliography file was created using BibDesk.
%% http://bibdesk.sourceforge.net/


%% Created for pavlovlo at 2018-05-16 19:21:08 +0200 


%% Saved with string encoding Unicode (UTF-8) 



@article{Parsons:1989aa,
	Author = {Parsons, Terence},
	Date-Added = {2018-05-16 17:16:03 +0000},
	Date-Modified = {2018-05-16 17:17:01 +0000},
	Journal = {Linguistics and Philosophy },
	Number = {2},
	Pages = {213-241},
	Title = {The Progressive in English: Events, States and Processes  },
	Volume = {12},
	Year = {1989}}

@book{Higginbotham:2009aa,
	Address = {Oxford},
	Author = {Higginbotham, James},
	Date-Added = {2018-05-16 17:14:38 +0000},
	Date-Modified = {2018-05-16 17:15:54 +0000},
	Publisher = {Oxford University Press},
	Series = {Oxford Studies in Theoretical Linguistics},
	Title = {Tense, Aspect, and Indexicality},
	Year = {2009}}

@article{Svenonius:2006aa,
	Author = {Svenonius, Peter },
	Date-Added = {2018-05-16 17:13:52 +0000},
	Date-Modified = {2018-05-16 17:14:34 +0000},
	Journal = {Nordlyd},
	Pages = {1-22},
	Title = {The Emergence of Axial Parts},
	Volume = {33},
	Year = {2006}}

@book{Stolz:2006aa,
	Address = {Berlin},
	Author = {Stolz, Thomas and Cornelia Stroh and Aina Urdze},
	Date-Added = {2018-05-16 17:12:55 +0000},
	Date-Modified = {2018-05-16 17:13:41 +0000},
	Publisher = {Mouton de Gruyter},
	Title = {On comitatives and related categories. },
	Year = {2006}}

@article{Shirai:1998aa,
	Author = {Shirai, Yasuhiro},
	Date-Added = {2018-05-16 17:12:05 +0000},
	Date-Modified = {2018-05-16 17:12:52 +0000},
	Journal = {Studies in Language},
	Pages = {661--692},
	Title = {Where the progressive and resultative meet: Imperfective aspect in Japanese, Korean, Chinese, and English},
	Volume = {22},
	Year = {1998}}

@book{Rothstein:2004aa,
	Address = {Oxford},
	Author = {Rothstein, Susan},
	Date-Added = {2018-05-16 17:11:15 +0000},
	Date-Modified = {2018-05-16 17:11:52 +0000},
	Publisher = {Blackwell},
	Title = {Structuring events},
	Year = {2004}}

@book{Rohlfs:1969aa,
	Address = {Torino},
	Author = {Rohlfs, Gerhard},
	Date-Added = {2018-05-16 17:10:10 +0000},
	Date-Modified = {2018-05-16 17:10:57 +0000},
	Publisher = {Einaudi},
	Title = {Grammatica storica della lingua italiana e dei suoi dialetti},
	Volume = {3, Sintassi e formazione delle parole. },
	Year = {1969}}

@book{Pylkkanen:2008aa,
	Address = {Cambridge, MA},
	Author = {Pylkk{\"a}nen, Liina},
	Date-Added = {2018-05-16 17:09:36 +0000},
	Date-Modified = {2018-05-16 17:10:04 +0000},
	Publisher = {MIT Press},
	Title = {Introducing arguments},
	Year = {2008}}

@book{Pesetsky:1995aa,
	Address = {Cambridge, MA},
	Author = {Pesetsky, David},
	Date-Added = {2018-05-16 17:08:55 +0000},
	Date-Modified = {2018-05-16 17:09:38 +0000},
	Publisher = {MIT Press},
	Title = {Zero syntax},
	Year = {1995}}

@phdthesis{Mateu:2002aa,
	Author = {Mateu, Jaume},
	Date-Added = {2018-05-16 17:07:52 +0000},
	Date-Modified = {2018-05-16 17:08:44 +0000},
	School = {Universitat Aut{\`o}noma de Barcelona },
	Title = {Argument Structure: Relational construal at the Syntax-Semantic Interface},
	Year = {2002}}

@article{Mateu:1999aa,
	Author = {Mateu, Jaume and Laia Amadas},
	Date-Added = {2018-05-16 17:07:05 +0000},
	Date-Modified = {2018-05-16 17:08:07 +0000},
	Journal = {Catalan Working Papers in Linguistics },
	Pages = {159-174},
	Title = {Extended Argument Structure: Progressive as Unaccusative},
	Volume = {7},
	Year = {1999}}

@article{Manzini:2017aa,
	Author = {Manzini, M. Rita and Paolo Lorusso and Leonardo M. Savoia},
	Date-Added = {2018-05-16 17:06:18 +0000},
	Date-Modified = {2018-05-16 17:07:00 +0000},
	Journal = {QULSO },
	Pages = {11-59},
	Title = {a/bare finite complements in Southern Italian varieties: Mono-clausal or bi-clausal syntax},
	Volume = {3},
	Year = {2017}}

@article{Manzini:2016aa,
	Author = {Manzini, M. Rita, and Ludovico Franco},
	Date-Added = {2018-05-16 17:05:25 +0000},
	Date-Modified = {2018-05-16 17:06:05 +0000},
	Journal = {Natural Language and Linguistic Theory },
	Pages = {197-240},
	Title = {Goal and DOM Datives},
	Volume = {34},
	Year = {2016}}

@article{Manzini:2011aa,
	Author = {Manzini, M. Rita and Leonardo M. Savoia},
	Date-Added = {2018-05-16 17:04:32 +0000},
	Date-Modified = {2018-05-16 17:05:16 +0000},
	Journal = {Linguistic Variation},
	Pages = {76-120},
	Title = { Reducing `case' to denotational primitives},
	Volume = {11},
	Year = {2011}}

@article{Levinson:2011aa,
	Author = {Levinson, Lisa},
	Date-Added = {2018-05-16 17:03:45 +0000},
	Date-Modified = {2018-05-16 17:04:29 +0000},
	Journal = {Syntax},
	Pages = {355--393},
	Title = {Possessive with in Germanic: Have and the role of P},
	Volume = {14},
	Year = {2011}}

@incollection{Ledgeway:2016aa,
	Address = {Oxford},
	Author = {Ledgeway, Adam },
	Booktitle = {The Oxford Guide to Romance Languages},
	Date-Added = {2018-05-16 17:02:39 +0000},
	Date-Modified = {2018-05-16 17:03:37 +0000},
	Editor = {Adam Ledgeway and Martin Maiden},
	Pages = {246--269},
	Publisher = {Oxford University Press},
	Title = {The dialects of southern Italy},
	Year = {2016}}

@article{Landman:1992aa,
	Author = {Landman, Fred },
	Date-Added = {2018-05-16 17:01:45 +0000},
	Date-Modified = {2018-05-16 17:02:30 +0000},
	Journal = {Natural Language Semantics},
	Pages = {1-32.},
	Title = {The Progressive},
	Volume = {1},
	Year = {1992}}

@mastersthesis{Kilian-Hatz:1992aa,
	Author = {Kilian-Hatz, Christa},
	Date-Added = {2018-05-16 17:01:02 +0000},
	Date-Modified = {2018-05-16 17:01:38 +0000},
	School = {Universit{\"a}t zu K{\"o}ln},
	Title = {Der Komitativ im Baka: Eine Fallstudie zur Grammatikalisierung},
	Year = {1992}}

@incollection{Kayne:2003aa,
	Address = {Lund},
	Author = {Kayne, Richard},
	Booktitle = {Grammar in Focus: Festschrift for Christer Platzack},
	Date-Added = {2018-05-16 16:56:43 +0000},
	Date-Modified = {2018-05-16 17:00:51 +0000},
	Editor = {Lars-Olof Delsing and Cecilia Falk and Gunl{\"o}g Josefsson and Halld{\'o}r {\'A}. Sigur√∞sson },
	Pages = {209--226},
	Publisher = {Wallin & Dalholm},
	Title = {Silent years, silent hours},
	Volume = {II},
	Year = {2003}}

@article{Kayne:1993aa,
	Author = {Kayne, Richard},
	Date-Added = {2018-05-16 16:55:51 +0000},
	Date-Modified = {2018-05-16 16:56:34 +0000},
	Journal = {Studia Linguistica },
	Pages = {3-31},
	Title = {Toward a Modular theory of Auxiliary Selection},
	Volume = {47},
	Year = {1993}}

@book{Kayne:1984aa,
	Address = {Dordrecht},
	Author = {Kayne, Richard},
	Date-Added = {2018-05-16 16:55:12 +0000},
	Date-Modified = {2018-05-16 16:55:46 +0000},
	Publisher = {Foris},
	Title = {Connectedness and binary branching},
	Year = {1984}}

@phdthesis{Kawasha:2003aa,
	Author = {Kawasha, Boniface Kaumba},
	Date-Added = {2018-05-16 16:54:41 +0000},
	Date-Modified = {2018-05-16 16:55:02 +0000},
	School = {University of Oregon },
	Title = {Lunda Grammar},
	Year = {2003}}

@phdthesis{Johannsdottir:2011aa,
	Author = {J{\'o}hannsd{\'o}ttir, Krist{\'\i}n},
	Date-Added = {2018-05-16 16:53:56 +0000},
	Date-Modified = {2018-05-16 16:54:30 +0000},
	School = {University of British Columbia},
	Title = {Aspects of the Progressive in English and Icelandic},
	Year = {2011}}

@book{Jespersen:1924aa,
	Address = {London},
	Author = {Jespersen, Otto},
	Date-Added = {2018-05-16 16:52:41 +0000},
	Date-Modified = {2018-05-16 16:53:44 +0000},
	Publisher = {Allen & Unwin Ltd.},
	Title = {The Philosophy of Grammar},
	Year = {1924}}

@incollection{Higginbotham:2004aa,
	Address = {Cambridge, MA},
	Author = {Higginbotham, James},
	Booktitle = {The Syntax of Time},
	Date-Added = {2018-05-16 16:51:27 +0000},
	Date-Modified = {2018-05-16 16:52:32 +0000},
	Editor = {Jacqueline Gu{\'e}ron and Jacqueline Lecarme},
	Pages = {329--358},
	Publisher = {MIT Press},
	Title = {The English progressive  },
	Year = {2004}}

@book{Heine:2002aa,
	Address = {Cambridge},
	Author = {Heine, Bernd, and Tania Kuteva},
	Date-Added = {2018-05-16 16:50:40 +0000},
	Date-Modified = {2018-05-16 16:51:12 +0000},
	Publisher = {Cambridge University Press},
	Title = {World Lexicon of Grammaticalization},
	Year = {2002}}

@article{Harley:2002aa,
	Author = {Harley, Heidi},
	Date-Added = {2018-05-16 16:49:58 +0000},
	Date-Modified = {2018-05-16 16:50:33 +0000},
	Journal = {Linguistic Variation Yearbook },
	Pages = {29--68},
	Title = {Possession and the double object construction},
	Volume = {2},
	Year = {2002}}

@article{Gallego:2010aa,
	Author = {Gallego, {\'A}ngel},
	Date-Added = {2018-05-16 16:49:06 +0000},
	Date-Modified = {2018-05-16 16:49:49 +0000},
	Journal = {Catalan Journal of Linguistics},
	Pages = {79-102},
	Title = {On the prepositional nature of non-finite verbs},
	Volume = {9},
	Year = {2010}}

@article{Freeze:1992aa,
	Author = {Freeze, Ray},
	Date-Added = {2018-05-16 16:48:23 +0000},
	Date-Modified = {2018-05-16 16:48:56 +0000},
	Journal = {Language},
	Number = {68},
	Pages = {553--595},
	Title = {Existentials and other locatives},
	Year = {1992}}

@article{Franco:2015aa,
	Author = {Franco, Ludovico},
	Date-Added = {2018-05-16 16:47:38 +0000},
	Date-Modified = {2018-05-16 16:48:15 +0000},
	Journal = {Probus},
	Pages = {271-306},
	Title = {The Morphosyntax of Adverbs of the Carpone/i type in (Old and Modern) Italian},
	Volume = {27},
	Year = {2015}}

@article{Franco:2017ab,
	Author = {Franco, Ludovico and M. Rita Manzini},
	Date-Added = {2018-05-16 16:43:45 +0000},
	Date-Modified = {2018-05-16 16:47:23 +0000},
	Journal = {Glossa},
	Number = {8},
	Pages = {1-37},
	Title = {Instrumental Prepositions and Case: Contexts of Occurrence and Alternations with Datives.},
	Volume = {2},
	Year = {2017}}

@article{Franco:2017aa,
	Author = {Franco, Ludovico and M. Rita Manzini},
	Date-Added = {2018-05-16 16:41:25 +0000},
	Date-Modified = {2018-05-16 16:43:39 +0000},
	Journal = {Revue Roumaine de Linguistique},
	Number = {4},
	Pages = {427-444},
	Title = {Genitive/`of' arguments in DOM contexts },
	Volume = {LXII},
	Year = {2017}}

@book{Filip:1999aa,
	Address = {New York},
	Author = {Filip, Hana},
	Date-Added = {2018-05-16 16:25:31 +0000},
	Date-Modified = {2018-05-16 16:41:12 +0000},
	Publisher = {Garland},
	Title = {Aspect, Situation Types and Noun Phrase Semantics},
	Year = {1999}}

@article{Fabregas:2015aa,
	Author = {F{\'a}bregas, Antonio },
	Date-Added = {2018-05-16 16:24:38 +0000},
	Date-Modified = {2018-05-16 16:25:24 +0000},
	Journal = {Revue Romane},
	Pages = {163--190},
	Title = {Direccionales con con y Marcado Diferencial de Objeto},
	Volume = {50},
	Year = {2015}}

@book{Dowty:1979aa,
	Address = {Dordrecht},
	Author = {Dowty, David},
	Date-Added = {2018-05-16 16:23:48 +0000},
	Date-Modified = {2018-05-16 16:24:21 +0000},
	Publisher = {Kluwer},
	Title = {Dowty, David},
	Year = {1979}}

@incollection{Dikken:1998aa,
	Address = {Amsterdam},
	Author = {den Dikken, Marcel},
	Booktitle = {Possessors, Predicates and Movement in the Determiner Phrase},
	Date-Added = {2018-05-16 16:22:22 +0000},
	Date-Modified = {2018-05-16 16:23:38 +0000},
	Editor = {Artemis Alexiadou and Chris Wilder},
	Pages = {177-214},
	Publisher = {John Benjamins},
	Title = {Predicate inversion in DP},
	Year = {1998}}

@incollection{Demirdache:1997aa,
	Address = {Cambridge, MA},
	Author = {Demirdache, Hamida, and Miriam Uribe-Etxebarria  },
	Booktitle = {Step by Step: Essays on Minimalist Syntax in Honor of Howard Lasnik},
	Date-Added = {2018-05-16 16:20:31 +0000},
	Date-Modified = {2018-05-16 16:22:12 +0000},
	Editor = {Martin David Michaels Roger and Juan Uriagereka},
	Pages = {157-186},
	Publisher = {MIT Press},
	Title = {The Primitives of temporal Relations},
	Year = {1997}}

@book{Comrie:1976aa,
	Address = {Cambridge},
	Author = {Comrie, Bernard},
	Date-Added = {2018-05-16 16:19:33 +0000},
	Date-Modified = {2018-05-16 16:20:07 +0000},
	Publisher = {Cambridge University Press},
	Title = {Aspect},
	Year = {1976}}

@article{Cinque:2017aa,
	Author = {Cinque, Guglielmo},
	Date-Added = {2018-05-16 16:18:39 +0000},
	Date-Modified = {2018-05-16 16:19:22 +0000},
	Journal = {Language and Linguistics},
	Pages = {521-576},
	Title = {On the status of functional categories (heads and phrases)},
	Volume = {18},
	Year = {2017}}

@phdthesis{Casalicchio:2013aa,
	Author = {Casalicchio, Jan },
	Date-Added = {2018-05-16 16:17:48 +0000},
	Date-Modified = {2018-05-16 16:18:24 +0000},
	School = {Universit{\`a} di Padova},
	Title = {Pseudorelative, gerundi e infiniti nelle variet{\`a} romanze: affint{\`a} (solo) superficiali e corrispondenze strutturali},
	Year = {2013}}

@phdthesis{Caha:2009aa,
	Author = {Caha, Pavel},
	Date-Added = {2018-05-16 15:50:36 +0000},
	Date-Modified = {2018-05-16 15:53:28 +0000},
	School = {University of Troms{\o} },
	Title = {The nanosyntax of case},
	Year = {2009}}

@book{Bybee:1994aa,
	Address = {Chicago},
	Author = {Bybee, Joan and Revere Perkins and William Pagliuca},
	Date-Added = {2018-05-16 15:48:47 +0000},
	Date-Modified = {2018-05-16 15:50:11 +0000},
	Publisher = {The University of Chicago Press},
	Title = {The Evolution of Grammar},
	Year = {1994}}

@incollection{Berwick:2011aa,
	Address = {Oxford},
	Author = {Berwick, Robert, and Noam Chomsky},
	Booktitle = {The Biolinguistic Enterprise},
	Date-Added = {2018-05-16 15:47:18 +0000},
	Date-Modified = {2018-05-16 15:48:31 +0000},
	Editor = { Anna Maria Di Sciullo and Cedric Boeckx},
	Pages = {19-41},
	Publisher = {Oxford University Press},
	Title = {The Biolinguistic Program: the Current State of Its Evolution and Development},
	Year = {2011}}

@incollection{Bertinetto:2000aa,
	Address = {Berlin},
	Author = {Bertinetto, Pier Marco},
	Booktitle = { Tense and Aspect in the Languages of Europe},
	Date-Added = {2018-05-16 15:45:13 +0000},
	Date-Modified = {2018-05-16 15:46:51 +0000},
	Editor = {{\"O}sten Dahl},
	Pages = {559--604},
	Publisher = {Mouton de Gruyter},
	Title = {The progressive in Romance, as compared with English},
	Year = {2000}}

@article{Belvin:1997aa,
	Author = {Belvin, Robert, and Marcel den Dikken},
	Date-Added = {2018-05-16 15:39:26 +0000},
	Date-Modified = {2018-05-16 15:44:48 +0000},
	Journal = {Lingua},
	Number = {151-183},
	Title = {There, Happens, to, Be, Have},
	Volume = {101},
	Year = {1997}}

@article{Beck:2004aa,
	Author = {Beck, Sigrid, and Kyle Johnson},
	Date-Added = {2018-05-16 15:38:25 +0000},
	Date-Modified = {2018-05-16 15:39:25 +0000},
	Journal = {Linguistic Inquiry},
	Pages = {97--124},
	Title = {Double objects again},
	Volume = {35},
	Year = {2004}}

@article{Bach:1986aa,
	Author = {Bach, Emmon  9:5--16.},
	Date-Added = {2018-05-16 15:20:04 +0000},
	Date-Modified = {2018-05-16 15:38:08 +0000},
	Journal = {Linguistics and Philosophy},
	Pages = {5-16},
	Title = {The algebra of events},
	Volume = {9},
	Year = {1986}}
