@phdthesis{Michelioudakis2012,
	Author = {Michelioudakis, Dimitris},
	Date-Added = {2018-03-22 14:14:11 +0000},
	Date-Modified = {2018-03-22 14:17:05 +0000},
	School = {University of Cambridge},
	Title = {Dative arguments and abstract case in {G}reek},
	Year = {2012}}

@incollection{Dimitriadis1999,
	Author = {Dimitriadis, Alexis},
	Booktitle = {Studies in {G}reek syntax},
	Date-Added = {2018-03-22 14:04:09 +0000},
	Date-Modified = {2018-03-22 14:08:39 +0000},
	Editor = {Alexiadou, Artemis and Horrocks, Geoffrey and Stavrou, Melita},
	Pages = {95--112},
	Publisher = {Kluwer},
	Title = {Clitics, prepositions and case licensing},
	Year = {1999}}

@book{Roberts2003,
	Author = {Roberts, Ian and Roussou, Anna},
	Date-Added = {2018-01-04 23:03:17 +0000},
	Date-Modified = {2018-01-04 23:25:54 +0000},
	Publisher = {Cambridge University Press},
	Title = {Syntactic change: a minimalist approach to grammaticalization},
	Volume = {100},
	Year = {2003}}

@article{Biberauer2012,
	Author = {Biberauer, Theresa and Roberts, Ian},
	Date-Added = {2018-01-04 23:01:11 +0000},
	Date-Modified = {2018-01-04 23:09:19 +0000},
	Journal = {Cambridge occasional papers in linguistics},
	Number = {9},
	Pages = {267--294},
	Title = {Towards a parameter hierarchy for auxiliaries: diachronic considerations},
	Volume = {6},
	Year = {2012}}

@inproceedings{Sheehan2014,
	Author = {Sheehan, Michelle},
	Booktitle = {Proceedings of the 31st West Coast Conference on Formal Linguistics (WCCFL 31)},
	Date-Added = {2018-01-04 21:04:44 +0000},
	Date-Modified = {2018-01-04 21:05:55 +0000},
	Editor = {Santana-LaBarge, Robert},
	Organization = {Cascadilla Somerville, MA},
	Pages = {399--408},
	Title = {Towards a parameter hierarchy for alignment},
	Year = {2014}}

@book{Heine2005,
	Author = {Heine, Bernd and Kuteva, Tania},
	Date-Added = {2018-01-04 18:34:09 +0000},
	Date-Modified = {2018-01-04 18:44:24 +0000},
	Publisher = {Cambridge University Press},
	Title = {Language contact and grammatical change},
	Year = {2005}}

@article{Heine2003,
	Author = {Heine, Bernd and Kuteva, Tania},
	Date-Added = {2018-01-04 18:33:01 +0000},
	Date-Modified = {2018-01-04 18:33:16 +0000},
	Journal = {Studies in Language. International Journal sponsored by the Foundation ``Foundations of Language''},
	Number = {3},
	Pages = {529--572},
	Publisher = {John Benjamins Publishing Company},
	Title = {On contact-induced grammaticalization},
	Volume = {27},
	Year = {2003}}

@book{Thomason1988,
	Author = {Thomason, Sarah Grey and Kaufman, Terrence},
	Date-Added = {2018-01-04 18:30:52 +0000},
	Date-Modified = {2018-01-04 18:31:48 +0000},
	Publisher = {University of California Press},
	Title = {Language contact, creolization, and genetic linguistics},
	Year = {1988}}

@book{Giorgi1997,
	Author = {Giorgi, Alessandra and Pianesi, Fabio},
	Date-Added = {2018-01-04 18:27:09 +0000},
	Date-Modified = {2018-01-04 23:15:53 +0000},
	Publisher = {Oxford University Press},
	Title = {Tense and aspect: from semantics to morphosyntax},
	Year = {1997}}

@article{Aissen2003,
	Author = {Aissen, Judith},
	Date-Added = {2018-01-04 18:26:01 +0000},
	Date-Modified = {2018-01-04 18:35:44 +0000},
	Journal = {Natural Language \&amp; Linguistic Theory},
	Number = {3},
	Pages = {435--483},
	Publisher = {Springer},
	Title = {Differential object marking: Iconicity vs. economy},
	Volume = {21},
	Year = {2003}}

@incollection{Silverstein1976,
	Author = {Silverstein, Michael},
	Booktitle = {Ergativity: Towards a Study of Grammatical Relations},
	Date-Added = {2018-01-04 18:19:46 +0000},
	Date-Modified = {2018-01-04 23:28:31 +0000},
	Editor = {Dixon, Robert M.W.},
	Pages = {112-171},
	Publisher = {Australian Institute of Aboriginal Studies},
	Title = {Hierarchies of features and ergativity: grammatical categories in {A}ustralian languages},
	Year = {1976}}

@article{Jelinek1984,
	Author = {Jelinek, Eloise},
	Date-Added = {2018-01-04 18:18:22 +0000},
	Date-Modified = {2018-01-04 18:46:59 +0000},
	Journal = {Natural Language \&amp; Linguistic Theory},
	Number = {1},
	Pages = {39--76},
	Publisher = {Springer},
	Title = {Empty categories, case, and configurationality},
	Volume = {2},
	Year = {1984}}

@incollection{Frascarelli2007,
	Author = {Frascarelli, Mara and Hinterh{\"o}lzl, Roland},
	Booktitle = {On information structure, meaning and form. Generalizations across languages},
	Date-Added = {2018-01-04 18:15:27 +0000},
	Date-Modified = {2018-01-04 23:14:23 +0000},
	Editor = {Schwabe, Kerstin and Winkler, Susanne},
	Pages = {87--116},
	Publisher = {Benjamins},
	Title = {Types of topics in {G}erman and {I}talian},
	Year = {2007}}

@incollection{Frascarelli2004,
	Author = {Frascarelli, Mara},
	Booktitle = {Romance languages and linguistic theory 2002: Selected papers from "{G}oing {R}omance," {G}roningen, 28-30 {N}ovember 2002},
	Date-Added = {2018-01-04 18:12:36 +0000},
	Date-Modified = {2018-01-04 23:15:45 +0000},
	Editor = {Reineke, Bok-Bennema and Hollebrandse, Bart and Kampers-Manhe, Brigitte and Sleeman, Petra},
	Pages = {99--118},
	Publisher = {John Benjamins Publishing},
	Title = {Dislocation, clitic resumption and minimality: a comparative analysis of left and right topic constructions in {I}talian},
	Volume = {256},
	Year = {2004}}

@book{Cruschina2012,
	Author = {Cruschina, Silvio},
	Date-Added = {2018-01-04 18:09:53 +0000},
	Date-Modified = {2018-01-04 18:40:34 +0000},
	Publisher = {Oxford University Press},
	Title = {Discourse-related features and functional projections},
	Year = {2012}}

@article{Cardinaletti2002,
	Author = {Cardinaletti, Anna},
	Date-Added = {2018-01-04 18:09:21 +0000},
	Date-Modified = {2018-01-04 18:38:16 +0000},
	Journal = {Studia linguistica},
	Number = {1},
	Pages = {29--57},
	Publisher = {Wiley Online Library},
	Title = {Against optional and null clitics. Right dislocation vs. marginalization},
	Volume = {56},
	Year = {2002}}

@book{Frascarelli2000s,
	Author = {Frascarelli, Mara},
	Date-Added = {2018-01-04 18:08:41 +0000},
	Date-Modified = {2018-03-22 15:58:01 +0000},
	Publisher = {Kluwer},
	Title = {The syntax-phonology interface in focus and topic constructions in {I}talian},
	Volume = {50},
	Year = {2000}}

@book{Pineda2016,
	Author = {Pineda, Anna},
	Date-Added = {2018-01-04 18:06:19 +0000},
	Date-Modified = {2018-01-04 19:18:48 +0000},
	Publisher = {M{\'o}n Ju{\"\i}c Institut d'Estudis},
	Title = {Les fronteres de la (in)transitivitat: estudi dels aplicatius en lleng{\"u}es rom{\`a}niques i basc},
	Year = {2016}}

@article{Harley2015,
	Author = {Harley, Heidi and Jung, Hyun Kyoung},
	Date-Added = {2018-01-04 18:05:02 +0000},
	Date-Modified = {2018-01-04 23:16:43 +0000},
	Journal = {Linguistic Inquiry},
	Pages = {703-730},
	Publisher = {MIT Press},
	Title = {In support of the {P}{H}ave analysis of the double object construction},
	Volume = {46},
	Year = {2015}}

@incollection{Ormazabal2010,
	Author = {Ormazabal, Javier and Romero, Juan},
	Booktitle = {Argument structure and syntactic relations: a cross-linguistic perspective},
	Date-Added = {2018-01-04 18:02:00 +0000},
	Date-Modified = {2018-01-04 23:24:16 +0000},
	Editor = {Duguine, Maia and Huidobro, Susana and Madariaga, Nerea},
	Pages = {203--232},
	Publisher = {John Benjamins Amsterdam},
	Title = {The derivation of dative alternations},
	Year = {2010}}

@article{Bruening2010b,
	Author = {Bruening, Benjamin},
	Date-Added = {2018-01-04 18:00:17 +0000},
	Date-Modified = {2018-01-04 18:37:52 +0000},
	Journal = {Linguistic Inquiry},
	Number = {4},
	Pages = {519--562},
	Publisher = {MIT Press},
	Title = {Ditransitive asymmetries and a theory of idiom formation},
	Volume = {41},
	Year = {2010}}

@article{Bruening2010a,
	Author = {Bruening, Benjamin},
	Date-Added = {2018-01-04 17:59:44 +0000},
	Date-Modified = {2018-01-04 18:38:02 +0000},
	Journal = {Linguistic Inquiry},
	Number = {2},
	Pages = {287--305},
	Publisher = {MIT Press},
	Title = {Double object constructions disguised as prepositional datives},
	Volume = {41},
	Year = {2010}}

@book{Jeong2007,
	Author = {Jeong, Youngmi},
	Date-Added = {2018-01-04 17:59:01 +0000},
	Date-Modified = {2018-01-04 23:18:10 +0000},
	Publisher = {John Benjamins Publishing},
	Title = {Applicatives: structure and interpretation from a minimalist perspective},
	Volume = {104},
	Year = {2007}}

@phdthesis{Cuervo2003,
	Author = {Cuervo, Mar{\'\i}a Cristina},
	Date-Added = {2018-01-04 17:58:25 +0000},
	Date-Modified = {2018-01-04 18:40:46 +0000},
	School = {Massachusetts Institute of Technology},
	Title = {Datives at large},
	Year = {2003}}

@book{Anagnostopoulou2003,
	Author = {Anagnostopoulou, Elena},
	Date-Added = {2018-01-04 17:57:46 +0000},
	Date-Modified = {2018-01-04 23:08:54 +0000},
	Publisher = {Walter de Gruyter},
	Title = {The syntax of ditransitives: evidence from clitics},
	Volume = {54},
	Year = {2003}}

@book{Pylkkanen2008,
	Author = {Pylkk{\"a}nen, Liina},
	Date-Added = {2018-01-04 17:56:31 +0000},
	Date-Modified = {2018-01-04 19:21:49 +0000},
	Publisher = {MIT press},
	Title = {Introducing arguments},
	Volume = {49},
	Year = {2008}}

@article{Harley2002,
	Author = {Harley, Heidi},
	Date-Added = {2018-01-04 17:55:47 +0000},
	Date-Modified = {2018-01-04 18:44:01 +0000},
	Journal = {Linguistic variation yearbook},
	Number = {1},
	Pages = {31--70},
	Publisher = {John Benjamins Publishing Company},
	Title = {Possession and the double object construction},
	Volume = {2},
	Year = {2002}}

@book{Collins1997,
	Author = {Collins, Chris},
	Date-Added = {2018-01-04 17:55:09 +0000},
	Date-Modified = {2018-01-04 18:39:34 +0000},
	Publisher = {MIT press},
	Title = {Local economy},
	Year = {1997}}

@book{Pesetsky1996,
	Author = {Pesetsky, David Michael},
	Date-Added = {2018-01-04 17:53:06 +0000},
	Date-Modified = {2018-01-04 19:18:37 +0000},
	Number = {27},
	Publisher = {MIT press},
	Title = {Zero syntax: experiencers and cascades},
	Year = {1996}}

@incollection{Marantz1993,
	Author = {Marantz, Alec},
	Booktitle = {Theoretical aspect of Bantu grammar},
	Date-Added = {2018-01-04 17:46:29 +0000},
	Date-Modified = {2018-01-04 17:50:23 +0000},
	Editor = {Mochombo, Sam},
	Pages = {113-150},
	Publisher = {CSLI},
	Title = {Implications of asymmetries in double object construction},
	Year = {1993}}

@article{Collins1993,
	Author = {Collins, Chris and Thr{\'a}insson, H{\"o}skuldur},
	Date-Added = {2018-01-04 17:44:29 +0000},
	Date-Modified = {2018-01-04 23:12:35 +0000},
	Journal = {Papers on Case and Agreement II, MITWPL},
	Pages = {131--174},
	Title = {Object shift in double object constructions and the theory of case},
	Volume = {19},
	Year = {1993}}

@article{Barss1986,
	Author = {Barss, Andrew and Lasnik, Howard},
	Date-Added = {2018-01-04 17:43:39 +0000},
	Date-Modified = {2018-01-04 18:37:10 +0000},
	Journal = {Linguistic inquiry},
	Number = {2},
	Pages = {347--354},
	Publisher = {JSTOR},
	Title = {A note on anaphora and double objects},
	Volume = {17},
	Year = {1986}}

@article{Demonte1995,
	Author = {Demonte, Violeta},
	Date-Added = {2018-01-04 17:42:00 +0000},
	Date-Modified = {2018-01-04 23:13:31 +0000},
	Journal = {Probus},
	Number = {5--30},
	Title = {Dative alternation in {S}panish},
	Volume = {7},
	Year = {1995}}

@book{Ledgeway2009,
	Author = {Ledgeway, Adam},
	Date-Added = {2018-01-04 17:39:21 +0000},
	Date-Modified = {2018-01-04 18:49:16 +0000},
	Publisher = {Walter de Gruyter},
	Title = {Grammatica diacronica del napoletano},
	Volume = {350},
	Year = {2009}}

@book{Ledgeway2000,
	Author = {Ledgeway, Adam},
	Date-Added = {2018-01-04 17:37:58 +0000},
	Date-Modified = {2018-01-04 23:19:59 +0000},
	Publisher = {Wiley-Blackwell},
	Title = {A comparative syntax of the dialects of southern {I}taly},
	Year = {2000}}

@periodical{Chila2017,
	Author = {Chil{\`a}, Annamaria},
	Date-Added = {2018-01-04 17:32:58 +0000},
	Date-Modified = {2018-03-22 16:17:48 +0000},
	Journal = {L'Italia dialettale},
	Pages = {57--71},
	Title = {Il sincretismo genitive-dativo nella variet{\`a} reggina di {S}. {L}uca},
	Volume = {LXXVIII},
	Year = {2017}}

@book{Holton1997,
	Author = {Holton, David and Mackridge, Peter and Philippaki-Warburton, Irene},
	Date-Added = {2018-01-04 17:31:39 +0000},
	Date-Modified = {2018-01-04 23:17:12 +0000},
	Publisher = {Routledge},
	Title = {Greek: a comprehensive grammar of the modern language},
	Year = {1997}}

@book{Mackridge1985,
	Author = {Mackridge, Peter},
	Date-Added = {2018-01-04 17:30:36 +0000},
	Date-Modified = {2018-01-04 23:22:10 +0000},
	Publisher = {Oxford University Press, USA},
	Title = {The modern {G}reek language: a descriptive analysis of standard modern {G}reek},
	Year = {1985}}

@article{Ledgeway2015,
	Author = {Ledgeway, Adam},
	Date-Added = {2018-01-04 17:28:36 +0000},
	Date-Modified = {2018-01-04 23:19:41 +0000},
	Journal = {Revue roumaine de linguistique},
	Pages = {105--127},
	Publisher = {Editura Academiei Rom{\^a}ne},
	Title = {Parallels in {R}omance nominal and clausal microvariation},
	Volume = {LX},
	Year = {2015}}

@book{Ledgeway2012,
	Author = {Ledgeway, Adam},
	Date-Added = {2018-01-04 17:27:19 +0000},
	Date-Modified = {2018-01-04 23:20:18 +0000},
	Publisher = {Oxford University Press},
	Title = {From {L}atin to {R}omance: morphosyntactic typology and change},
	Volume = {1},
	Year = {2012}}

@article{Hornstein1999,
	Author = {Hornstein, Norbert},
	Date-Added = {2018-01-04 17:26:08 +0000},
	Date-Modified = {2018-01-04 18:44:53 +0000},
	Journal = {Linguistic inquiry},
	Number = {1},
	Pages = {69--96},
	Publisher = {MIT Press},
	Title = {Movement and control},
	Volume = {30},
	Year = {1999}}

@book{Torrego1998,
	Author = {Torrego, Esther},
	Date-Added = {2018-01-04 15:01:33 +0000},
	Date-Modified = {2018-01-04 19:27:32 +0000},
	Publisher = {Mit Press},
	Title = {The dependencies of objects},
	Volume = {34},
	Year = {1998}}

@article{Jackendoff1990,
	Author = {Jackendoff, Ray},
	Date-Added = {2018-01-04 15:00:57 +0000},
	Date-Modified = {2018-01-04 18:46:48 +0000},
	Journal = {Linguistic inquiry},
	Number = {3},
	Pages = {427--456},
	Publisher = {JSTOR},
	Title = {On Larson's treatment of the double object construction},
	Volume = {21},
	Year = {1990}}

@article{Larson1990,
	Author = {Larson, Richard K.},
	Date-Added = {2018-01-04 15:00:16 +0000},
	Date-Modified = {2018-01-04 23:19:30 +0000},
	Journal = {Linguistic inquiry},
	Number = {4},
	Pages = {589--632},
	Publisher = {JSTOR},
	Title = {Double objects revisited: reply to {J}ackendoff},
	Volume = {21},
	Year = {1990}}

@article{Larson1988,
	Author = {Larson, Richard K},
	Date-Added = {2018-01-04 14:59:42 +0000},
	Date-Modified = {2018-01-04 18:48:49 +0000},
	Journal = {Linguistic inquiry},
	Number = {3},
	Pages = {335--391},
	Publisher = {JSTOR},
	Title = {On the double object construction},
	Volume = {19},
	Year = {1988}}

@incollection{Horrocks2007,
	Author = {Horrocks, Geoffrey},
	Booktitle = {A history of ancient {G}reek. From the beginnings to late antiquity},
	Date-Added = {2018-01-04 14:56:54 +0000},
	Date-Modified = {2018-03-22 15:59:19 +0000},
	Editor = {Christidis, Anastasios Phoivos},
	Pages = {618--631},
	Publisher = {Cambridge University Press},
	Title = {Syntax: from classical {G}reek to the {K}oine},
	Year = {2007}}

@article{Manolessou2004,
	Author = {Manolessou, Io and Beis, Stamatis},
	Date-Added = {2018-01-04 14:55:48 +0000},
	Date-Modified = {2018-03-22 16:00:58 +0000},
	Journal = {Modern Greek Dialects and Linguistic Theory},
	Number = {1},
	Pages = {220--235},
	Title = {Syntactic isoglosses in modern {G}reek dialects: the case of the indirect object},
	Volume = {2},
	Year = {2004}}

@book{Aoun1993,
	Author = {Aoun, Joseph and Li, Yen-hui Audrey},
	Date-Added = {2018-01-04 14:54:52 +0000},
	Date-Modified = {2018-01-04 18:36:14 +0000},
	Publisher = {Mit Press},
	Title = {Syntax of scope},
	Volume = {21},
	Year = {1993}}

@incollection{Vincent1997,
	Author = {Vincent, Nigel},
	Booktitle = {The dialects of {I}taly},
	Date-Added = {2018-01-04 14:51:42 +0000},
	Date-Modified = {2018-01-04 23:30:10 +0000},
	Editor = {Maiden, Martin and Parry, Mair},
	Pages = {208--213},
	Publisher = {Routledge},
	Title = {Prepositions},
	Year = {1997}}

@incollection{Trumper2003,
	Author = {Trumper, John B.},
	Booktitle = {The syntax of {I}talian dialects},
	Date-Added = {2018-01-04 14:51:03 +0000},
	Date-Modified = {2018-01-04 23:29:59 +0000},
	Editor = {Tortora, Christina},
	Pages = {229--249},
	Publisher = {Oxford University Press},
	Title = {The misunderstood double marking of indirect objects and new infinitive strategies in unexpected places: a brief study of {R}omance variation},
	Year = {2003}}

@article{Pompeo2012,
	Author = {Pompeo, Flavia},
	Date-Added = {2018-01-04 14:49:58 +0000},
	Date-Modified = {2018-01-04 19:19:11 +0000},
	Journal = {Studi Italiani di Linguistica Teorica e Applicata},
	Pages = {531--544},
	Title = {Il sincretismo di genitivo e dativo nella lega balcanica. Una convergenza multipla?},
	Volume = {41},
	Year = {2012}}

@book{Sandfeld1930,
	Author = {Sandfeld, Kristian},
	Date-Added = {2018-01-04 14:49:13 +0000},
	Date-Modified = {2018-01-04 19:26:09 +0000},
	Number = {31},
	Publisher = {E. Champion},
	Title = {Linguistique balkanique: probl{\`e}mes et r{\'e}sultats},
	Year = {1930}}

@incollection{Joseph1990,
	Author = {Joseph, Brian D.},
	Booktitle = {The major languages of {E}astern {E}urope},
	Date-Added = {2018-01-04 14:46:58 +0000},
	Date-Modified = {2018-01-04 23:18:36 +0000},
	Editor = {Comrie, Bernard},
	Pages = {144--173},
	Publisher = {Routledge},
	Title = {Greek},
	Year = {1990}}

@book{Rohlfs1969,
	Author = {Rohlfs, Gerhard},
	Date-Added = {2018-01-04 14:44:08 +0000},
	Date-Modified = {2018-01-04 19:23:59 +0000},
	Publisher = {G. Einaudi},
	Title = {Grammatica storica della lingua italiana e dei suoi dialetti. Sintassi e formazione delle parole},
	Volume = {3},
	Year = {1969}}

@incollection{Ledgeway2013,
	Author = {Ledgeway, Adam},
	Booktitle = {Proceedings of the 5th International Conference on Modern Greek Dialects and Linguistic Theory},
	Date-Added = {2018-01-04 10:56:32 +0000},
	Date-Modified = {2018-03-22 15:59:58 +0000},
	Editor = {Janse, Mark, Joseph, Brian D., Ralli, Angela and Bagriacik, Metin},
	Pages = {184--228},
	Publisher = {Laboratory of Modern Greek Dialects, University of Patras},
	Title = {Greek disguised as {R}omance? The case of southern {I}taly},
	Year = {2013}}

@incollection{Matras2007,
	Author = {Matras, Yaron and Sakel, Jeanette},
	Booktitle = {Grammatical borrowing in cross-linguistic perspective},
	Date-Added = {2018-01-04 10:54:08 +0000},
	Date-Modified = {2018-01-04 18:57:46 +0000},
	Editor = {Matras, Yaron and Sakel, Jeanette},
	Pages = {1--13},
	Publisher = {Walter de Gruyter},
	Title = {Introduction},
	Volume = {38},
	Year = {2007}}

@article{Matras2004,
	Author = {Matras, Yaron and Sakel, Jeanette},
	Date-Added = {2018-01-04 10:53:01 +0000},
	Date-Modified = {2018-01-04 18:57:26 +0000},
	Journal = {Studies in Language},
	Number = {4},
	Pages = {829--865},
	Publisher = {John Benjamins Publishing Company},
	Title = {Investigating the mechanisms of pattern replication in language convergence},
	Volume = {31},
	Year = {2004}}

@unpublished{LedgewaySchifanoSilvestriInPrep,
	Author = {Ledgeway, Adam and Schifano, Norma and Silvestri, Giuseppina},
	Date-Added = {2018-01-04 10:50:22 +0000},
	Date-Modified = {2018-01-04 23:21:42 +0000},
	Journal = {LIngue Antiche e Moderne},
	Title = {Il contatto tra il greco e le variet{\`a} romanze nell'{I}talia meridionale},
	Year = {In prep.}}

@incollection{LedgewaySchifanoSilvestriInpress,
	Author = {Ledgeway, Adam and Schifano, Norma and Silvestri, Giuseppina},
	Booktitle = {Atti del IV Convegno internazionale di dialettologia - Progetto A.L.Ba},
	Date-Added = {2018-01-04 10:48:53 +0000},
	Date-Modified = {2018-01-04 23:21:03 +0000},
	Editor = {Del Puente, Patrizia},
	Publisher = {Calice Editore},
	Title = {Variazione nella codifica degli argomenti verbali nelle variet{\`a} romanze e greche della {C}alabria meridionale: ``dativo greco'' e marca differenziale dell'oggetto},
	Year = {In press}}

@incollection{Profili1985,
	Author = {Profili, Olga},
	Booktitle = {Actes du XVIIe congr{\`e}s international de linguistique et de philologie romanes},
	Date-Added = {2018-01-04 10:48:22 +0000},
	Date-Modified = {2018-01-04 23:25:04 +0000},
	Pages = {129--139},
	Publisher = {Universit{\'e} de Provence},
	Title = {La romanisation d'un parler grec de l'{I}talie du sud par les parlers romans environnants},
	Year = {1985}}

@phdthesis{Baldissera2013,
	Author = {Baldissera, Valeria},
	Date-Added = {2018-01-04 10:47:19 +0000},
	Date-Modified = {2018-01-04 18:36:54 +0000},
	School = {Universit{\`a} Ca' Foscari Venezia},
	Title = {Il dialetto grico del Salento: elementi balcanici e contatto linguistico},
	Year = {2013}}

@incollection{Romano2008,
	Author = {Romano, Antonio},
	Booktitle = {Il griko nel terzo millennio: `speculazioni' su una lingua in agonia},
	Date-Added = {2018-01-04 10:44:26 +0000},
	Date-Modified = {2018-01-04 23:28:09 +0000},
	Editor = {Romano, Antonio and Marra, Piersaverio},
	Pages = {13--47},
	Publisher = {Il Laboratorio},
	Title = {Riflessioni preliminari sulla situazione linguistica della {G}rec{\`\i}a salentina},
	Year = {2008}}

@incollection{Marra2008,
	Author = {Marra, Piersaverio},
	Booktitle = {Il griko nel terzo millennio: `speculazioni' su una lingua in agonia},
	Date-Added = {2018-01-04 10:42:35 +0000},
	Date-Modified = {2018-01-04 23:23:22 +0000},
	Editor = {Romano, Antonio and Marra, Piersaverio},
	Pages = {49--100},
	Publisher = {Il Laboratorio},
	Title = {Un'indagine sociolinguistica nella {G}rec{\`\i}a salentina: `speculazioni' su una lingua in agonia},
	Year = {2008}}

@incollection{Sobrero2005,
	Author = {Sobrero, Alberto A. and Miglietta, Annarita},
	Booktitle = {Lingue, istituzioni, territori. Riflessioni teoriche proposte metodologiche ed esperienze di politica linguistica. Atti del XXXVIII Congrsso internazionale di Studi della Societ{\`a} di Linguistica Italiana, (Modena, 23-25 settembre 2004)},
	Date-Added = {2018-01-04 10:41:37 +0000},
	Date-Modified = {2018-01-04 23:28:45 +0000},
	Editor = {Guardiano, Cristina, Calaresu, Emilia, Robustelli, Cecilia and Carli, Augusto},
	Pages = {209--226},
	Publisher = {Bulzoni},
	Title = {Politica linguistica e presenza del grico in {S}alento, oggi},
	Year = {2005}}

@mastersthesis{Comi1989,
	Author = {Comi, Pasquale},
	Date-Added = {2018-01-04 10:39:22 +0000},
	Date-Modified = {2018-01-04 23:13:09 +0000},
	School = {University of Zurich},
	Title = {Un'indagine sulla vitalit{\`a} attuale del griko a {C}astrignano dei {G}reci ({L}ecce)},
	Year = {1989}}

@unpublished{SquillaciInpress,
	Author = {Squillaci, Maria Olimpia},
	Booktitle = {Selected papers from the XV International Conference on Minority Languages},
	Date-Added = {2018-01-04 10:37:27 +0000},
	Date-Modified = {2018-01-04 23:29:09 +0000},
	Publisher = {University of Belgrade},
	Title = {When a language becomes old. The case of {C}alabrian {G}reek},
	Year = {in press}}

@article{Katsoyannou2001,
	Author = {Katsoyannou, Marianne},
	Date-Added = {2018-01-04 10:36:44 +0000},
	Date-Modified = {2018-01-04 23:18:51 +0000},
	Journal = {Lalies},
	Number = {21},
	Pages = {7--59},
	Publisher = {Presses de l'Ecole normale sup{\'e}rieure},
	Title = {Le parler grec de {C}alabre: situation linguistique et sociolinguistique},
	Year = {2001}}

@phdthesis{Katsoyannou1995,
	Author = {Katsoyannou, Marianne},
	Date-Added = {2018-01-04 10:36:09 +0000},
	Date-Modified = {2018-01-04 23:19:10 +0000},
	School = {Paris 7},
	Title = {Le parler gr{\'e}co de {G}allician{\`o} ({I}talie): description d'une langue en voie de disparition},
	Year = {1995}}

@inproceedings{Remberger2011,
	Author = {Remberger, Eva-Maria},
	Booktitle = {L'influsso dell'italiano sul sistema del verbo delle lingue minoritarie: resistenza e mutamento nella morfologia e nella sintassi},
	Date-Added = {2018-01-04 10:35:05 +0000},
	Date-Modified = {2018-01-04 23:25:45 +0000},
	Editor = {Breu, Walter},
	Pages = {123--148},
	Title = {Morfosintassi verbale dei dialetti neogreci in {C}alabria},
	Year = {2011}}

@phdthesis{Stamuli2007,
	Author = {Stamuli, Maria},
	Date-Added = {2018-01-04 10:34:07 +0000},
	Date-Modified = {2018-01-04 23:29:21 +0000},
	School = {Doctoral thesis, University of Naples},
	Title = {Morte di lingua e variazione lessicale nel greco. Tre profili dalla {B}oves{\`\i}a},
	Year = {2007}}

@incollection{Martino1980,
	Author = {Martino, Paolo},
	Booktitle = {I dialetti e le lingue delle minoranze di fronte all'italiano. Atti dell'XI congresso internazionale di studi. Cagliari 27-30 maggio 1977},
	Date-Added = {2018-01-04 10:33:25 +0000},
	Date-Modified = {2018-01-04 23:23:36 +0000},
	Editor = {Albano Leoni, Federico},
	Pages = {305--341},
	Publisher = {Bulzoni},
	Title = {L'isola grecanica dell'{A}spromonte: aspetti sociolinguistici},
	Year = {1980}}

@book{Spano1965,
	Author = {Spano, Benito},
	Date-Added = {2018-01-04 10:32:39 +0000},
	Date-Modified = {2018-01-04 19:26:32 +0000},
	Publisher = {Libreria goliardica},
	Title = {La grecit{\`a} bizantina ei suoi riflessi geografici nell'Italia meridionale e insulare},
	Volume = {12},
	Year = {1965}}

@incollection{Fanciullo2007,
	Author = {Fanciullo, Franco},
	Booktitle = {Nuove riflessioni sulla lessicografia. Presente, futuro e dintorni del Lessico etimologico italiano},
	Date-Added = {2018-01-04 10:27:40 +0000},
	Date-Modified = {2018-01-04 18:41:30 +0000},
	Editor = {Aprile, Marcello},
	Pages = {233-245},
	Publisher = {Congedo},
	Title = {Greco e grecismi nel diasistema italo-romanzo. Alcune considerazioni},
	Year = {2007}}

@book{Parlangeli1953,
	Author = {Parlang{\`e}li, Oronzo},
	Date-Added = {2018-01-04 10:24:49 +0000},
	Date-Modified = {2018-01-04 23:24:32 +0000},
	Publisher = {Congedo},
	Title = {Sui dialetti romanzi e romaici del {S}alento},
	Year = {1953}}

@book{Morosi1870,
	Author = {Morosi, Giuseppe},
	Date-Added = {2018-01-04 10:23:05 +0000},
	Date-Modified = {2018-01-04 23:24:07 +0000},
	Publisher = {A. Forni},
	Title = {Studi sui dialetti greci della {T}erra d'{O}tranto},
	Year = {1870}}

@article{Battisti1927,
	Author = {Battisti, Carlo},
	Date-Added = {2018-01-04 10:22:15 +0000},
	Date-Modified = {2018-01-04 20:02:25 +0000},
	Journal = {Revue de linguistique romane},
	Pages = {1--91},
	Title = {Appunti sulla storia e sulla diffusione dell'ellenismo nell'Italia Meridionale (avec 3 cartes)},
	Volume = {3},
	Year = {1927}}

@book{Rohlfs1977,
	Author = {Rohlfs, Gerhard},
	Date-Added = {2018-01-04 10:20:59 +0000},
	Date-Modified = {2018-01-04 23:26:44 +0000},
	Publisher = {CH Beck},
	Title = {Grammatica storica dei dialetti italogreci ({C}alabria, {S}alento):(traduzione del manoscritto tedesco di {S}alvatore {S}icuro). nuova edizione Interamente rielaborata ed aggiornata},
	Year = {1977}}

@book{Rohlfs1974,
	Author = {Rohlfs, Gerhard},
	Date-Added = {2018-01-04 10:20:23 +0000},
	Date-Modified = {2018-01-04 23:27:03 +0000},
	Publisher = {Congedo},
	Title = {Scavi linguistici nella {M}agna {G}recia (nuova edizione interamente rielaborata ed aggiornata)},
	Year = {1974}}

@book{Rohlfs1933,
	Author = {Rohlfs, Gerhard},
	Date-Added = {2018-01-04 10:19:39 +0000},
	Date-Modified = {2018-01-04 23:27:26 +0000},
	Publisher = {Petrarca-Haus},
	Title = {Das {F}ortleben des antiken {G}riechentums in {U}nteritalien},
	Year = {1933}}

@book{Rohlfs1924,
	Author = {Rohlfs, Gerhard},
	Date-Added = {2018-01-04 10:19:05 +0000},
	Date-Modified = {2018-01-04 23:27:43 +0000},
	Publisher = {LS Olschki},
	Title = {Griechen und {R}omanen in {U}nteritalien},
	Year = {1924}}

@article{Ralli2006,
	Author = {Ralli, Angela},
	Date-Added = {2018-01-04 10:18:21 +0000},
	Date-Modified = {2018-01-04 23:25:33 +0000},
	Journal = {Journal of Greek linguistics},
	Number = {1},
	Pages = {121--159},
	Publisher = {Brill},
	Title = {Syntactic and morphosyntactic phenomena in modern {G}reek dialects: the state of the art},
	Volume = {7},
	Year = {2006}}

@article{Manolessou2005,
	Author = {Manolessou, Ioanna},
	Date-Added = {2018-01-04 10:17:02 +0000},
	Date-Modified = {2018-01-04 23:22:42 +0000},
	Journal = {KAMPOS: Cambridge Papers in Modern Greek},
	Pages = {103--125},
	Title = {The {G}reek dialects of southern {I}taly: an overview},
	Volume = {13},
	Year = {2005}}

@book{Horrocks1997,
	Author = {Horrocks, Geoffrey},
	Booktitle = {Greek. A history of the language and its speakers},
	Date-Added = {2018-01-04 10:11:23 +0000},
	Date-Modified = {2018-01-04 10:15:58 +0000},
	Publisher = {Longman},
	Title = {Greek. A history of the language and its speakers},
	Year = {1997}}

@book{Falcone1973,
	Author = {Falcone, Giuseppe},
	Date-Added = {2018-01-04 09:57:34 +0000},
	Date-Modified = {2018-01-04 23:13:41 +0000},
	Publisher = {Istituto lombardo di scienze e lettere},
	Title = {Il dialetto romaico della {B}ovesia},
	Year = {1973}}
