%% This BibTeX bibliography file was created using BibDesk.
%% http://bibdesk.sourceforge.net/


%% Created for pavlovlo at 2018-05-09 10:09:15 +0200 


%% Saved with string encoding Unicode (UTF-8) 



@inproceedings{Suner:1989aa,
	Address = {Amsterdam},
	Author = {Su{\~n}er, Margarita},
	Booktitle = {Studies in Romance linguistics : selected proceedings from Linguistic Symposium on Romance Languages XVII},
	Date-Added = {2018-05-09 08:06:20 +0000},
	Date-Modified = {2018-05-09 08:08:31 +0000},
	Editor = {Carl Kirschner  and Janet DeCesaris},
	Pages = {377-395},
	Publisher = {John Benjamins},
	Title = {Dialectal variation and clitic-doubled direct objects},
	Year = {1989}}

@article{Torrego:2010aa,
	Author = {Torrego, Esther},
	Date-Added = {2018-05-07 18:57:06 +0000},
	Date-Modified = {2018-05-07 18:58:22 +0000},
	Journal = {Linguistic Inquiry},
	Number = {3},
	Pages = {445-470},
	Title = {Variability in the Case Patterns of Causative Formation in Romance and Its Implications},
	Volume = {41},
	Year = {2010}}

@book{Torrego:1998aa,
	Address = {Cambridge, MA},
	Author = {Torrego, Esther},
	Date-Added = {2018-05-07 18:55:05 +0000},
	Date-Modified = {2018-05-07 18:55:54 +0000},
	Publisher = {MIT Press},
	Title = {The dependencies of objects},
	Year = {1998}}

@incollection{Sportiche:1996aa,
	Address = {Dordrecht},
	Author = {Sportiche, Dominique},
	Booktitle = {Phrase structure and the lexicon},
	Date-Added = {2018-05-07 18:53:32 +0000},
	Date-Modified = {2018-05-07 18:55:00 +0000},
	Editor = {Johan Rooryck and Laurie Zaring},
	Pages = {213--276},
	Publisher = {Kluwer},
	Title = {Clitic constructions},
	Year = {1996}}

@book{Rohlfs:1969aa,
	Address = {Torino},
	Author = {Rohlfs, Gerhard},
	Date-Added = {2018-05-07 18:52:02 +0000},
	Date-Modified = {2018-05-07 18:53:13 +0000},
	Publisher = {Einaudi},
	Title = {Grammatica storica della lingua italiana e dei suoi dialetti. Sintassi e formazione delle parole},
	Year = {1969 [1954]}}

@book{Pineda:2016aa,
	Address = {Barcelona},
	Author = {Pineda, Anna},
	Date-Added = {2018-05-07 18:50:38 +0000},
	Date-Modified = {2018-05-07 18:51:58 +0000},
	Publisher = {Institut d'Estudis M{\'o}n Ju{\"\i}c},
	Title = {Les fronteres de la (in)transitivitat. Estudi dels aplicatius en lleng{\"u}es rom{\`a}niques i basc},
	Year = {2016}}

@incollection{Pineda:2014aa,
	Address = {Amsterdam},
	Author = {Pineda, Anna},
	Booktitle = {Romance Languages and Linguistic Theory 2012},
	Date-Added = {2018-05-07 18:48:40 +0000},
	Date-Modified = {2018-05-07 18:50:27 +0000},
	Editor = {Stefania Marzo and Karen Lahousse},
	Pages = {123-139},
	Publisher = {John Benjamins},
	Title = {What lies behind dative/accusative alternations in Romance},
	Year = {2014}}

@book{Pesetsky:1995aa,
	Address = {Cambridge, MA},
	Author = {Pesetsky, David},
	Date-Added = {2018-05-07 18:47:27 +0000},
	Date-Modified = {2018-05-07 18:56:07 +0000},
	Publisher = {MIT Press},
	Title = {Zero syntax},
	Year = {1995}}

@article{Ormazabal-Javier--Juan-Romero.-2013.-Object-Agreement:2013aa,
	Author = {Ormazabal, Javier and Juan Romero},
	Date-Added = {2018-05-07 18:46:12 +0000},
	Date-Modified = {2018-05-07 18:58:54 +0000},
	Journal = {Probus},
	Number = {2},
	Pages = {301-344},
	Title = {Object Agreement, Clitics and Dialectal Variation},
	Volume = {25},
	Year = {2013}}

@book{Masica:1991aa,
	Address = {Cambridge},
	Author = {Masica, Colin},
	Date-Added = {2018-05-07 18:45:15 +0000},
	Date-Modified = {2018-05-07 18:45:58 +0000},
	Publisher = {Cambridge University Press},
	Title = {The Indo-Aryan languages.},
	Year = {1991}}

@article{Manzini:2015aa,
	Author = {Manzini, M. Rita and Leonardo M. Savoia and Ludovico Franco},
	Date-Added = {2018-05-07 18:43:43 +0000},
	Date-Modified = {2018-05-07 18:44:59 +0000},
	Journal = {Acta Linguistica Hungarica},
	Number = {3},
	Pages = {1-55},
	Title = {Ergative case, Aspect and Person splits: two case studies},
	Volume = {62},
	Year = {2015}}

@article{Manzini:2014aa,
	Author = {Manzini, Maria Rita and Leonardo M. Savoia},
	Date-Added = {2018-05-07 18:12:36 +0000},
	Date-Modified = {2018-05-07 18:13:27 +0000},
	Journal = {Studi Italiani di Linguistica Teorica e Applicata},
	Pages = {7-42},
	Title = {Person splits in the case systems of Geg Albanian (Shkod{\"e}r) and Arb{\"e}resh (Greci},
	Volume = {XLIII},
	Year = {2014}}

@article{Manzini:2010aa,
	Author = {Manzini, M.Rita and Leonardo M. Savoia},
	Date-Added = {2018-05-07 18:10:36 +0000},
	Date-Modified = {2018-05-07 18:12:16 +0000},
	Journal = {Studi Italiani di Linguistica Teorica e Applicata},
	Number = {3},
	Pages = {409-438},
	Title = {Case as denotation: variation in Romance},
	Volume = {XXXIX},
	Year = {2010}}

@book{Manzini:2005aa,
	Address = {Alessandria},
	Author = {Manzini, M. Rita and Leonardo M. Savoia},
	Date-Added = {2018-05-07 18:09:08 +0000},
	Date-Modified = {2018-05-07 18:10:25 +0000},
	Publisher = {dell'Orso},
	Title = {I dialetti italiani e romanci: Morfosintassi generativa},
	Volume = {1,2,3},
	Year = {2005}}

@article{Manzini:2016aa,
	Author = {Manzini, M. Rita and Ludovico Franco},
	Date-Added = {2018-05-07 18:05:18 +0000},
	Date-Modified = {2018-05-07 18:06:17 +0000},
	Journal = {Natural Language and Linguistic Theory},
	Number = {1},
	Pages = {197-240},
	Title = {Goal and DOM datives},
	Volume = {34},
	Year = {2016}}

@inproceedings{Manzini:2012aa,
	Address = {Amsterdam},
	Author = {Manzini, M. Rita},
	Booktitle = {Romance languages and linguistics 2010. Selected papers from `Going Romance' Leiden 2010},
	Date-Added = {2018-05-07 17:58:28 +0000},
	Date-Modified = {2018-05-07 18:05:14 +0000},
	Editor = {Irene Franco and Sara Lusini and Andr{\'e}s Saab},
	Pages = {1-20},
	Publisher = {John Benjamins},
	Title = {Split accusativity and the Person Case Constraint},
	Year = {2012}}

@book{Loporcaro:1988aa,
	Address = {Pisa},
	Author = {Loporcaro, Michele},
	Date-Added = {2018-05-07 17:57:33 +0000},
	Date-Modified = {2018-05-07 17:58:25 +0000},
	Publisher = {Giardini},
	Title = {Grammatica storica del dialetto di Altamura},
	Year = {1988}}

@article{Lima-Salles:2016aa,
	Author = {Lima-Salles, Heloisa M.},
	Date-Added = {2018-05-07 17:56:06 +0000},
	Date-Modified = {2018-05-07 17:57:03 +0000},
	Journal = {Quaderni di Linguistica e Studi Orientali},
	Pages = {79-96},
	Title = {The syntax of (ditransitive) predicates of transference in Dialectal Brazilian Portuguese .},
	Volume = {2},
	Year = {2016}}

@book{Ledgeway:2000aa,
	Address = {Oxford},
	Author = {Ledgeway, Adam},
	Date-Added = {2018-05-07 17:54:21 +0000},
	Date-Modified = {2018-05-07 17:55:24 +0000},
	Publisher = {Blackwell},
	Title = {A Comparative Syntax of the Dialects of Southern Italy: A Minimalist Approach},
	Year = {2000}}

@incollection{Kiparsky:2008aa,
	Address = {Oxford},
	Author = {Kiparsky, Paul},
	Booktitle = {Linguistic Universals and Language Change},
	Date-Added = {2018-05-07 17:52:30 +0000},
	Date-Modified = {2018-05-07 17:54:14 +0000},
	Editor = {Jeff Good},
	Pages = {23--53},
	Publisher = {Oxford University Press},
	Title = {Universals constrain change, change results in typological generalizations},
	Year = {2008}}

@misc{Khokhlova:2002aa,
	Author = {Khokhlova, Ludmila},
	Date-Added = {2018-05-07 17:47:20 +0000},
	Date-Modified = {2018-05-07 17:48:50 +0000},
	Howpublished = {Paper presented at the 17th European Conference on Modern South Asian Studies, Heidelberg},
	Month = {September},
	Title = {Syntactic peculiarities of Rajasthani},
	Year = {2002}}

@incollection{Kayne:1989aa,
	Address = {Dordrecht},
	Author = {Kayne, Richard},
	Booktitle = {Dialect variation and the theory of grammar},
	Date-Added = {2018-05-07 17:43:16 +0000},
	Date-Modified = {2018-05-07 17:52:04 +0000},
	Editor = {Paola Beninc{\`a}},
	Pages = {85--103},
	Publisher = {Foris},
	Title = {Facets of Romance Past Participle Agreement},
	Year = {1989}}

@book{Kayne:1984aa,
	Address = {Dordrecht},
	Author = {Kayne, Richard},
	Date-Added = {2018-05-07 17:42:19 +0000},
	Date-Modified = {2018-05-07 17:52:19 +0000},
	Publisher = {Foris},
	Title = {Connectedness and binary branching},
	Year = {1984}}

@article{Harley:2002aa,
	Author = {Harley, Heidi},
	Date-Added = {2018-05-07 17:41:28 +0000},
	Date-Modified = {2018-05-07 17:42:14 +0000},
	Journal = {Linguistic Variation Yearbook},
	Pages = {29-68},
	Title = {Possession and the Double Object Construction},
	Volume = {2},
	Year = {2002}}

@article{Franco:2017aa,
	Author = {Franco, Ludovico and M. Rita Manzini},
	Date-Added = {2018-05-07 17:37:55 +0000},
	Date-Modified = {2018-05-07 17:39:18 +0000},
	Journal = {Glossa},
	Number = {8},
	Pages = {1-47},
	Title = {Instrumental prepositions and case: contexts of occurrence and alternations with datives},
	Volume = {2(1)},
	Year = {2017}}

@incollection{Chomsky:2018aa,
	Address = {Bellaterra},
	Author = {Chomsky, Noam and {\'A}ngel Gallego and Dennis Ott},
	Booktitle = {Generative Syntax: Questions, Crossroads, and Challenges},
	Date-Added = {2018-05-07 17:33:03 +0000},
	Date-Modified = {2018-05-07 17:51:03 +0000},
	Editor = {{\'A}ngel Gallego and Dennis Ott},
	Note = {To appear},
	Publisher = {Catalan Journal of Linguistics},
	Series = {Special issue of Catalan Journal of Linguistics.},
	Title = {Generative Grammar and the Faculty of Language: Insights, Questions, and Challenges},
	Year = {to appear}}

@incollection{Chomsky:2000aa,
	Address = {Cambridge, MA},
	Author = {Chomsky, Noam},
	Booktitle = {Step by Step: Essays on Minimalist Syntax in Honor of Howard Lasnik},
	Date-Added = {2018-05-07 17:30:57 +0000},
	Date-Modified = {2018-05-07 17:50:35 +0000},
	Editor = {David Michaels and Juan Uriagereka},
	Pages = {89-155},
	Publisher = {MIT Press},
	Title = {Minimalist inquiries: The framework},
	Year = {2000}}

@book{Culicover:2005aa,
	Address = {Oxford},
	Author = {Culicover, Peter and Ray Jackendoff},
	Date-Added = {2018-05-07 17:30:00 +0000},
	Date-Modified = {2018-05-07 17:51:17 +0000},
	Publisher = {Oxford University Press},
	Title = {Simpler syntax},
	Year = {2005}}

@book{Bossong:1985aa,
	Address = {T{\"u}bingen},
	Author = {Bossong, Georg},
	Date-Added = {2018-05-07 17:28:49 +0000},
	Date-Modified = {2018-05-07 17:50:21 +0000},
	Publisher = {Narr.},
	Title = {Empirische Universalienforschung. Differentielle Objektmarkierung in der neuiranischen Sprachen},
	Year = {1985}}

@article{Belvin1997,
	Author = {Belvin, Robert and Marcel den Dikken},
	Date-Added = {2018-05-07 17:23:57 +0000},
	Date-Modified = {2018-05-07 17:27:36 +0000},
	Journal = {Lingua},
	Number = {3-4},
	Pages = {151--183},
	Title = {There, Happens, To, Be, Have},
	Volume = {101},
	Year = {1997}}

@article{Beck2004,
	Author = {Beck, Sigrid and Kyle Johnson},
	Date-Added = {2018-05-07 17:18:40 +0000},
	Date-Modified = {2018-05-07 17:27:45 +0000},
	Journal = {Linguistic Inquiry},
	Number = {1},
	Pages = {97-124},
	Title = {Double Objects Again},
	Volume = {35},
	Year = {2004}}
