
@incollection{booij_suffix_2002,
	address = {Dordrecht, NL},
	title = {Suffix ordering in {Bantu}: a morphocentric approach},
	shorttitle = {Suffix ordering in {Bantu}},
	booktitle = {Yearbook of {Morphology} 2002},
	publisher = {Kluwer Academic Publishers},
	author = {Hyman, Larry M.},
	editor = {Booij, Geert and van Marle, Jaap},
	year = {2002},
	keywords = {Linguistics},
	pages = {245--281},
	
}

@article{good_reconstructing_2005,
	title = {Reconstructing morpheme order in {Bantu}: {The} case of causativization and applicativization},
	volume = {22},
	shorttitle = {Reconstructing morpheme order in {Bantu}},
	number = {1},
	journal = {Diachronica},
	author = {Good, Jeff},
	year = {2005},
	keywords = {Linguistics},
	pages = {3--57},
	
}

@incollection{kim_external_2012,
	address = {Bingley, UK},
	title = {External {Argument}-{Introducing} {Heads}: {Voice} and {Appl}},
	shorttitle = {6. {External} {Argument}-{Introducing} {Heads}},
	urldate = {2018-05-19},
	booktitle = {The {End} of {Argument} {Structure}?},
	publisher = {Emerald Group Publishing Limited},
	author = {Kim, Kyumin},
	editor = {Cuervo, María Cristina and Roberge, Yves},
	year = {2012},
	note = {Chapter 6},
	keywords = {Linguistics},
	pages = {131--154},
	
}

@article{marten_benefactive_2014,
	title = {Benefactive and substitutive applicatives in {Bemba}},
	volume = {35},
	issn = {1613-3811, 0167-6164},
	url = {https://www.degruyter.com/view/j/jall.2014.35.issue-1/jall-2014-0001/jall-2014-0001.xml},
	number = {1},
	journal = {Journal of African Languages and Linguistics},
	author = {Marten, Lutz and Kula, Nancy C.},
	year = {2014},
	keywords = {Bantu, Linguistics},
	pages = {1--44},
}

@phdthesis{halpert_argument_2012,
	address = {Cambridge, MA},
	title = {Argument licensing and agreement in {Zulu}},
	school = {Massachusetts Institute of Technology},
	author = {Halpert, Claire},
	year = {2012},
	keywords = {Linguistics},

}

@inproceedings{mylne_feature-based_1999,
	title = {A {Feature}-based {System} for {Classifying} {Semantic} {Roles}},
	booktitle = {Proceedings of the 1999 {Conference} of the {Australian} {Linguistic} {Society}},
	author = {Mylne, Tom},
	year = {1999},
	keywords = {Linguistics},
	pages = {10},
	
}

@phdthesis{jung_syntax_2014,
	address = {Tucson, AZ},
	type = {{PhD}},
	title = {On the {Syntax} of {Applicative} and {Causative} {Construction}},
	school = {University of Arizona},
	author = {Jung, Hyun Kyoung},
	year = {2014},
	keywords = {Linguistics},
}

@article{haspelmath_universals_2016,
	title = {Universals of causative and anticausative verb formation and the spontaneity scale},
	volume = {58},
	url = {http://content.sciendo.com/view/journals/linpo/58/2/article-p33.xml},
	number = {2},
	urldate = {2018-05-19},
	journal = {Lingua Posnaniensis},
	author = {Haspelmath, Martin},
	year = {2016},
	keywords = {Linguistics},
}

@article{kittila_causative_2013,
	title = {Causative morphemes as a de-transitivizing device: what do non-canonical instances reveal about causation and causativization?},
	volume = {47},
	shorttitle = {Causative morphemes as a de-transitivizing device},
	url = {https://www.degruyter.com/view/j/flin.2013.47.issue-1/flin.2013.006/flin.2013.006.xml},
	number = {1},
	journal = {Folia Linguistica},
	author = {Kittilä, Seppo},
	year = {2013},
	keywords = {Linguistics},
	pages = {113--137},
}

@phdthesis{kim_external_2011,
	address = {Toroto, ON},
	type = {{PhD}},
	title = {External {Argument} {Introducers}},
	school = {University of Toronto},
	author = {Kim, Kyumin},
	year = {2011},
	keywords = {Linguistics},

}

@inproceedings{chang_expletive_2008,
	address = {Somerville, MA},
	title = {Expletive and {Thematic} {Applicatives}},
	booktitle = {Proceedings of the 26th {West} {Coast} {Conference} on {Formal} {Linguistics}},
	publisher = {Cascadilla Proceedings Project},
	author = {Georgala, Efthymia and Paul, Waltraud and Whitman, John},
	editor = {Chang, Charles B. and Haynie, Hannah J.},
	year = {2008},
	keywords = {Linguistics},
	
}

@inproceedings{cuervo_dative_2010,
	address = {Somerville, MA},
	title = {Some {Dative} {Subjects} {Are} {Born}, {Some} {Are} {Made}},
	language = {en},
	booktitle = {Selected {Proceedings} of the 12th {Hispanic} {Linguistics} {Symposium}},
	publisher = {Cascadilla Proceedings Project},
	author = {Cuervo, María Cristina},
	year = {2010},
	keywords = {Linguistics},
	pages = {13},

}

@inproceedings{tsai_high_2009,
	address = {Taipei, Taiwan},
	title = {High {Applicatives} are not {High} {Enough}: {A} {Cartographic} {Solution}},
	url = {http://www.luisvicente.net/coursematerials/am3a-ss16-readings/tsai---high-applicatives-are-not-high-enough-a-cartographic-solution.pdf},
	booktitle = {6th {Workshop} on {Formal} {Syntax} and {Semantics} ({FOSS}-6)},
	publisher = {National Taiwan Normal University},
	author = {Tsai, Wei-Tien Dylan},
	year = {2009},
	keywords = {Linguistics},
	
}

@article{diercks_parameterizing_2012,
	title = {Parameterizing {Case}: {Evidence} from {Bantu}.},
	volume = {15},
	number = {3},
	journal = {Syntax},
	author = {Diercks, Michael},
	year = {2012},
	pages = {253--286},
	
}

@article{van_der_wal_evidence_2015,
	title = {Evidence for abstract {Case} in {Bantu}},
	volume = {165},
	url = {http://linkinghub.elsevier.com/retrieve/pii/S0024384115001369},
	journal = {Lingua},
	author = {van der Wal, Jenneke},
	year = {2015},
	pages = {109--132},
	
}

@inproceedings{sheehan_we_2016,
	address = {Somerville, MA},
	title = {Do we need abstract {Case}?},
	booktitle = {Proceedings of the 33rd {West} {Coast} {Conference} on {Formal} {Linguistics}},
	publisher = {Cascadilla Proceedings Project},
	author = {Sheehan, Michelle and van der Wal, Jenneke},
	editor = {Kim, Kyeong-min and Umbal, Pocholo and Block, Trevor and Chan, Queenie and Cheng, Tanie and Finney, Kelli and Katz, Mara and Nickel-Thompson, Sophie and Shorten, Lisa},
	year = {2016},
	pages = {351--360},
}

@incollection{bailey_flexibility_2017,
	address = {Berlin, Germany},
	series = {Order and structure in syntax},
	title = {Flexibility in symmetry: {An} implicational relation in {Bantu} double object constructions},
	number = {2},
	booktitle = {Order and structure in syntax {II}: {Subjecthood} and argument structure},
	publisher = {language science press},
	author = {van der Wal, Jenneke},
	editor = {Bailey, Laura R and Sheehan, Michelle},
	year = {2017},
	pages = {48},
	
}

@phdthesis{wechsler_case-assignment_2016,
	type = {{MPhil}},
	title = {Case-{Assignment} in {Causative}, {Applicative}, {Double} {Object} {Constructions}: {A} {Comparative} {Analysis} with {Emphasis} on {Micovariation} in {Bantu}},
	school = {University of Cambridge},
	author = {Wechsler, Mattie},
	year = {2016}
}

@phdthesis{wechsler_stacking_2014,
	type = {{BA}},
	title = {The {Stacking} {Behavior} of {Valence}-{Increasing} {Verbal} {Extensions} and {Their} {Arguments} in {Shona}},
	url = {http://hdl.handle.net/10066/12542},
	school = {Bryn Mawr College},
	author = {Wechsler, Mattie},
	year = {2014}
}

@phdthesis{georgala_applicatives_2012,
	type = {{PhD}},
	title = {Applicatives in their {Structural} and {Thematic} {Function}: {A} {Minimalist} {Account} of {Multitransitivity}},
	url = {https://ecommons.cornell.edu/bitstream/handle/1813/29290/eg99thesisPDF.pdf?sequence=1&isAllowed=y},
	school = {Cornell University},
	author = {Georgala, Efthymia},
	year = {2012}
}

@book{peterson_applicative_2007,
	address = {Oxford, UK; New York, NY},
	series = {Oxford studies in typology and linguistic theory},
	title = {Applicative constructions.},
	url = {https://search.ebscohost.com/login.aspx?direct=true&db=cat00916a&AN=mit.001410525&site=eds-live&scope=site},
	publisher = {Oxford University Press},
	author = {Peterson, David A.},
	year = {2007},

}

@phdthesis{givon_studies_1969,
	address = {Los Angeles, CA},
	type = {{PhD}},
	title = {Studies in {Chibemba} and {Bantu} {Grammar}},
	url = {http://linguistics.ucla.edu/images/stories/Giveon.1969.pdf},
	school = {University of California, Los Angeles},
	author = {Givón, Talmy},
	year = {1969}
}

@phdthesis{cuervo_datives_2003,
	address = {Cambridge, MA},
	type = {{PhD}},
	title = {Datives at {Large}},
	url = {https://dspace.mit.edu/handle/1721.1/7991},
	school = {Massachusetts Institute of Technology},
	author = {Cuervo, María Cristina},
	year = {2003},
	keywords = {Linguistics},
	
}

@incollection{cuervo_remarks_2012,
	address = {Bingley, UK},
	title = {Remarks on {Argument} {Structure}},
	booktitle = {The {End} of {Argument} {Structure}?},
	publisher = {Emerald Group Publishing Limited},
	author = {Cuervo, María Cristina},
	editor = {Cuervo, María Cristina and Roberge, Yves},
	year = {2012},


}

@incollection{fabregas_parameters_2015,
	address = {Norfolk, UK},
	title = {Parameters and {Argument} {Structure} {II}: {Causatives} and {Applicatives}},
	booktitle = {Contemporary {Linguistics} {Parameters}},
	publisher = {Bloomsbury Publishing Plc.},
	author = {Cuervo, María Cristina},
	editor = {Fabregas, Antonio and Mateu, Jaume and Putnam, Michael},
	year = {2015},

}

@book{jeong_applicatives_2007,
	series = {Linguistik aktuel = {Linguistics} today: v. 104},
	title = {Applicatives : structure and interpretation from a minimalist perspective.},
	url = {https://search.ebscohost.com/login.aspx?direct=true&db=cat00916a&AN=mit.001440054&site=eds-live&scope=site},
	publisher = {Amsterdam ; Philadelphia : John Benjamins Pub. Co., c2007.},
	author = {Jeong, Youngmi},
	year = {2007},
	
}

@incollection{dalessandro_interpretation_2017,
	address = {Oxford, UK},
	title = {The interpretation of external arguments},
	url = {https://search.ebscohost.com/login.aspx?direct=true&db=edsoso&AN=oso.9780198767886.003.0011&site=eds-live&scope=site},
	booktitle = {The verbal domain},
	publisher = {Oxford University Press},
	author = {Wood, Jim and Marantz, Alec},
	editor = {D'Alessandro, Roberta and Franco, Irene and Gallego, Angel J.},
	year = {2017},
	pages = {255--278},
	
}

@book{grimshaw_argument_1990,
	series = {Linguistic inquiry monographs: 18},
	title = {Argument structure.},
	url = {https://search.ebscohost.com/login.aspx?direct=true&db=cat00916a&AN=mit.000498747&site=eds-live&scope=site},
	publisher = {Cambridge, Mass. : MIT Press, c1990.},
	author = {Grimshaw, Jane B.},
	year = {1990},
	keywords = {Linguistics},
}

@misc{biberauer_significance_2012,
	address = {Lisbon, PT},
	type = {Conference {Presentation}},
	title = {On the significance of what hasn't happened.},
	author = {Biberauer, Theresa and Roberts, Ian},
	year = {2012}
}

@misc{biberauer_defence_2011,
	address = {Madrid, ES},
	title = {In defence of lexico-centric parametric variation: two 3rd factor-constrained case studies.},
	author = {Biberauer, Theresa},
	year = {2011}
}

@incollection{biberauer_introduction:_2009,
	address = {Cambridge, UK},
	title = {Introduction: {Parameters} in {Minimalist} {Theory}},
	url = {http://ebooks.cambridge.org/ref/id/CBO9780511770784},
	booktitle = {Parametric {Variation}: {Null} {Subjects} in {Minimalist} {Theory}},
	publisher = {Cambridge University Press},
	author = {Holmberg, Anders and Roberts, Ian},
	editor = {Biberauer, Theresa and Holmberg, Anders and Roberts, Ian and Sheehan, Michelle},
	year = {2009},
	pages = {1--57},
	
}

@inproceedings{santana-labarge_no-choice_2013,
	address = {Somerville, MA},
	title = {No-choice {Parameters} and the {Limits} of {Syntactic} {Variation}},
	booktitle = {Proceedings of the 31st {West} {Coast} {Conference} on {Formal} {Linguistics}},
	publisher = {Cascadilla Proceedings Project},
	author = {Biberauer, Theresa and Roberts, Ian and Sheehan, Michelle},
	editor = {Santana-LaBarge, Robert E.},
	year = {2013},
	pages = {46--55},
	
}

@incollection{newmeyer_complexity_2014,
	address = {Oxford, UK},
	title = {Complexity in comparative syntax: the view from modern parametric theory},
	shorttitle = {Complexity in comparative syntax},
	url = {http://www.oxfordscholarship.com/view/10.1093/acprof:oso/9780199685301.001.0001/acprof-9780199685301-chapter-6},
	urldate = {2018-06-10},
	booktitle = {Measuring {Grammatical} {Complexity}},
	publisher = {Oxford University Press},
	author = {Biberauer, Theresa and Holmberg, Anders and Roberts, Ian and Sheehan, Michelle},
	editor = {Newmeyer, Frederick J. and Preston, Laurel B.},
	year = {2014},
	pages = {103--127},
	
}

@article{baker_mirror_1985,
	title = {The {Mirror} {Principle} and {Morphosyntactic} {Explanation}},
	volume = {16},
	number = {3},
	journal = {Linguistic Inquiry},
	author = {Baker, Mark C.},
	year = {1985},
	pages = {373--415}
}

@article{biberauer_rethinking_2015,
	title = {Rethinking {Formal} {Hierarchies}: {A} {Proposed} {Unification}},
	volume = {7},
	journal = {Cambridge Occasional Papers in Linguistics},
	author = {Biberauer, Theresa and Roberts, Ian},
	year = {2015},
	pages = {1--31},

}

@inproceedings{haddican_object_2012,
	address = {Somerville, MA},
	title = {Object {Movement} ({A})symmetries in {British} {English} {Dialects}},
	booktitle = {Proceedings of the 29th {West} {Coast} {Conference} on {Formal} {Linguistics}},
	publisher = {Cascadilla Proceedings Project},
	author = {Haddican, William and Holmberg, Anders},
	editor = {Choi, Jaehoon and Hogue, E. Alan and Punske, Jeffrey and Tat, Deniz and Schertz, Jessamyn and Trueman, Alex},
	year = {2012},
	pages = {72--80},
	
}

@misc{van_der_wal_macroparameters_2014,
	address = {London, UK},
	type = {Conference {Presentation}},
	title = {From {Macroparameters} to {Nanoparamters}-{A} comparative {Bantu} case study},
	author = {van der Wal, Jenneke and Biberauer, Theresa},
	year = {2014},
	
}

@article{baker_linkers_2006,
	title = {Linkers and the {Internal} {Structure} of {vP}},
	volume = {24},
	journal = {Natural Language \& Linguistic Theory},
	author = {Baker, Mark C. and Collins, Chris},
	year = {2006},
	pages = {307--354}
}

@incollection{baker_parameters_2008,
	address = {Cambridge, UK},
	title = {Parameters of agreement},
	volume = {115},
	number = {Cambridge Studies in Linguistics},
	booktitle = {The {Syntax} of {Agreement} and {Concord}},
	publisher = {Cambridge University Press},
	author = {Baker, Mark C.},
	year = {2008},
	pages = {153--245}
}

@article{mchombo_double_1999,
	title = {Double {Object} {Constructions} in {Chichewa} and {Gitonga}: {A} {Comparative} {Analysis}},
	volume = {29},
	number = {1},
	journal = {Linguistic Analysis},
	author = {Mchombo, Sam A. and Firmino, Gregório},
	year = {1999},
	pages = {214--233}
}

@misc{kimenyi_kinyarwanda_1995,
	address = {Boston, MA},
	type = {Conference {Presentation}},
	title = {Kinyarwanda applicatives revisited},
	url = {http://kimenyi.com/kinyarwanda-applicatives-revisited.php},
	author = {Kimenyi, Alexandre},
	year = {1995}
}

@misc{marten_benefactive_2016,
	address = {Cambridge, UK},
	title = {Benefactive and substitutive applicatives in {Bemba}},
	author = {Marten, Lutz},
	year = {2016}
}

@book{kimenyi_relational_1980,
	address = {Berkeley \& Los Angeles, CA},
	title = {A {Relational} {Grammar} of {Kinyarwanda}.},
	publisher = {University of California Press},
	author = {Kimenyi, Alexandre},
	year = {1980}
}

@mastersthesis{jerro_argument_2013,
	address = {Austin, TX},
	title = {Argument {Structure} and the {Typology} of {Causatives} in {Kinyarwanda}: {Explaining} the {Causative}-{Instrumental} {Syncretism}},
	language = {en},
	school = {University of Texas at Austin},
	author = {Jerro, Kyle Joseph},
	year = {2013},

}

@book{jackendoff_semantic_1972,
	address = {Cambridge, MA},
	series = {Studies in linguistics},
	title = {Semantic interpretation in generative grammar.},
	url = {https://search.ebscohost.com/login.aspx?direct=true&db=cat00916a&AN=mit.000196793&site=eds-live&scope=site},
	number = {2},
	publisher = {MIT Press},
	author = {Jackendoff, Ray},
	year = {1972},

	
}

@article{belletti_psych-verbs_1988,
	title = {Psych-{Verbs} and θ-{Theory}},
	volume = {6},
	url = {http://www.jstor.org/stable/4047649},
	number = {3},
	journal = {Natural Language \& Linguistic Theory},
	author = {Belletti, Adriana and Rizzi, Luigi},
	year = {1988},
	pages = {291--352},
	
}

@incollection{martin_causatives_2001,
	address = {Berlin, Germany; New York, NY},
	title = {Causatives},
	volume = {2},
	url = {http://www.degruyter.com/view/books/9783110194036/9783110194036/9783110194036.xml}
	booktitle = {Language {Typology} and {Language} {Universals}: {An} {International} {Handbook}},
	publisher = {Walter De Gruyter},
	author = {Kulikov, Leonid},
	editor = {Martin, Haspelmath},
	year = {2001},
	pages = {886--898},
	
}

@book{pylkkanen_introducing_2008,
	address = {Cambridge, MA},
	series = {Linguistic inquiry monographs},
	title = {Introducing arguments.},
	url = {https://search.ebscohost.com/login.aspx?direct=true&db=cat00916a&AN=mit.001510110&site=eds-live&scope=site},
	number = {49},
	publisher = {MIT Press},
	author = {Pylkkänen, Liina},
	year = {2008},
	
}

@phdthesis{pylkkanen_introducing_2002,
	address = {Cambridge, MA},
	type = {{PhD}},
	title = {Introducing {Arguments}},
	school = {Massachusetts Institute of Technology},
	author = {Pylkkänen, Liina},
	year = {2002},

}

@book{chomsky_derivation_1999,
	address = {Cambridge, MA},
	series = {{MIT} occasional papers in linguistics},
	title = {Derivation by phase},
	url = {https://search.ebscohost.com/login.aspx?direct=true&db=cat00916a&AN=mit.002345258&site=eds-live&scope=site},
	number = {18},
	publisher = {Massachusetts Institute of Technology},
	author = {Chomsky, Noam},
	year = {1999},
	
	
}

@misc{sheehan_towards_2013,
	address = {Tempe, AZ},
	type = {Conference {Presentation}},
	title = {Towards a general alignment parameter hierarchy},
	author = {Sheehan, Michelle},
	year = {2013}
}