% Include entries that you actually cite. Do not copy here your whole bib-file.

@misc{Gigafida,
title={Gigafida 2.0},
key={Gigafida},
url={viri.cjvt.si/gigafida},
year={2019},
note={Corpus of Written Standard Slovenian. Accessed on 31. 3. 2023.}}

@article{filip2003prefixes,
  title={Prefixes and the delimitation of events},
  author={Filip, Hana},
  journal={Journal of Slavic linguistics},
  volume={11},
  number={1},
  pages={55--101},
  year={2003},
  url={https://www.jstor.org/stable/24599705}
}

@incollection{biskup2023,
  title={Deriving Morphological Aspect in {R}ussian: {A} Matryoshka Way},
  author={Biskup, Petr},
  booktitle= {Linguistische {B}eiträge zur {S}lavistik: {X}{X}{I}{X}.
{JungslavistInnen}-{T}reffen vom 09. bis 10. {S}eptember 2021 an der {R}uhr-{U}niversität {B}ochum},
  pages={9-30},
  year={2023},
  editor={Clasmeier, Christina and Golbekand, Julia},
  publisher={Peter Lang},
  address={Berlin, Frankfurt am Main},
}

@incollection{krek-idr-gigafida,
  title={Gigafida 2.0: the reference corpus of written standard Slovene},
  author={Krek, Simon and Arhar Holdt, Špela and Erjavec, Tomaž and Čibej, Jaka and Repar, Andraž and Gantar, Polona and Ljubešić, Nikola and Kosem, Iztok and Dobrovoljc, Kaja.},
  booktitle= {LREC 2020: Twelfth International Conference on Language Resources and Evaluation: May 11-16, 2020, Marseille, France},
  pages={3340-3345},
  year={2020},
  editor={Calzolari, Nicoletta},
  publisher={ELRA - European Language Resources Association},
  address={Paris},
}

@book{richardson2007case,
  title={Case and aspect in Slavic},
  author={Richardson, Kylie R},
  year={2007},
  publisher={OUP Oxford}
}

@book{tenny1994aspectual,
  title={Aspectual roles and the syntax-semantics interface},
  author={Tenny, Carol},
  number={52},
  series={Studies in Linguistics and Philosophy},
  year={1994},
  address={Dordrecht},
  publisher={Springer}
}

@article{Quaglia.2021,
  title={Allomorphy, morphological operations and the order of Slavic verb-prefixes},
  author={Quaglia, Stefano and Simonovic, Marko and Antonyuk-Yudina, Svitlana and Arsenijevi{\'c}, Boban},
  journal={Journal of Slavic Linguistics},
  volume={30},
  number={FASL 29 extra issue},
  pages={1--15},
  year={2022},
  doi={10.1353/jsl.2022.a923080}
}

@misc{tatevosov2022,
author={Tatevosov, Sergei},
title={Multiple prefixation, reflexivization, and event identification},
year={2022},
note={Paper presented at FASL 31; abstract available at https://fasl.humanities.mcmaster.ca/program/}
}

@book{biskup2019prepositions,
  title={Prepositions, case and verbal prefixes: The case of {S}lavic},
  author={Biskup, Petr},
  volume={255},
  year={2019},
  publisher={John Benjamins publishing company}
}

@book{toporisic2000,
author={Jože Toporišič},
title={Slovenska slovnica},
edition = {Fourth edition},
year={2000},
publisher={Založba Obzorja},
address={Maribor}
}

@article{Muha1993,
author={Vidovič Muha, Ada},
year={1993},
title={Glagolske sestavljenke: {Njihova} skladenjska podstava in vezljivostne lastnosti},
journal={Slavistična revija},
volume={41},
issue={1},
pages={161-192},
url={https://srl.si/ojs/srl/article/view/COBISS_ID-35424256}
}


@article{KlimekJankowskaBlaszczak2022,
title={The status of secondary imperfectivization in {P}olish: {Evidence} from {V}{P} idioms}, 
volume={30}, 
url={http://ojs.ung.si/index.php/JSL/article/view/99}, 
number={FASL 29 extra issue}, 
journal={Journal of {S}lavic {L}inguistics},
author={Klimek-Jankowska, Dorota and Błaszczak, Joanna},
year={2022}, 
pages={1–19},
doi={10.1353/jsl.2022.a923068}
}

@article{lazinski2011,
title={Polish aspectual prefixes, their order and functions: {A} study based on the {N}ational {C}orpus of {P}olish},
author={Łaziński, Marek},
journal={Word Structure},
volume={4},
issue={2},
year={2011},
pages={231-243},
doi={10.3366/word.2011.0012}
}

@incollection{wiland2012prefix,
  title={Prefix stacking, syncretism and the syntactic hierarchy},
  author={Wiland, Bartosz},
  booktitle= {Slavic languages in formal grammar: {P}roceedings of {F}{D}{S}{L} 8.5, {B}rno 2010},
  pages={307--324},
  year={2012},
  editor={Zikov{\'a}, Mark{\'e}ta and Dočekal, Mojm{\'i}r},
  publisher={Peter Lang},
  address={Berlin, Frankfurt am Main},
}

@incollection{fowler1996,
  title={An articulated theory of aspect and prefixation in {S}lavic},
  author={Fowler, George},
  booktitle={Annual Workshop on {F}ormal {A}pproaches to {S}lavic {L}inguistics: {The} {C}ollege {P}ark Meeting 1994},
  volume={20},
  editor={Toman, Jind\v{r}ich},
  publisher= {Michigan Slavic Publications},
  address={Ann Arbor, MI},
  pages={97–12},
  year={1996}
}

@article{matushansky2002formal,
  title={On formal identity of {R}ussian prefixes and prepositions},
  author={Matushansky, Ora},
  journal={MIT Working Papers in Linguistics},
  volume={42},
  pages={217--253},
  year={2002}
}

@incollection{caha2021prefixes,
  title={Prefixes in {C}zech zero-derived nominalizations and verbs},
  author={Caha, Pavel and Zikov{\'a}, Mark{\'e}ta},
  booktitle={Nominalizations and {P}articiples in {C}zech and beyond},
  address={München},
  publisher={Lincom},
  pages={3-61},
  editor={Karlík, Petr and Taraldsen Medová, Lucie},
  year={2022}
}

@book{SSKJ,
  title={Slovar slovenskega knjižnega jezika, druga, dopolnjena in deloma prenovljena izdaja },
  author={},
  year={2014},
  publisher={ZRC SAZU},
  address={Ljubljana},
  url={www.fran.si}
}

@book{gehrke2008ps,
  title={Ps in motion: {On} the semantics and syntax of {P} elements and motion events},
  author={Gehrke, Berit},
  year={2008},
  publisher={LOT},
address = {Utrecht},
series = {LOT Dissertation Series},
number = {184},
}

@Article{Ramchand2004,
  author    = {Gillian Ramchand},
  journal   = {Nordlyd},
  title     = {Time and the event: {The} semantics of {R}ussian prefixes},
  year      = {2004},
  number    = {2},
  volume    = {32},
  doi={10.7557/12.72},
  pages = {324--360},
}

@Article{Romanova2004,
  author    = {Eugenia Romanova},
  journal   = {Nordlyd},
  title     = {Superlexical versus lexical prefixes},
  year      = {2004},
  number    = {2},
  volume    = {32},
  doi={10.7557/12.69},
  pages ={255--278},
}

@article{svenonius2004slavic,
  title={Slavic prefixes inside and outside {V}{P}},
  author={Svenonius, Peter},
  journal={Nordlyd},
  volume={32},
  number={2},
  year={2004},
  doi={10.7557/12.68},
  pages = {206--253}, 
}

@phdthesis{zaucer2009vp,
  title={A {V}{P}-internal/resultative analysis of 4 "{V}{P}-external" uses of {S}lavic verbal prefixes},
  author={Žaucer, Rok},
  year={2009},
  school={University of Ottawa},
address = {Ottawa, ON},
}

@book{den1995particles,
  title={Particles: {On} the syntax of verb-particle, triadic, and causative constructions},
  author={den Dikken, Marcel},
  year={1995},
  publisher={Oxford University Press},
address = {Oxford},
}

@book{ramchand2008verb,
  title={Verb meaning and the lexicon: {A} first-phase syntax},
  author={Ramchand, Gillian},
  volume={116},
  year={2008},
  publisher={Cambridge University Press },
  address={Cambridge},
}

@article{rappaport2001event,
  title={An event structure account of {E}nglish resultatives},
  author={Rappaport, Malka and Levin, Hovav Beth},
  year={2001},
  journal={Language},
  volume={77},
  number={4},
  pages={766--797},
 url={https://www.jstor.org/stable/3086847}
}

@inproceedings{zaucer2013,
  title={A case for result-modifying prefixes},
  author={Žaucer, Rok},
  booktitle={Formal {A}pproaches to {S}lavic {L}inguistics 20: The {S}econd {MIT} {M}eeting},
  editor={Podobryaev, Alexander},
  pages={290--304},
  year={2013},
  address={Ann Arbor, MI},
  publisher={Michigan Slavic Publications}
}

@incollection{slabakova2005,
  title={Perfective prefixes: {What} they are, what flavors they come in, and how they are acquired},
  author={Slabakova, Roumyana},
  booktitle={Formal {A}pproaches to {S}lavic {L}inguistics 13: The {S}outh {C}arolina {M}eeting},
  volume={13},
  editor={Franks, Steven and Gladney, Frank Y. and Tasseva-Kurktchieva, Mila},
  pages={324--341},
  year={2005},
  address={Ann Arbor, MI},
  publisher={Michigan Slavic Publications}
}

@inbook{endo2014symmetric,
  title={The symmetric syntax of {J}apanese complex verbs and {S}lavic prefixes},
  author={Endo, Yoshio and Wiland, Bartosz},
  booktitle={On peripheries: {Exploring} clause initial and clause final positions},
  editor={Cardinaletti, Anna and Cinque, Guglielmo and Endo, Yoshio},
  year={2014},
  pages={141--159},
  publisher={Hituzi Syobo Publishing},
  address={Tokyo},
}



@misc{mar+:WeSoSlaV,
title = {Database of the {W}estern {S}outh {S}lavic {V}erb {HyperVerb} 2.0 -- {We{S}o{S}la{V}}},
author = {Arsenijevi{\'c}, Boban and Gomboc {\v C}eh, Katarina and Maru{\v s}i{\v c}, Franc Lanko and Milosavljevi{\'c}, Stefan and Mi{\v s}ma{\v s}, Petra and Simi{\'c}, Jelena and Simonovi{\'c}, Marko and {\v Z}aucer, Rok}, 
url = {http://hdl.handle.net/11356/1846}, 
note = {Slovenian language resource repository {CLARIN}.{SI}}, 
copyright = {Creative Commons - Attribution 4.0 International ({CC} {BY} 4.0)}, 
issn = {2820-4042},
year = {2024} }

@book{snoj2009,
	address = {Ljubljana},
	author = {Marko Snoj},
	publisher = {Modrijan},
	title = {Slovenski etimološki slovar},
	year = {2009}
}

@article{sekli2016pomeni,
  title={Pomeni glagolskih predpon v slovenščini},
  author={{\v{S}}ekli, Matej},
  journal={Filološke studije},
  volume={14},
  number={1},
  pages={273--287},
  year={2016},
  url={https://hrcak.srce.hr/203716}
}

@article{milicevic2004lexical,
  title={The lexical and superlexical verbal prefix \textit{iz-} and its role in the stacking of prefixes},
  author={Mili{\'c}evi{\'c}, Nata{\v{s}}a},
  journal={Nordlyd},
  volume={32},
  number={2},
  pages={279--300},
  doi={10.7557/12.70},
  year={2004}
}


@article{markova2011nature,
  title={On the nature of {B}ulgarian prefixes: {Ordering} and modification in multiple prefixation},
  author={Markova, Angelina},
  journal={Word Structure},
  volume={4},
  number={2},
  pages={244--271},
  year={2011},
  publisher={Edinburgh University Press},
  doi={10.3366/word.2011.0013}
}

@article{babko2003perfectivity,
  title={Perfectivity and prefixation in {R}ussian},
  author={Babko-Malaya, Olga},
  journal={Journal of {S}lavic {L}inguistics},
  pages={5--36},
  volume = {11},
   number = {1},
   url={http://www.jstor.org/stable/24599703},
  year={2003}
}


@incollection{tatevosov2008intermediate,
  title={Intermediate prefixes in {R}ussian},
  author={Tatevosov, Sergei},
  booktitle={Proceedings of the annual workshop on Formal Approaches to {S}lavic Linguistics 16. The Stony Brook meeting},
  editor={Antonenko, Andrei and  Bethin,  Christina  and Baylin, John},
  volume={16},
  pages={423--445},
  year={2008},
  address={Ann Arbor, MI},
  publisher={Michigan Slavic Publications}
}

@article{simonovic2023theme,
  title={Theme-vowel class indeterminacy and root allomorphy in {S}lovenian},
  author={Simonovi{\'c}, Marko and Mi{\v{s}}ma{\v{s}}, Petra},
  journal={Glossa: a journal of general linguistics},
  volume={47},
  number={1},
  year={2023},
  doi={10.16995/glossa.8550},
  publisher={Open Library of Humanities}
}

@inproceedings{di1994modifying,
  title={Modifying affixes},
  author={Di Sciullo, Anna Maria and Klipple, Elizabeth},
  booktitle={Proceedings of the {Western} Conference On Linguistics {XXIII} ({WECOL} 93)},
  year={1994},
  pages={68--80},
  editor={Hargus, Sharon and McMenamin, Gerald R. and Samiian, Vida},
  publisher = {Department of Linguistics, California State University},
  address= {Fresno, CA},
  url={https://wecol.weebly.com/proceedings.html}
}


@mathesis{zaucer2002role,
  title={{The role of verbal prefixes in Slavic: Evidence from Slovenian locative denominal verbs}},
  author={Žaucer, Rok},
  year={2002},
  address = {Ottawa, ON},
  school={University of Ottawa}
}

@article{cahazikova2016,
  title={Vocalic alternations in {Czech prefixes: Evidence for prefix movement}},
  author={Caha, Pavel and Ziková, Marketa},
  journal={Acta Linguistica Hungarica},
  volume={63},
  number={3},
  pages={331--377},
  year={2016},
  doi={10.1556/064.2016.63.3.3}
}

@inproceedings{istratkova2006,
  title={When prefixes become adverbs},
  author={Istratkova, Vyara},
  series={Ohio Slavic Papers},
  volume={6},
  booktitle={Proceedings of the Second Graduate Colloquium on {Slavic} Linguistics},
  editor={Ivanova-Sullivan, Tanya and Sims, Andrea D. and Whiting, Miriam},
  publisher={Department of Slavic and East European Languages and Literatures, The Ohio State University},
  address={Columbus, OH},
  pages={1--31},
year={2006}
}

@article{spencer&zaretskaya1998,
  title={Verb prefixation in {Russian} as lexical subordination},
  author={Spencer, Andrew and Zaretskaya, Marina},
  journal={Linguistics},
  volume={36},
  number={1},
  pages={1--39},
  year={1998},
doi={10.1515/ling.1998.36.1.1}
}

 @misc{gigafida_glagoli,
 title = {Frequency lists of words from the {Gigafida} 2.0 corpus},
 author = {{\v C}ibej, Jaka and Arhar Holdt, Špela and Dobrovoljc, Kaja and Krek, Simon},
 url = {http://hdl.handle.net/11356/1273},
 note = {Slovenian language resource repository {CLARIN}.{SI}},
 copyright = {Creative Commons - Attribution-{ShareAlike} 4.0 International ({CC} {BY}-{SA} 4.0)},
 issn = {2820-4042},
 year = {2019} }