@book{langsci-current-book, author = {Saudah Namyalo and Alena Witzlack-Makarevich and Anatole Kiriggwajjo and Amos Atuhairwe and Zarina Molochieva and Ruth Mukama and Margaret Zellers}, title = {{A dictionary and grammatical sketch of Ruruuli-Lunyala}}, year = {2021}, series = {African Language Grammars and Dictionaries}, number = {5}, location = {Berlin}, publisher = {Language Science Press}, options = {dataonly=true} } 
