%% This BibTeX bibliography file was created using BibDesk.
%% http://bibdesk.sourceforge.net/

%% Saved with string encoding Unicode (UTF-8) 

@misc{OpenStreetMap,
   author = {{OpenStreetMap contributors}},
   title = {{Planet dump retrieved from https://planet.osm.org }},
   howpublished = "\url{ https://www.openstreetmap.org }",
   year = {2017},
 }
 
@book{ethnologue2020,
	address = {Dallas, TX},
	edition = {23},
	editor = {Eberhard, David M. and Simons, Gary F. and Fennig, Charles D.},
	publisher = {SIL International},
	title = {Ethnologue: {Languages} of the world},
	year = {2020}}

@book{ethnologue2019,
	address = {Dallas, TX},
	author = {Eberhard, David M. and Gary F. Simons and Charles D. Fennig},
	publisher = {SIL International},
	title = {Ethnologue: {L}anguages of the World},
	year = {2019}}

@book{ethnologue2016,
	address = {Dallas, TX},
	edition = {19},
	editor = {Lewis, M. Paul and Simons, Gary F. and Fennig, Charles D.},
	publisher = {SIL International},
	title = {Ethnologue: {L}anguages of the World},
	year = {2016}}

@book{deHaas1988Formal,
	address = {Dordrecht},
	author = {de Haas, Wim},
	publisher = {Foris},
	title = {A Formal Theory of Vowel Coalescence: {A} Case Study of {A}ncient {G}reek},
	year = {1988}}

@book{Taylor1985Nkore-Kiga,
	address = {London},
	author = {Taylor, Charles},
	publisher = {Croom Helm},
	series = {Croom Helm Descriptive Grammars},
	title = {Nkore-{K}iga},
	year = {1985}}

@unpublished{Segerer2008Closed,
	author = {Segerer, Guillaume},
	title = {Closed adjective classes and primary adjectives in {A}frican Languages},
	note = {halshs-00255943f},
	year = {2008}}

@article{Salzmann2011Towards,
	author = {Salzmann, Martin},
	journal = {Language and Linguistics Compass},
	number = {4},
	pages = {169--189},
	publisher = {Blackwell Publishing Ltd},
	title = {Towards a Typology of Locative Inversion -- {B}antu, Perhaps {C}hinese and {E}nglish -- But Beyond?},
	volume = {5},
	year = {2011}}

@incollection{Musoke2005Buruuli,
	address = {Kampala},
	author = {Kato Musoke},
	booktitle = {Buruuli-{B}unyala magazine},
	publisher = {Crane Publishers},
	title = {Buruuli-{B}unyala and its lovely people},
	year = {2005}}

@book{Kimenyi1980Relational,
	address = {Berkeley, CA},
	author = {Kimenyi, Alexandre},
	booktitle = {{ Relational Grammar of Kinyarwanda}},
	publisher = {University of California Press},
	title = {{A Relational Grammar of Kinyarwanda}},
	year = {1980}}

@book{Kemmer1993Middle,
	address = {Amsterdam},
	author = {Kemmer, Suzanne},
	publisher = {John Benjamins},
	title = {The Middle Voice},
	year = {1993}}

@book{Hengeveld1992Non-verbal,
	address = {Berlin},
	author = {Hengeveld, Kees},
	publisher = {Mouton de Gruyter},
	title = {{Non-verbal predication: {T}heory, typology, diachrony}},
	year = {1992}}

@incollection{Gldemannetal2019Niger-Congo,
	address = {Berlin},
	author = {G{\"u}ldemann, Tom and Fiedler, Ines},
	booktitle = {Grammatical gender and linguistic complexity: {V}olume {I}: {G}eneral issues and specific studies},
	editor = {Di Garbo, Francesca and Bruno Olsson and Bernhard Wälchli},
	pages = {95--145},
	publisher = {{Language Science Press}},
	title = {{Niger-Congo} ``noun classes'' conflate gender with deriflection},
	year = {2019}}

@article{Dometal2015Antipassive,
	author = {Dom, Sebastian and Segerer, Guillaume and Bostoen, Koen},
	journal = {Studies in Language},
	number = {2},
	pages = {354-385},
	title = {Antipassive/associative polysemy in {C}ilub{\`a} ({B}antu, {L}31a)},
	volume = {39},
	year = {2015}}

@book{Harjula2004Ha,
	address = {Cologne},
	author = {Harjula, Lotta},
	publisher = {R\"udiger K\"oppe},
	title = {The {H}a language of {T}anzania: {G}rammar, texts and vocabulary},
	year = {2004}}

@incollection{Thompsonetal2007Adverbial,
	address = {Cambridge},
	author = {Thompson, Sandra A. and Longacre, Robert E. and Hwang, Shin Ja J.},
	booktitle = {Language typology and syntactic description: {Volume} 2, {Complex} constructions},
	edition = {2},
	editor = {Shopen, Timothy},
	pages = {237--300},
	publisher = {Cambridge University Press},
	title = {Adverbial clauses},
	year = {2007}}
	
@incollection{Maienbornetal2011Adverbs,
	author = {Claudia Maienborn and Martin Sch{\"a}fer},
	booktitle = {Semantics. {A}n International Handbook of Natural Language Meaning},
	editor = {Maienborn, Claudia and von Heusinger, Klaus and Portner, Paul},
	pages = {1390--1420},
	publisher = {{de Gruyter Mouton}},
	title = {Adverbs and adverbials},
	volume = {2},
    address = {Berlin},
	year = {2008}}

@article{Marlo2015Exceptional,
	author = {Marlo, Michael R.},
	journal = {Nordic Journal of African Studies},
	number = {1},
	pages = {1--22},
	title = {Exceptional Properties of the Reflexive in {B}antu Languages},
	volume = {24},
	year = {2015}}

@incollection{Nedjalkov2007Overview,
	address = {Amsterdam},
	author = {Nedjalkov, Vladimir},
	booktitle = {Reciprocal constructions},
	editor = {{Vladimir Nedjalkov (with the assistance of Emma Geniusiene and Zlatka Guentcheva)}},
	pages = {3-114},
	publisher = {John Benjamins},
	title = {Overview of the research: Definitions of terms, framework, and related issues},
	year = {2007}}
	
@incollection{Kulaetal2010Argument,
	address = {Cologne},
	author = {Kula, Nancy C. and Marten, Lutz},
	booktitle = {Bantu Languages: {A}nalyses, Description and Theory},
	editor = {Leg{\`e}re, Karsten and Thornell, Christina},
	publisher = {R{\"u}diger K{\"o}ppe},
	title = {Argument structure and agency in {B}emba passives},
	year = {2010}}

@book{Givon1995Functionalism,
	address = {Amsterdam},
	author = {Giv{\'o}n, Talmy},
	publisher = {John Benjamins},
	title = {Functionalism and grammar},
	year = {1995}}

@article{Kawasha2007Passivization,
	author = {Kawasha, Boniface},
	journal = {Journal of African Languages and Linguistics},
	number = {1},
	pages = {37-56},
	publisher = {De Gruyter},
	title = {Passivization in {L}unda},
	volume = {28},
	year = {2007}}
	
@book{Zunigaetal2019Grammatical,
	address = {Cambridge},
	author = {Z{\'u}{\~n}iga, Fernando and Kittil{\"a}, Seppo},
	publisher = {Cambridge University Press},
	series = {Cambridge Textbooks in Linguistics},
	title = {Grammatical Voice},
	year = {2019}}
	
@book{Peterson2006Applicative,
	address = {Oxford},
	author = {Peterson, David A.},
	publisher = {Oxford University Press},
	title = {Applicative Constructions},
	year = {2006}}
	
@incollection{Ruppertetal2021Negation,
	address = {Berlin},
	author = {Ruppert, Eloisa and Saudah Namyalo and Alena Witzlack-Makarevich},
	booktitle = {Negation in the languages of the world},
	editor = {Matti Miestamo and Ljuba Veselinova},
	publisher = {Language Science Press},
	title = {Negation in {Ruuli (JE103)}},
	year = {2021+}}
	
@article{Kawalyaetal2018Reconstructing,
	author = {Kawalya, Deo and de Schryver, Gilles-Maurice and Bostoen, Koen},
	journal = {South African Journal of African Languages},
	number = {1},
	pages = {13--25},
	publisher = {Routledge Journals, Taylor \& Francis Ltd},
	title = {Reconstructing the origins of the {L}uganda ({JE}15) modal auxiliaries \emph{-s{\'o}b{\'o}l-} and \emph{-y{\^\i}nz-}: {A} historical-comparative study across the {West Nyanza B}antu cluster},
	volume = {38},
	year = {2018}}

@phdthesis{Nabirye2016Corpus-based,
	author = {Minah Nabirye},
	address = {Gent},
	school = {Universiteit Gent},
	title = {A corpus-based grammar of {L}usoga},
	year = {2016}}
	
@article{vanderAuweraetal1998Modality,
	author = {van der Auwera, Johan and Plungian, Vladimir},
	journal = {Linguistic Typology},
	pages = {79-124},
	title = {Modality's Semantic Map},
	volume = {2},
	year = {1998}}

@book{Palmer2001Mood,
	address = {Cambridge},
	author = {Palmer, Frank Robert},
	publisher = {Cambridge University Press},
	title = {Mood and Modality},
	year = {2001}}

@mastersthesis{Lorenzen2018Nonverbale,
	address = {Kiel},
	author = {Mandy Lorenzen},
	address = {Kiel},
	school = {University of Kiel},
	title = {Nonverbale {P}r{\"a}dikation in {R}uuli: {E}ine korpusbasierte {A}nalyse},
	year = {2018}}

@incollection{Schadebergetal2019Bantu,
	address = {London},
	author = {Schadeberg, Thilo C. and Bostoen, Koen},
	booktitle = {The {B}antu Languages},
	editor = {Van de Velde, Mark and Bostoen, Koen and Nurse, Derek and Philippson, G{\'e}rard},
	pages = {172-203},
	publisher = {Routledge},
	series = {Routledge Language Family Series},
	title = {Word formation},
	year = {2019}}

@phdthesis{Pacchiarotti2017Bantu,
	address = {Eugene, OR},
	author = {Pacchiarotti, Sara},
	school = {University of Oregon},
	title = {Bantu applicative construction types involving *-ɩd: form, functions and diachrony},
	year = {2017}}

@phdthesis{Atuhairwe2019Applicative,
	address = {Kampala},
	author = {Atuhairwe, Amos},
	school = {Makerere University},
	title = {Applicative verbs in {Ruruuli-L}unyala: {S}tructure and meaning},
	year = {2019}}
	
@article{Hyman1995Minimality,
	author = {Hyman, Larry M.},
	journal = {Journal of African Languages and Linguistics},
	number = {1},
	pages = {3-40},
	title = {Minimality and the prosodic morphology of {C}ibemba imbrication},
	volume = {16},
	year = {1995}}

@book{Bastin1983Finale,
	address = {Tervuren},
	author = {Bastin, Yvonne},
	publisher = {Mus{\'e}e Royal de l'Afrique Centrale},
	title = {La finale verbale \emph{-ide} et l'imbrication en bantou},
	year = {1983}}

@incollection{Hymanetal2017Multiple,
	author = {Hyman, Larry M. and Sharon Inkelas and Fred Jenga},
	address = {Berlin},
	publisher = {{Language Science Press}},
	booktitle = {On looking into words (and beyond). {S}tructures, Relations, Analyses},
	editor = {Claire Bowern and Laurence Horn and Raffaella Zanuttini},
	pages = {171--188},
	title = {Multiple exponence in the {L}usoga verb stem}}


@incollection{Katamba2003Bantu,
	address = {London},
	author = {Katamba, Francis X.},
	booktitle = {Bantu nominal morphology},
	editor = {Nurse, Derek and Philippson, G{\'e}rard},
	pages = {103--120},
	publisher = {Routledge},
	title = {The {B}antu languages},
	year = {2003}}

@book{Doke1927Textbook,
	address = {Johannesburg},
	author = {Doke, Clement M.},
	publisher = {The University of the Witwatersrand Press},
	title = {Textbook of {Z}ulu grammar},
	year = {1927}}

@incollection{Vandeveldeetal2019Nominal,
	address = {{London}},
	author = {Van de Velde, Mark},
	booktitle = {The {B}antu Languages},
	edition = {2nd edition},
	editor = {Van de Velde, Mark and Bostoen, Koen and Nurse, Derek and Philippson, G{\'e}rard},
	pages = {237--269},
	publisher = {Routledge},
	series = {Routledge Language Family Series},
	title = {Nominal morphology and syntax},
	year = {2019}}

@book{Maho1999Comparative,
	address = {Gothenburg},
	author = {Jouni Maho},
	publisher = {Acta Universitatis Gothoburgensis},
	series = {Orientalia et Africana Gothoburgensia},
	title = {A comparative study of {Bantu} noun classes},
	volume = {13},
	year = {1999}}

@book{Vennemann1988Preference,
	address = {Berlin},
	author = {Vennemann, Theo},
	publisher = {Mouton de Gruyter},
	title = {Preference Laws for Syllable Structure and the Explanation of Sound Change: {W}ith Special Reference to {G}erman, {G}ermanic, {I}talian, and {L}atin},
	year = {1988}}
	
@article{Hymanetal1990Final,
	author = {Hyman, Larry M. and Katamba, Francis X.},
	journal = {Studies in African Linguistics},
	number = {1},
	pages = {1-60},
	title = {Final vowel shortening in {L}uganda},
	volume = {21},
	year = {1990}}

@article{Hymanetal1987Luganda,
	author = {Hyman, Larry M. and Katamba, Francis X. and Walusimbi, Livingstone},
	journal = {Phonology Yearbook},
	pages = {87-108},
	title = {Luganda and the {S}trict {L}ayer {H}ypothesis},
	volume = {4},
	year = {1987}}

@incollection{Casali2011Hiatus,
	address = {Malden, MA},
	author = {Casali, Roderic F.},
	booktitle = {The {B}lackwell companion to phonology: {G}eneral issues and segmental phonology},
	editor = {van Oostendorp, Marc and Ewen, Colin J. and Hume, Elizabeth and Rice, Keren},
	pages = {1434-1460},
	publisher = {Wiley-Blackwell},
	title = {Hiatus resolution},
	volume = {3},
	year = {2011}}

@article{Katamba1984Nonlinear,
	author = {Francis X. Katamba},
	journal = {Journal of Linguistics},
	number = {2},
	pages = {257--275},
	title = {A Nonlinear Analysis of Vowel Harmony in {L}uganda},
	volume = {20},
	year = {1984}}

@incollection{vanderHulstetal1995Vowel,
	address = {Cambridge, MA},
	author = {van der Hulst, Harry and van de Weijer, Jeroen},
	booktitle = {The Handbook of Phonological Theory},
	editor = {Goldsmith, John A.},
	pages = {495--534},
	publisher = {Blackwell},
	title = {Vowel harmony},
	year = {1995}}
	
@incollection{Lionnetetal2018Languages,
	address = {Berlin},
	author = {Lionnet, Florian and Hyman, Larry M.},
	booktitle = {The Languages and Linguistics of {A}frica},
	editor = {G{\"u}ldemann, Tom},
	pages = {602--708},
	publisher = {De Gruyter Mouton},
	series = {The World of Linguistics},
	title = {Current issues in {A}frican phonology},
	year = {2018}}

@mastersthesis{deBrito2019Tonology,
	address = {Princeton, NJ},
	author = {de Brito Gottlieb, Caroline},
	school = {Princeton University},
	title = {Tonology of the {Luruuli/Lunyala} Noun},
	year = {2019}}

@incollection{Hyman1999Historical,
	address = {Stanford, CA},
	author = {Hyman, Larry M.},
	booktitle = {Bantu Historical Linguistics: {T}heoretical and Empirical Perspectives},
	editor = {Jean-Marie Hombert and Hyman, Larry M.},
	pages = {235--295},
	publisher = {CSLI Publications},
	title = {The historical interpretation of vowel harmony in {B}antu},
	year = {1999}}

@incollection{Odden2015Bantu,
	author = {David Odden},
	booktitle = {{Oxford H}andbooks online},
	publisher = {Oxford University Press},
	title = {Bantu Phonology},
	url = {http://www.oxfordhandbooks.com/view/10.1093/oxfordhb/9780199935345.001.0001/oxfordhb-9780199935345-e-59},
	year = {2015}}

@book{Downingetal2017Phonology,
	author = {Downing, Laura J. and Mtenje, Al},
	address = {Oxford},
	publisher = {Oxford University Press},
	title = {The Phonology of {C}hichewa},
	year = {2017}}

@incollection{Hyman2019Segmental,
	address = {{London}},
	author = {Hyman, Larry M.},
	booktitle = {The {B}antu Languages},
	editor = {Van de Velde, Mark and Bostoen, Koen and Nurse, Derek and Philippson, G{\'e}rard},
	pages = {128-149},
	publisher = {Routledge},
	title = {Segmental phonology},
	year = {2019}}

@incollection{Downing2005Ambiguous,
	address = {Berlin},
	author = {Downing, Laura J.},
	booktitle = {The Internal Organization of Phonological Segments},
	editor = {Marc van Oostendorp and Jeroen van de Weijer},
	pages = {183-216},
	publisher = {De Gruyter Mouton},
	title = {On the ambiguous segmental status of nasals in homorganic {NC} sequences},
	year = {2005}}

@article{Hyman1992Moraic,
	author = {Hyman, Larry M.},
	journal = {Phonology},
	number = {2},
	pages = {255--265},
	title = {Moraic mismatches in {B}antu},
	volume = {9},
	year = {1992}}

@book{Miestamo2005,
	Address = {Berlin},
	Author = {Matti Miestamo},
	Publisher = {Mouton de Gruyter},
	Title = {Standard negation: {T}he negation of declarative verbal main clauses in a typological perspective},
	Year = {2005}}

@phdthesis{Gibson2012Rangi,
	Address = {London},
	Author = {Hannah Cameron Gibson},
	Institution = {SOAS, University of London},
	School = {School of Oriental and African Studies},
	Address = {London},
	Title = {Auxiliary placement in {R}angi: {A} {D}ynamic {S}yntax perspective},
	Year = {2012}}

@book{Persohn2017,
	Address = {Berlin},
	Author = {Bastian Persohn},
	Publisher = {Language Science Press},
	Title = {The verb in {N}yakyusa: {A} focus on tense, aspect and modality},
	Year = {2017}}

@phdthesis{Nakayiza2013,
	Address = {London},
	Author = {Judith Nakayiza},
	Institution = {SOAS, University of London},
	Title = {The sociolinguistics of multilingualism in {Uganda}: {A} case study of the official and non-official language policy, planning and management of {Luruuli-Lunyara and Luganda}},
	Year = {2013}}

@unpublished{Namyalo2016,
	Author = {Saudah Namyalo},
	Note = {Unpublished manuscript},
	Title = {A comprehensive bilingual talking {Luruuli/Lunyara-English} dictionary with a descriptive basic grammar for language revitalisation and enhancement of mothertongue based education},
	Year = {2016}}

@book{Nurse2003b,
	Address = {London},
	Editor = {Derek Nurse and G{\'e}rard Philippson},
	Editor = {Nurse, Derek and Philippson, G{\'e}rard},
	Publisher = {Routledge},
	Title = {The {B}antu languages},
	Year = {2003}}
	
@article{Veselinova2013,
	Author = {Ljuba Veselinova},
	Issue = {1},
	Journal = {Rivista di linguistica},
	Pages = {107--145},
	Title = {Negative existentials: {A} cross-linguistic study},
	Volume = {25},
	Year = {2013}}

@incollection{Hengeveld2004Illocution,
	author = {Hengeveld, Kees},
	booktitle = {Morphology / {M}orphologie. {A}n International Handbook on Inflection and Word-Formation / {Ein internationales Handbuch zur Flexion und Wortbildung}},
	editor = {Geert Booij and Christian Lehmann and Joachim Mugdan and Stavros Skopeteas},
	pages = {1190--1201},
	address = {Berlin},
	publisher = {Mouton de Gruyter},
	title = {Illocution, Mood and modality},
	volume = {2},
	year = {2004}}
	
@book{Comrie1985Tense,
	address = {Cambridge},
	author = {Comrie, Bernard},
	publisher = {Cambridge University Press},
	title = {Tense},
	year = {1985}}
	
@book{Miestamo2015,
	Address = {Amsterdam},
	Editor = {Matti Miestamo and Anne Tamm and Be{\'a}ta Wagner-Nagy},
	Publisher = {John Benjamins},
	Title = {Negation in Uralic languages},
	Year = {2015}}

@incollection{Haspelmath2013Argument,
	address = {Berlin},
	author = {Haspelmath, Martin},
	booktitle = {Languages Across Boundaries: {S}tudies in Memory of {A}nna {S}iewierska},
	editor = {Bakker, Dik and Haspelmath, Martin},
	pages = {197-226},
	publisher = {{de Gruyter Mouton}},
	title = {Argument indexing: A conceptual framework for the syntactic status of bound person forms},
	year = {2013}}

@book{Nurse2008Tense,
	Address = {Oxford},
	Author = {Derek Nurse},
	Publisher = {Oxford University Press},
	Title = {Tense and aspect in {Bantu}},
	Year = {2008}}
	
@article{Miestamo2007,
	Author = {Matti Miestamo},
	Doi = {10.1111/j.1749-818X.2007.00026.x},
	Journal = {Language and Linguistics Compass},
	Number = {5},
	Pages = {552--570},
	Title = {Negation -- an overview of typological research},
	Volume = {1},
	Year = {2007}}

@incollection{VanderAuweraetal2013Prohibitive,
	Address = {Leipzig},
	Author = {Johan {Van der Auwera} and Ludo Lejeune and Valentin Goussev},
	Booktitle = {The World Atlas of Language Structures Online},
	Editor = {Matthew S. Dryer and Martin Haspelmath},
	Publisher = {Max Planck Institute for Evolutionary Anthropology},
	Title = {The Prohibitive},
	Url = {http://wals.info/chapter/71},
	Year = {2013},
	Bdsk-Url-1 = {http://wals.info/chapter/71}}

@phdthesis{Kahrel1996,
	Address = {Amsterdam},
	Author = {Pieter Johannus Kahrel},
	Institution = {University of Amsterdam},
	Title = {Aspects of negation},
	Year = {1996}}

@incollection{Miestamo2013,
	Address = {Leipzig},
	Author = {Matti Miestamo},
	Booktitle = {The World Atlas of Language Structures Online},
	Editor = {Matthew S. Dryer and Martin Haspelmath},
	Publisher = {Max Planck Institute for Evolutionary Anthropology},
	Title = {Symmetric and Asymmetric Standard Negation},
	Url = {http://wals.info/chapter/113},
	Year = {2013},
	Bdsk-Url-1 = {http://wals.info/chapter/113}}

@incollection{Miestamo2013a,
	Address = {Leipzig},
	Author = {Matti Miestamo},
	Booktitle = {The World Atlas of Language Structures Online},
	Editor = {Matthew S. Dryer and Martin Haspelmath},
	Publisher = {Max Planck Institute for Evolutionary Anthropology},
	Title = {Subtypes of Asymmetric Standard Negation},
	Url = {http://wals.info/chapter/114},
	Year = {2013},
	Bdsk-Url-1 = {http://wals.info/chapter/114}}

@book{Payne1997,
	Address = {Cambridge},
	Author = {Thomas E. Payne},
	Publisher = {Cambridge University Press},
	Title = {Describing morphosyntax: {A} guide for field linguistis},
	Year = {1997}}

@article{Elliott2000,
	Author = {Jennifer R. Elliott},
	File = {:Literatur/Elliott2000reality.pdf:PDF},
	Journal = {Linguistic Typology},
	Pages = {55--90},
	Title = {Realis and irrealis: {Forms} and concepts of the grammaticalisation of reality},
	Volume = {4},
	Year = {2000}}

@article{Persohnetal2017lPost-final,
	Author = {Persohn, Bastian and Devos, Maud},
	Journal = {Africana linguistica},
	Pages = {3--46},
	Title = {Post-final Locatives in {B}antu: Axes of Variation and Non-locative Functions},
	Volume = {23},
	Year = {2017}}

@book{Schoenbrun1997GreatLakes,
	Address = {Cologne},
	Author = {Schoenbrun, David Lee},
	Publisher = {R{\"u}diger K{\"o}ppe},
	Series = {Sprache und Geschichte in Afrika (SUGIA): Supplement},
	Title = {The historical reconstruction of {Great Lakes Bantu: {E}tymologies} and distributions},
	Volume = {9},
	Year = {1997}}

@article{Sorensenetal2020Clausal,
	Author = {Marie-Louise Lind S{\o}rensen and Alena Witzlack-Makarevich},
	Journal = {Studies in African Linguistics},
	Number = {1},
	Pages = {85-110},
	Title = {Clausal complementation in {R}uuli ({B}antu, {JE}103)},
	Volume = {49},
	Year = {2020}}

@incollection{Veselinova2019NOT,
	Author = {Ljuba Veselinova and Maud Devos},
	Title = {{NOT YET} expressions as a lexico-grammatical category in Bantu languages},
	Booktitle = {The expression of phasal polarity in {A}frican languages},
	Editor = {Raija Kramer},
	Pages = {73-92},
	Publisher = {De Gruyter Mouton},
	Address = {Berlin},
	Year = {2021}}
	
@incollection{Miestamo2016Questionnaire,
	Author = {Miestamo, Matti},
	Title = {Questionnaire for describing the negation system of a language},
	Urldate = {Available online. https://swl8.sciencesconf.org/data/pages/ negation_questionnaire_general_2.pdf},
	Year = {2016}}

@book{Murphy1972Luganda,
	Author = {Murphy, John D.},
	Publisher = {Consortium Press [for] Catholic University of America Press},
	Title = {Luganda-{E}nglish dictionary},
	Address = {Washington, D.C.},
	Year = {1972}}

@incollection{Kramern.d.Position,
	Author = {Raija Kramer},
	Title = {Position paper on Phasal Polarity expressions},
	Booktitle = {The expression of phasal polarity in {A}frican languages},
	Editor = {Raija Kramer},
	Publisher = {De Gruyter Mouton},
	Address = {Berlin},
	Year = {2021}}

@techreport{Uganda2016,
	Address = {Kampala},
	Author = {{Uganda Bureau of Statistics}},
	Title = {The National Population and Housing Census 2014 -- Main Report},
	Year = {2016}}

@techreport{Uganda2016National,
	address = {Kampala},
	author = {{Uganda Bureau of Statistics}},
	title = {The National Population and Housing Census 2014 -- Main Report},
	year = {2016}}

@book{Pustet2003Copulas,
	Address = {Oxford},
	Author = {Pustet, Regina},
	Publisher = {Oxford University Press},
	Title = {Copulas: {Universals} in the {categorization} of the {lexicon}},
	Year = {2003}}

@incollection{Nurseetal1999Tense,
	Address = {Stanford},
	Author = {Nurse, Derek and Muzale, Henry R. T.},
	Booktitle = {Bantu historical linguistics: {T}heoretical and empirical perspectives},
	Editor = {Hombert, Jean-Marie and Hyman, Larry M.},
	Pages = {517-544},
	Publisher = {CSLI Publications},
	Title = {Tense and aspect in {Great Lakes Bantu} languages},
	Year = {1999}}

@incollection{Miestamo2017Negation,
	Address = {Cambridge},
	Author = {Matti Miestamo},
	Booktitle = {Cambridge Handbook of Linguistic Typology},
	Editor = {Aikhenvald, Alexandra Y. and Dixon, Robert M. W.},
	Pages = {405--439},
	Publisher = {Cambridge University Press},
	Title = {Negation},
	Year = {2017}}

@incollection{Molochieva2018Phasal,
	Address = {Berlin},
	Author = {Molochieva, Zarina and Saudah Namyalo and Alena Witzlack-Makarevich},
	Booktitle = {The expression of phasal polarity in {A}frican languages},
	Editor = {Raija Kramer},
	Publisher = {De Gruyter Mouton},
	Title = {Phasal Polarity in {Ruuli (Bantu, JE.103)}},
	Year = {2021}}

@article{Meeussen1967Bantu,
	Author = {Meeussen, Achille E.},
	Journal = {Africana Linguistica},
	Pages = {79--121},
	Title = {Bantu grammatical reconstructions},
	Volume = {3},
	Year = {1967}}

@incollection{Haspelmath2013,
	Address = {Leipzig},
	Author = {Martin Haspelmath},
	Booktitle = {The World Atlas of Language Structures Online},
	Editor = {Matthew S. Dryer and Martin Haspelmath},
	Publisher = {Max Planck Institute for Evolutionary Anthropology},
	Title = {Negative Indefinite Pronouns and Predicate Negation},
	Url = {http://wals.info/chapter/115},
	Year = {2013}}

@article{Veselinova2014,
	Author = {Ljuba Veselinova},
	Issue = {6},
	Journal = {Linguistics},
	Pages = {1327--1389},
	Title = {The negative existential cycle revisited},
	Volume = {52},
	Year = {2014}}


@incollection{Miestamo2014Partitives,
	Address = {Berlin},
	Author = {Matti Miestamo},
	Booktitle = {Partitive cases and related categories},
	Editor = {Silvia Luraghi and Tuomas Huumo},
	Pages = {63--86},
	Publisher = {Mouton de Gruyter},
	Title = {Partitives and negation: A cross-linguistic survey},
	Year = {2014}}

@unpublished{Veselinova2013Lexicalization,
	Address = {Leipzig},
	Author = {Ljuba Veselinova},
	Month = {August},
	Note = {Paper given at the {T}enth {B}iannial {C}onference of the {Association for Linguistic Typology (ALT 10)}, Leipzig, 16 August 2013},
	Title = {Lexicalization of negative senses: {A} cross-linguistic study},
	Year = {2013}}

@incollection{Nurse2003a,
	Author = {Derek Nurse},
	Booktitle = {{The Bantu languages}},
	Editor = {Derek Nurse and G{\'e}rard Philippson},
	Pages = {90--102},
	Publisher = {Routledge},
	Title = {{Aspect and tense in Bantu languages}},
	Year = {2003}}

@incollection{Hymanetal1999Syllable,
	address = {Berlin},
	author = {Hyman, Larry M. and Katamba, Francis X.},
	booktitle = {The Syllable},
	editor = {van der Hulst, Harry and Ritter, Nancy},
	pages = {349-416},
	publisher = {De Gruyter},
	title = {The syllable in {L}uganda phonology and morphology},
	year = {1999}}

@book{Ashtonetal1954Luganda,
	address = {London},
	author = {Ashton, Ethel O. and Mulira, Enoch M. K. and Ndawula, E. G. M. and Tucker, Archibald Norman},
	publisher = {Longmans, Green and Company},
	title = {A {L}uganda grammar},
	year = {1954}}

@book{Mwogezi2004History,
	address = {Kampala},
	author = {Mwogezi, Isaabaruuli},
	publisher = {Earnest Publishers},
	title = {The History of {Buruuli-B}unyala, an account of the seven lost counties {B}ritain donated to {B}uganda in 1900},
	year = {2004}}
	
@article{Devos2013Jespersen,
	Author = {Maud Devos and Johan {Van der Auwera}},
	Journal = {Journal of African Languages and Linguistics},
	Number = {2},
	Pages = {205--274},
	Title = {Jespersen cycles in {Bantu: Double and triple negation}},
	Volume = {34},
	Year = {2013}}

@book{Pustet2003,
	Address = {Oxford},
	Author = {Regina Pustet},
	Publisher = {Oxford University Press},
	Title = {Copulas: {Universals in the categorization of the lexicon}},
	Year = {2003}}

@book{VanderWaletal2005Luruuri,
	address = {Kampala},
	author = {Vander Wal, John and Vander Wal, Trista},
	publisher = {SIL International},
	title = {Luruuri-{R}unyara Language Assessment Report},
	year = {2005}}

@phdthesis{Stonehouse2012Peripheral,
	address = {Leeds},
	author = {Stonehouse, Aidan},
	school = {University of Leeds},
	title = {Peripheral Identities in an {A}frican State: {A} History of Ethnicity in the {K}ingdom of {B}uganda Since 1884},
	year = {2012}}

@article{Green2008Understanding,
	author = {Green, Elliott D.},
	journal = {Perspectives on Politics},
	number = {3},
	pages = {473--485},
	title = {Understanding the Limits to Ethnic Change: {L}essons from {U}ganda's ``lost counties''},
	volume = {6},
	year = {2008}}

@book{Semakula1972History,
	address = {London},
	author = {Semakula Kiwanuka, Mutia Mulumba},
	publisher = {Longman},
	title = {A history of {B}uganda from the foundation of the kingdom to 1900},
	year = {1972}}

@phdthesis{Nakayiza2013Sociolinguistics,
	author = {Nakayiza, Judith},
	school = {School of Oriental and African Studies (SOAS)},
	title = {The sociolinguistics of multilingualism in {U}ganda: {A} case study of the official and non-official language policy, planning and management of {Luruuri-Lunyara} and {Luganda}},
	year = {2013}}

@book{Ladefogedetal1972Language,
	address = {London},
	author = {Ladefoged, Peter and Glick, Ruth and Criper, Clive},
	publisher = {Oxford University Press},
	series = {Ford Foundation's language survey},
	title = {Language in {U}ganda},
	year = {1972}}

@misc{Hammarstrometal2017Glottolog32,
	address = {Jena},
	author = {Harald Hammarstr{\"o}m and Sebastian Bank and Robert Forkel and Martin Haspelmath},
	howpublished = {Max Planck Institute for the Science of Human History},
	title = {Glottolog 3.2},
	url = {http://glottolog.org/ accessed 2018-05-01},
	year = {2018},
	Bdsk-Url-1 = {http://glottolog.org/%20accessed%202018-05-01}}

@book{Schoenbrun1997Historical,
	address = {Cologne},
	author = {Schoenbrun, David Lee},
	publisher = {R{\"u}diger K{\"o}ppe},
	series = {Sprache und Geschichte in Afrika (SUGIA): Supplement},
	title = {The historical reconstruction of {Great Lakes Bantu}: {E}tymologies and distributions},
	volume = {9},
	year = {1997}}

@article{Schoenbrun1994Great,
	address = {Cologn},
	author = {Schoenbrun, David L.},
	journal = {Sprache und Geschichte in Afrika (SUGIA)},
	pages = {91-152},
	publisher = {R{\"u}diger K{\"o}ppe},
	title = {{Great Lakes Bantu}: {C}lassification and Settlement Chronology},
	volume = {15},
	year = {1994}}
	
@collection{Miestamo2015a,
	Address = {Amsterdam},
	Editor = {Matti Miestamo and Anne Tamm and Be{\'a}ta Wagner-Nagy},
	Publisher = {John Benjamins},
	Title = {Negation in {Uralic} Languages wrong},
	Year = {2015}}

@misc{wikiKayunga,
	author = {Wikimedia Commons},
	note = {[Online; accessed 21-March-2021]},
	title = {{File: Kayunga District in Uganda.svg --- Wikimedia Commons, the free media repository}},
	url = {\url{https://commons.wikimedia.org/w/index.php?title=File:Kayunga_District_in_Uganda.svg&oldid=519876779}},
	year = {2020}}


@misc{wikiNakasongola,
	author = {Wikimedia Commons},
	note = {[Online; accessed 21-March-2021]},
	title = {File: Nakasongola {District in U}ganda.svg --- {Wikimedia C}ommons, the free media repository},
	url = {https://commons.wikimedia.org/w/index.php?title=File:Nakasongola_District_in_Uganda.svg&oldid=520621894},
	year = {2020}}

@incollection{Miestamo2015b,
	Author = {Matti Miestamo and Anne Tamm and Be{\'a}ta Wagner-Nagy},
	Booktitle = {Negation in Uralic Languages},
	Editor = {Matti Miestamo and Anne Tamm and Be{\'a}ta Wagner-Nagy},
	Pages = {1--41},
	Publisher = {John Benjamins},
	Title = {Negation in {Uralic} languages -- {Introduction}},
	Year = {2015}}

@unpublished{Creissels2018,
	Author = {Creissels, Denis},
	Title = {Predicative possession in {B}antu languages},
	Year = {2018}}

@incollection{Veselinova2016Negative,
	Author = {Veselinova, Ljuba},
	Address = {Amsterdam},
	Booktitle = {Cyclical Change Continued},
	Editor = {Elly van Gelderen},
	Pages = {139--187},
	Publisher = {John Benjamins},
	Title = {The negative existential cycle viewed through the lens of comparative data},
	Publisher = {John Benjamins},
	Year = {2016}}

@misc{Miestamo2016,
	Author = {Matti Miestamo},
	Howpublished = {Available online},
	Title = {Questionnaire for describing the negation system of a language},
	Url = {https://swl8.sciencesconf.org/data/pages/negation_questionnaire_general_2.pdf},
	Year = {2016}}
