@book{langsci-current-book, author = {Cristian R. Juárez\affiliation {The University of Texas at Austin}\orcid {}}, title = {{Constituency in Northern Chaco Mocoví (Guaycuruan, Argentina)}}, year = {2024}, series = {Empirically Oriented Theoretical Morphology and Syntax}, number = {??}, location = {Berlin}, publisher = {Language Science Press}, options = {dataonly=true} } 
