@book{langsci-current-book, editor = {Matt Coler and Andrew Nevins}, title = {{Contemporary research in minoritized and diaspora languages of Europe}}, year = {2022}, series = {Contact and Multilingualism}, number = {6}, location = {Berlin}, publisher = {Language Science Press}, options = {dataonly=true} } 
