@book{langsci-current-book, author = {Jean Nitzke and Silvia Hansen-Schirra}, title = {{A short guide to post-editing}}, year = {2021}, series = {Translation and Multilingual Natural \\Language Processing}, number = {16}, location = {Berlin}, publisher = {Language Science Press}, options = {dataonly=true} } 
