@article{aragones2017complementarity,
  title={On the complementarity between human translators and machine translation},
  author={Aragon{\'e}s Lumeras, Maite and Way, Andy},
  journal={Hermes},
  number={56},
  pages={21--42},
  year={2017},
  publisher={Aarhus Universitet}
}

@incollection{arnhold_maschinelle_2017,
	location = {Berlin},
	title = {{Maschinelle Übersetzung und Post-Editing}},
	booktitle = {{Best Practices - Übersetzen und Dolmetschen}},
	publisher = {{BDÜ} Fachverlag},
	author = {Arnhold, Philip and Grizzo, Sara and Hansen-Schirra, Silvia and Nitzke, Jean and Porsiel, Jörg and Schaeffer, Moritz and Schneider, Michael},
	editor = {Ottmann, Angelika},
	date = {2017}
}

@incollection{carl_post-editing_2015,
	location = {Newcastle upon Tyne},
	title = {Post-editing machine translation -- a usability test for professional translation settings},
	pages = {145 -- 174},
	booktitle = {Psycholinguistic and cognitive inquiries in translation and interpretation studies.},
	publisher = {Cambridge Scholars Publishing},
	author = {Carl, Michael and Gutermuth, Silke and Hansen-Schirra, Silvia},
	editor = {Ferreira, Aline and Schwieter, John W.},
	date = {2015}
}

@incollection{daems_effectiveness_2016,
	location = {Heidelberg; New York a. o.},
	title = {The Effectiveness of consulting external resources during translation and post-editing of general text types},
	pages = {111--133},
	booktitle = {New Directions in Empirical Translation Process Research},
	publisher = {Springer},
	author = {Daems, Joke and Carl, Michael and Vandepitte, Sonia and Hartsuiker, Robert and Macken, Lieve},
	editor = {Carl, Michael and Bangalore, Srinivas and Schaeffer, Moritz},
	date = {2016}
}

@BOOK{Comrie1981,
  author = {Bernard Comrie},
  year = {1981},
  title = {Language Universals and Linguistic Typology},
  address = {Oxford},
  publisher = {Basil Blackwell}
}

@BOOK{Chomsky1957,
  author = {Noam Chomsky},
  year = {1957},
  title = {Syntactic structures},
  address = {The Hague},
  publisher = {Mouton} 
}


@BOOK{Circov1900,
  author = {Ćircov, Boban},
  sortname={Circov},
  year = {1957},
  title = {Test book},
  address = {The Hague},
  publisher = {Mouton} 
}

@article{carl_sketch_2017,
	title = {Sketch of a Noisy Channel Model for the translation process},
	volume = {7},
	pages = {71},
	journaltitle = {Empirical modelling of translation and interpreting},
	author = {Carl, Michael and Schaeffer, Moritz},
	date = {2017}
}

@incollection{nitzke_comparing_2016,
	location = {Heidelberg; New York a. o.},
	title = {Comparing Translation and Post-editing: An Annotation Schema for Activity Units},
	pages = {293--308},
	booktitle = {New Directions in Empirical Translation Process Research},
	publisher = {Springer},
	author = {Nitzke, Jean and Oster, Katharina},
	editor = {Carl, Michael and Bangalore, Srinivas and Schaeffer, Moritz},
	date = {2016}
}

@book{horn1999technisches,
  title={Technisches Übersetzen in {T}heorie und {P}raxis},
  author={Horn-Helf, Brigitte},
  year={1999},
  publisher={Francke}
}

@book{schmitt1999translation,
  title={Translation und {T}echnik},
  author={Schmitt, Peter A},
  year={1999},
  publisher={Stauffenburg {T}übingen, Germany}
}
 
@electronic{Nordhoff2018,
  author = {Sebastian Nordhoff},
  year = {2018},
  title = {{BibTeX generator}},
  url = {http://glottotopia.org/doc2tex/doc2bib},
  note = {Follow the link to generate BibTeX} 
}

@article{marzouk2019evaluation,
  title={Evaluation of the impact of controlled language on neural machine translation compared to other {MT} architectures},
  author={Marzouk, Shaimaa and Hansen-Schirra, Silvia},
  journal={Machine Translation},
  pages={1--25},
  year={2019},
  publisher={Springer}
}

@article{marzouk2019evaluation,
  title={Evaluation of the impact of controlled language on neural machine translation compared to other {MT} architectures},
  author={Marzouk, Shaimaa and Hansen-Schirra, Silvia},
  journal={Machine Translation},
  volume={33},
  number={1},
  pages={179--203},
  year={2019},
  publisher={Springer}
}


@inproceedings{kamprath1998controlled,
  title={Controlled language for multilingual document production: experience with {C}aterpillar technical English},
  author={Kamprath, Christine and Adolphson, Eric and Mitamura, Teruko and Nyberg, Eric},
  booktitle={Proceedings of the Second International Workshop on Controlled Language Applications},
  volume={146},
  year={1998}
}

@incollection{kittredge2003sublanguages,
  title={Sublanguages and controlled languages},
  author={Kittredge, Richard I},
  booktitle={The Oxford Handbook of Computational Linguistics 2nd edition},
  year={2003}
}

@incollection{obrien_eye_2009,
	location = {Copenhagen},
	title = {Eye tracking in translation process research: methodological challenges and solutions.},
	volume = {38},
	series = {Copenhagen studies in language},
	pages = {251--266},
	booktitle = {Methodology, technology and innovation in translation process research: a tribute to Arnt Lykke Jakobsen.},
	publisher = {Samfundslitteratur},
	author = {O’Brien, Sharon},
	editor = {Mees, Inger M. and Alves, Fabio and Göpferich, Susanne},
	date = {2009}
}

@article{obrien_towards_2011,
	title = {Towards predicting post-editing productivity},
	volume = {25},
	issn = {0922-6567, 1573-0573},
	url = {http://www.springerlink.com/index/10.1007/s10590-011-9096-7},
	doi = {10.1007/s10590-011-9096-7},
	pages = {197--215},
	number = {3},
	journaltitle = {Machine Translation},
	author = {O’Brien, Sharon},
	urldate = {2013-02-28},
	date = {2011-09-27},
	keywords = {Post-Editing}
}

@article{o2012translation,
  title={Translation as human--computer interaction},
  author={O'Brien, Sharon},
  journal={Translation Spaces},
  volume={1},
  number={1},
  pages={101--122},
  year={2012},
  publisher={John Benjamins}
}


@incollection{culo_influence_2014,
	location = {Newcastle upon Tyne},
	title = {The Influence of Post-Editing on Translation Strategies},
	pages = {200--218},
	booktitle = {Post-Editing of Machine Translation: Processes and Applications},
	publisher = {Cambridge Scholars Publishing},
	author = {Čulo, Oliver and Gutermuth, Silke and Hansen-Schirra, Silvia and Nitzke, Jean},
	editor = {Winther Balling, Laura and Carl, Michael},
	date = {2014}
}

@incollection{allen_post-editing_2003,
	location = {Amsterdam \& Philadelphia},
	title = {Post-editing},
	volume = {35},
	pages = {297--318},
	booktitle = {Computers and Translation: A translator's guide},
	publisher = {John Benjamins Translation Library},
	author = {Allen, Jeffrey},
	editor = {Somers, Harold},
	date = {2003}
}

@book{koehn2009statistical,
  title={Statistical machine translation},
  author={Koehn, Philipp},
  year={2009},
  publisher={Cambridge University Press}
}

@book{hutchins1992introduction,
  title={An introduction to machine translation},
  author={Hutchins, William J. and Somers, Harold L},
  volume={362},
  year={1992},
  publisher={Academic Press London}
}

@article{folaron2010translation,
  title={Translation tools},
  author={Folaron, Deborah},
  journal={Handbook of Translation Studies},
  volume={1},
  pages={429--436},
  year={2010},
  publisher={John Benjamins Publishing}
}

@inproceedings{vauquois1968survey,
  title={A survey of formal grammars and algorithms for recognition and transformation in mechanical translation},
  author={Vauquois, Bernard},
  booktitle={Ifip congress (2)},
  volume={68},
  pages={1114--1122},
  year={1968}
}


@book{wilks2008machine,
  title={Machine translation: its scope and limits},
  author={Wilks, Yorick},
  year={2008},
  publisher={Springer Science \& Business Media}
}

@book{chesterman1997memes,
  title={Memes of translation},
  author={Chesterman, Andrew},
  volume={10},
  year={1997},
  publisher={Amsterdam: John Benjamins}
}

@article{hearne2011statistical,
  title={Statistical machine translation: a guide for linguists and translators},
  author={Hearne, Mary and Way, Andy},
  journal={Language and Linguistics Compass},
  volume={5},
  number={5},
  pages={205--226},
  year={2011},
  publisher={Wiley Online Library}
}

@article{canfora2015risikomanagement,
  title={Risikomanagement für Übersetzungen},
  author={Canfora, Carmen and Ottmann, Angelika},
  journal={trans-kom},
  volume={8},
  number={2},
  pages={314--346},
  year={2015}
}

@article{canfora2018ostriches,
  title={Of ostriches, pyramids, and {S}wiss cheese: risks in safety-critical translations},
  author={Canfora, Carmen and Ottmann, Angelika},
  journal={Translation Spaces},
  volume={7},
  number={2},
  pages={167--201},
  year={2018},
  publisher={John Benjamins}
}

@article{pym2018risk,
  title={Risk mitigation in translator decisions},
  author={Pym, Anthony and Matsushita, Kayo},
  journal={Across Languages and Cultures},
  volume={19},
  number={1},
  pages={1--18},
  year={2018},
  publisher={Akad{\'e}miai Kiad{\'o}}
}

@book{hofmann2012prozessgestutztes,
  title={{Prozessgestütztes Übersetzen: Vom funktionsorientierten Übersetzungsprozess zum {G}eschäftsprozessmodell für die {D}ienstleistung Übersetzen}},
  author={Hofmann, Sascha},
  year={2012},
  publisher={Harland Media},
  address = {Jena},
}




@book{iso2009international,
  title={International Standard: Risk Management: Principles and Guidelines},
  author={ISO 31000},
  year={2009}
}


@article{massey2017machine,
  title={Machine learning: Implications for translator education},
  author={Massey, Gary and Ehrensberger-Dow, Maureen},
  journal={Lebende Sprachen},
  volume={62},
  number={2},
  pages={300--312},
  year={2017},
  publisher={De Gruyter Mouton}
}

@incollection{wallberg_iso_2017,
	location = {Berlin},
	title = {{ISO} 18587-A standard for the post-editing process},
	pages = {148--155},
	booktitle = {Machine Translation},
	publisher = {{BDÜ} Fachverlag},
	author = {Wallberg, Ilona},
	editor = {Porsiel, Jörg},
	date = {2017}
}

@article{beeby2003building,
  title={Building a translation competence model},
  author={Beeby, Allison and Rodr{\'\i}guez, Mauro Fern{\'a}ndez and Fox, Olivia and Albir, Amparo Hurtado and Neunzig, Wilhelm and Orozco, Mariana and Presas, Marisa and In{\'e}s, Patricia Rodr{\'\i}guez and Romero, Lupe},
  journal={Benjamins Translation Library},
  volume={45},
  pages={43--68},
  year={2003},
  publisher={JOHN BENJAMINS BV}
}

@article{robert2017towards,
  title={Towards a model of translation revision competence},
  author={Robert, Isabelle S. and Remael, Aline and Ureel, Jim},
  journal={The Interpreter and Translator Trainer},
  volume={11},
  number={1},
  pages={1--19},
  year={2017},
  publisher={Taylor \& Francis}
}

@article{nitzke2019risk,
  title={Risk management and post-editing competence},
  author={Nitzke, Jean and Hansen-Schirra, Silvia and Canfora, Carmen},
  journal={The Journal of Specialised Translation},
  volume={31},
  pages={239--259},
  year={2019}
}




@article{emt2009competences,
  title={Competences for professional translators, experts in multilingual and multimedia communication},
  author={EMT, Expert Group},
  journal={European Master’s in Translation (EMT)},
  year={2009}
}

@article{gopferich2009towards,
  title={Towards a model of translation competence and its acquisition: the longitudinal study {TransComp}},
  author={Göpferich, Susanne},
  journal={Behind the mind: Methods, models and results in translation process research},
  volume={4},
  number={4},
  pages={11--37},
  year={2009},
  publisher={Samfundslitteratur Copenhagen}
}

@article{nitzke2016monolingual,
  title={Monolingual post-editing: An exploratory study on research behaviour and target text quality},
  author={Nitzke, Jean},
  journal={Eyetracking and applied linguistics},
  volume={2},
  pages={83--108},
  year={2016},
  publisher={Language Science Press}
}



@article{toral2018post,
  title={Post-editing effort of a novel with statistical and neural machine translation},
  author={Toral, Antonio and Wieling, Martijn and Way, Andy},
  journal={Frontiers in Digital Humanities},
  volume={5},
  url={https://www.frontiersin.org/articles/10.3389/fdigh.2018.00009/full},
  year={2018},
  publisher={Frontiers}
}

@book{nitzke2019problem,
  title={Problem solving activities in post-editing and translation from scratch: A multi-method study},
  author={Nitzke, Jean},
  year={2019},
  publisher={Language Science Press}
}

@article{carl2015post,
  title={Post-editing machine translation},
  author={Carl, Michael and Gutermuth, Silke and Hansen-Schirra, Silvia},
  journal={Psycholinguistic and cognitive inquiries into translation and interpreting},
  volume={115},
  pages={145},
  year={2015}
}

@inproceedings{specia2011exploiting,
  title={Exploiting objective annotations for measuring translation post-editing effort},
  author={Specia, Lucia},
  booktitle={Proceedings of the 15th conference of the European Association for Machine Translation},
  pages={73--80},
  year={2011}
}

@article{moorkens2015correlations,
  title={Correlations of perceived post-editing effort with measurements of actual effort},
  author={Moorkens, Joss and O’Brien, Sharon and Da Silva, Igor AL and de Lima Fonseca, Norma B and Alves, Fabio},
  journal={Machine Translation},
  volume={29},
  number={3-4},
  pages={267--284},
  year={2015},
  publisher={Springer}
}

@inproceedings{schaeffer2014measuring,
  title={Measuring the cognitive effort of literal translation processes},
  author={Schaeffer, Moritz and Carl, Michael},
  booktitle={Proceedings of the {EACL} 2014 Workshop on Humans and Computer-assisted Translation},
  pages={29--37},
  year={2014}
}

@article{guerberof2013professional,
  title={What do professional translators think about post-editing},
  author={Guerberof Arenas, Ana},
  journal={JoSTrans The journal of specialised translation},
  volume={19},
  pages={75--95},
  year={2013},
  publisher={Journal of Specialised Translation}
}

@book{mossop2019revising,
  title={Revising and editing for translators},
  author={Mossop, Brian},
  year={2019},
  publisher={Routledge}
}

@thesis{hor_chancen_2020,
	location = {Germersheim},
	title = {{Chancen und Risiken der Dienstleistung Post-Editing Maschinelle Übersetzung und Post-Editing im Vertrieb eines Sprachdienstleisters. Ein Fallbeispiel}},
	institution = {Universität Mainz},
	type = {{MA}-Arbeit},
	author = {Hör, Franziska},
	date = {2020}
}

@inproceedings{alam2013manual,
  title={Manual evaluation and error analysis of machine translation output between a distant language pair focusing on effects of sentence length},
  author={Alam, Yukiko Sasaki},
  booktitle={Proc of the Tenth International Symposium of Natural Language Processing (SNLP 2013)},
  year={2013}
}

@article{arenas2014correlations,
  title={Correlations between productivity and quality when post-editing in a professional context},
  author={Guerberof Arenas, Ana},
  journal={Machine Translation},
  volume={28},
  number={3-4},
  pages={165--186},
  year={2014},
  publisher={Springer}
}

@techreport{autor2014polanyi,
  title={Polanyi's paradox and the shape of employment growth},
  author={Autor, David},
  year={2014},
  institution={National Bureau of Economic Research}
}

@article{taivalkoski2019ethical,
  title={Ethical issues regarding machine (-assisted) translation of literary texts},
  author={Taivalkoski-Shilov, Kristiina},
  journal={Perspectives},
  volume={27},
  number={5},
  pages={689--703},
  year={2019},
  publisher={Taylor \& Francis}
}

@article{kenny2020machine,
  title={Machine translation, ethics and the literary translator’s voice},
  author={Kenny, Dorothy and Winters, Marion},
  journal={Translation Spaces},
  volume={9},
  number={1},
  pages={123--149},
  year={2020},
  publisher={John Benjamins}
}

@article{laubli2020jair,
    title = {A Set of Recommendations for Assessing Human–Machine Parity in Language Translation},
    author = {Samuel Läubli and Sheila Castilho and Graham Neubig and Rico Sennrich and Qinlan Shen and Antonio Toral},
    journal = {Journal of Artificial Intelligence Research (JAIR)},
    month = {2},
    volume = {67},
    url = {https://jair.org/index.php/jair/article/view/11371},
    year = {2020}
}

@book{liao2020ethics,
  title={Ethics of Artificial Intelligence},
  author={Liao, Matthew S.},
  year={2020},
  publisher={Oxford University Press}
}

@article{bowker2020translation,
  title={Translation technology and ethics},
  author={Bowker, Lynne},
  journal={The Routledge Handbook of Translation and Ethics},
  pages={262},
  year={2020},
  publisher={Routledge}
}

@article{bowker2019,
  title={Fit-for-purpose translation},
  author={Bowker, Lynne},
  journal={The Routledge Handbook of Translation and Technology},
  pages={453--468},
  year={2020},
  publisher={Routledge}
}

@article{bonnefon2016social,
  title={The social dilemma of autonomous vehicles},
  author={Bonnefon, Jean-Fran{\c{c}}ois and Shariff, Azim and Rahwan, Iyad},
  journal={Science},
  volume={352},
  number={6293},
  pages={1573--1576},
  year={2016},
  publisher={American Association for the Advancement of Science}
}

@article{daems2019interactive,
  title={Interactive adaptive {SMT} versus interactive adaptive {NMT}: a user experience evaluation},
  author={Daems, Joke and Macken, Lieve},
  journal={Machine Translation},
  volume={33},
  number={1},
  pages={117--134},
  year={2019},
  publisher={Springer}
}

@misc{din_iso_18587_ubersetzungsdienstleistungen_2018,
	title = {Translation services — Post-editing of machine translation output — Requirements},
	author = {{DIN ISO} 18587},
	date = {2018}
}

@article{sanchis2014interactive,
  title={Interactive translation prediction versus conventional post-editing in practice: a study with the {CasMaCat} workbench},
  author={Sanchis-Trilles, Germ{\'a}n and Alabau, Vicent and Buck, Christian and Carl, Michael and Casacuberta, Francisco and Garc{\'\i}a-Mart{\'\i}nez, Mercedes and Germann, Ulrich and Gonz{\'a}lez-Rubio, Jes{\'u}s and Hill, Robin L and Koehn, Philipp and others},
  journal={Machine Translation},
  volume={28},
  number={3-4},
  pages={217--235},
  year={2014},
  publisher={Springer}
}

@inproceedings{alabau2014casmacat,
  title={Casmacat: A computer-assisted translation workbench},
  author={Alabau, Vicent and Buck, Christian and Carl, Michael and Casacuberta, Francisco and Garc{\'\i}a-Mart{\'\i}nez, Mercedes and Germann, Ulrich and Gonz{\'a}lez-Rubio, Jes{\'u}s and Hill, Robin and Koehn, Philipp and Leiva, Luis A and others},
  booktitle={Proceedings of the Demonstrations at the 14th Conference of the European Chapter of the Association for Computational Linguistics},
  pages={25--28},
  year={2014}
}

@article{peris2019online,
  title={Online learning for effort reduction in interactive neural machine translation},
  author={Peris, {\'A}lvaro and Casacuberta, Francisco},
  journal={Computer Speech \& Language},
  volume={58},
  pages={98--126},
  year={2019},
  publisher={Elsevier}
}

@article{moorkens2017assessing,
  title={Assessing user interface needs of post-editors of machine translation},
  author={Moorkens, Joss and O’Brien, Sharon},
  editor={Kenny, Dorothy},
  journal={Human issues in translation technology},
  pages={109--130},
  year={2017},
  publisher={Routledge New York, NY}
}

@article{pedersen2014exploring,
  title={Exploring the concept of transcreation: Transcreation as ‘more than translation’?},
  author={Pedersen, Daniel},
  journal={Cultus: The Journal of intercultural mediation and communication},
  volume={7},
  pages={57--71},
  year={2014}
}

@article{tardel2020effort,
  title={Effort in Semi-Automatized Subtitling Processes},
  author={Tardel, Anke},
  journal={Journal of Audiovisual Translation},
  volume={3},
  number={2},
  pages={79--102},
  year={2020}
}

@inproceedings{gavrila2011training,
  title={Training Data in Statistical Machine Translation-the More, the Better?},
  author={Gavrila, Monica and Vertan, Cristina},
  booktitle={Proceedings of the International Conference Recent Advances in Natural Language Processing 2011},
  pages={551--556},
  year={2011}
}

@inproceedings{kamocki2015all,
  title={All Your Data Are Belong to us. European Perspectives on Privacy Issues in ‘Free’ Online Machine Translation Services},
  author={Kamocki, Pawe{\l} and O’Regan, Jim and Stauch, Marc},
  booktitle={IFIP International Summer School on Privacy and Identity Management},
  pages={265--280},
  year={2015},
  organization={Springer}
}

@book{ferlein2008technische,
  title={Technische {D}okumentation für internationale {M}ärkte: haftungsrechtliche {G}rundlagen, {S}prache, {G}estaltung, {R}edaktion und Übersetzung},
  author={Ferlein, Jörg and Hartge, Nicole},
  volume={679},
  year={2008},
  publisher={expert verlag}
}


@article{aikawa2007impact,
  title={Impact of controlled language on translation quality and post-editing in a statistical machine translation environment},
  author={Aikawa, Takako and Schwartz, Lee and King, Ronit and Corston-Oliver, Monica and Lozano, Carmen},
  journal={Proceedings of the MT Summit XI},
  pages={1--7},
  year={2007}
}

@book{reiss2014towards,
  title={Towards a general theory of translational action: Skopos theory explained},
  author={Reiss, Katharina and Vermeer, Hans J},
  year={2014},
  publisher={Routledge}
}


@inproceedings{mitchell2013community,
  title={Community-based post-editing of machine-translated content: monolingual vs. bilingual},
  author={Mitchell, Linda and Roturier, Johann and O'Brien, Sharon},
  booktitle={Proceedings of the MT Summit Conference 2013},
  year={2013},
  organization={European Association for Machine Translation}
}

@article{macketanz2017machine,
  title={Machine translation: Phrase-based, rule-based and neural approaches with linguistic evaluation},
  author={Macketanz, Vivien and Avramidis, Eleftherios and Burchardt, Aljoscha and Helcl, Jindrich and Srivastava, Ankit},
  journal={Cybernetics and Information Technologies},
  volume={17},
  number={2},
  pages={28--43},
  year={2017},
  publisher={Sciendo}
}

@article{burchardt2017linguistic,
  title={A linguistic evaluation of rule-based, phrase-based, and neural MT engines},
  author={Burchardt, Aljoscha and Macketanz, Vivien and Dehdari, Jon and Heigold, Georg and Jan-Thorsten, Peter and Williams, Philip},
  journal={The Prague Bulletin of Mathematical Linguistics},
  volume={108},
  number={1},
  pages={159--170},
  year={2017},
  publisher={De Gruyter Poland}
}

@article{alves2016investigating,
  title={Investigating cognitive effort in post-editing: A relevance-theoretical approach},
  author={Alves, Fabio and Szpak, Karina Sarto and Gon{\c{c}}alves, Jos{\'e} Luiz and Sekino, Kyoko and Aquino, Marceli and Ara{\'u}jo e Castro, Rodrigo and Koglin, Arlene and de Lima Fonseca, Norma B and Mesa-Lao, Bartolom{\'e}},
  journal={Eyetracking and applied linguistics},
  volume={2},
  pages={109--141},
  year={2016},
  publisher={Language Science Press Berlin}
}

@incollection{carl2019outline,
  title={Outline for a Relevance Theoretical Model of Machine Translation Post-editing},
  author={Carl, Michael and Schaeffer, Moritz},
  booktitle={Researching Cognitive Processes of Translation},
  pages={49--67},
  year={2019},
  publisher={Springer}
}

@incollection{carl2016critt,
  title={The {CRITT} translation process research database},
  author={Carl, Michael and Schaeffer, Moritz and Bangalore, Srinivas},
  booktitle={New directions in empirical translation process research},
  pages={13--54},
  year={2016},
  publisher={Springer}
}

@article{hutchins2007machine,
  title={Machine translation: A concise history},
  author={Hutchins, John},
  journal={Computer aided translation: Theory and practice},
  volume={13},
  number={29-70},
  pages={11},
  year={2007},
  publisher={Chinese University of Hong Kong}
}

@article{schwartz2018history,
  title={The history and promise of machine translation},
  author={Schwartz, Lane},
  journal={Innovation and Expansion in Translation Process Research},
  pages={161},
  year={2018},
  publisher={John Benjamins Publishing Company}
}

@book{hutchins2000early,
  title={Early years in machine translation: memoirs and biographies of pioneers},
  author={Hutchins, William J.},
  volume={97},
  year={2000},
  publisher={John Benjamins Publishing}
}

@article{koehn2017neural,
  title={Neural machine translation},
  author={Koehn, Philipp},
  journal={arXiv preprint arXiv:1709.07809},
  year={2017}
}

@article{bentivogli2018neural,
  title={Neural versus phrase-based mt quality: An in-depth analysis on english--german and english--french},
  author={Bentivogli, Luisa and Bisazza, Arianna and Cettolo, Mauro and Federico, Marcello},
  journal={Computer Speech \& Language},
  volume={49},
  pages={52--70},
  year={2018},
  publisher={Elsevier}
}

@article{toral2017multifaceted,
  title={A multifaceted evaluation of neural versus phrase-based machine translation for 9 language directions},
  author={Toral, Antonio and S{\'a}nchez-Cartagena, V{\'\i}ctor M.},
  journal={arXiv preprint arXiv:1701.02901},
  year={2017}
}

@inproceedings{specia2010translating,
  title={Translating from complex to simplified sentences},
  author={Specia, Lucia},
  booktitle={International Conference on Computational Processing of the Portuguese Language},
  pages={30--39},
  year={2010},
  organization={Springer}
}

@article{klaper2013building,
  title={Building a {G}erman/simple {G}erman parallel corpus for automatic text simplification},
  author={Klaper, David and Ebling, Sarah and Volk, Martin},
  year={2013},
  publisher={University of Zurich}
}

@inproceedings{michon2020integrating,
  title={Integrating Domain Terminology into Neural Machine Translation},
  author={Michon, Elise and Crego, Josep M and Senellart, Jean},
  booktitle={Proceedings of the 28th International Conference on Computational Linguistics},
  pages={3925--3937},
  year={2020}
}

@article{canfora2020risks,
  title={Risks in neural machine translation},
  author={Canfora, Carmen and Ottmann, Angelika},
  journal={Translation Spaces},
  volume={9},
  number={1},
  pages={58--77},
  year={2020},
  publisher={John Benjamins}
}

@inproceedings{vardaro2019translation,
  title={Translation quality and error recognition in professional neural machine translation post-editing},
  author={Vardaro, Jennifer and Schaeffer, Moritz and Hansen-Schirra, Silvia},
  booktitle={Informatics},
  volume={6},
  number={3},
  pages={1--29},
  year={2019},
  organization={Multidisciplinary Digital Publishing Institute}
}

@article{moorkens2020ethics,
  title={Ethics in the translation industry},
  author={Moorkens, Joss and Rocchi, Marta},
  journal={The Routledge Handbook of Translation and Ethics},
  pages={320},
  year={2020},
  publisher={Routledge}
}


@book{ottmann_best_2017,
	title = {{Best Practices - Übersetzen und Dolmetschen: Ein Nachschlagewerk aus der Praxis für Sprachmittler und Auftraggeber}},
	isbn = {978-3-938430-85-9},
	shorttitle = {{Best Practices - Übersetzen und Dolmetschen}},
	author = {Ottmann, Angelika},
	date = {2017},
	note = {{OCLC}: 968251708}
}

@collection{porsiel_machine_2017,
	location = {Berlin},
	title = {Machine Translation - What Language Professionals Need to Know},
	series = {Fachkommunikation},
	publisher = {{BDÜ} Fachverlag},
	editor = {Porsiel, Jörg},
	date = {2017}
}

@article{way2013traditional,
  title={Traditional and emerging use-cases for machine translation},
  author={Way, Andy},
  journal={Proceedings of Translating and the Computer},
  volume={35},
  pages={12},
  year={2013}
}

@article{hu2016comparative,
  title={A comparative study of post-editing guidelines},
  author={Hu, Ke and Cadwell, Patrick},
  journal={Baltic Journal of Modern Computing},
  volume={4},
  number={2},
  pages={346--353},
  year={2016},
  publisher={Vilnius University, University of Latvia, Latvia University of Agriculture~…}
}

@article{kenny2020fair,
  title={Fair {MT}: Towards ethical, sustainable machine translation},
  author={Kenny, Dorothy and Moorkens, Joss and do Carmo, F{\'e}lix},
  journal={Translation Spaces},
  volume={9},
  number={1},
  pages={1--11},
  year={2020},
  publisher={John Benjamins}
}

@article{bernardini2020,
  title={Language service provision in the 21st century:
challenges, opportunities and educational perspectives for translation studies},
  author={Bernardini, Silvia and Bouillon, Pierrette and Ciobanu, Gragos and van Genabith, Josef and Hansen-Schirra, Silvia and O'Brien, Sharon and Steiner, Erich and Teich, Elke},
  journal={Proceedings of Bologna Process Beyond 2020. Fundamental Values of the 
EHEA},
  pages={297--303},
  year={2020},
  publisher={Bologna University Press}
}



@article{nitzke2020preferential,
  title={Preferential Changes in Revision and Post-Editing},
  author={Nitzke, Jean and Gros, Anne-Kathrin},
  journal={Translation revision and post-editing},
  pages={21--34},
  year={2020},
 }

@online{depalma_augmented_2017,
	title = {Augmented Translation Powers up Language Services},
	url = {https://csa-research.com/Blog/ArticleID/140},
	author = {{DePalma}, Donald A.},
	date = {2017}
}

@online{lommel_augmented_2020,
	title = {Augmented Translation: Are We There Yet?},
	url = {https://csa-research.com/Blog/ArticleID/706/augmented-translation-2020},
	author = {Lommel, Arle},
	date = {2020}
}

@article{do2020review,
  title={A review of the state-of-the-art in automatic post-editing},
  author={do Carmo, F{\'e}lix and Shterionov, Dimitar and Moorkens, Joss and Wagner, Joachim and Hossari, Murhaf and Paquin, Eric and Schmidtke, Dag and Groves, Declan and Way, Andy},
  journal={Machine Translation},
  pages={1--43},
  year={2020},
  publisher={Springer}
}

@inproceedings{vig2019bertviz,
  title={BertViz: A tool for visualizing multihead self-attention in the {BERT} model},
  author={Vig, Jesse},
  booktitle={ICLR Workshop: Debugging Machine Learning Models},
  year={2019}
}

@incollection{perez-ortiz_how_nodate,
	title = {How neural machine translation works},
	booktitle = {Machine Translation for Multilingual Citizens},
	author = {Pérez-Ortiz, Juan Antonio and Forcada, Mikel L. and Sánchez-Martínez, Felipe},
	url = {http://www.multitrainmt.eu/index.php/en/neural-mt-training/neural-mt-handbook-for-multilingual-citizens},
	year={in print}
}

@inproceedings{nunziatini2020machine,
  title={Machine Translation Post-Editing Levels: Breaking Away from the Tradition and Delivering a Tailored Service},
  author={Nunziatini, Mara and Marg, Lena},
  booktitle={Proceedings of the 22nd Annual Conference of the European Association for Machine Translation},
  pages={309--318},
  year={2020}
}

@article{knezevic2015improving,
  title={Improving quality of maintenance through Simplified Technical English},
  author={Knezevic, Jezdimir},
  journal={Journal of Quality in Maintenance Engineering},
  year={2015},
  publisher={Emerald Group Publishing Limited}
}

@article{bangalore2015role,
  title={The role of syntactic variation in translation and post-editing},
  author={Bangalore, Srinivas and Behrens, Bergljot and Carl, Michael and Gankhot, Maheshwar and Heilmann, Arndt and Nitzke, Jean and Schaeffer, Moritz and Sturm, Annegret},
  journal={Translation Spaces},
  volume={4},
  number={1},
  pages={119--144},
  year={2015},
  publisher={John Benjamins}
}

@article{moorkens2018translators,
  title={Translators’ perceptions of literary post-editing using statistical and neural machine translation},
  author={Moorkens, Joss and Toral, Antonio and Castilho, Sheila and Way, Andy},
  journal={Translation Spaces},
  volume={7},
  number={2},
  pages={240--262},
  year={2018},
  publisher={John Benjamins}
}

@software{neugebauer_latex_2020,
	title = {A {LATEX} package for typesetting crossword puzzles and more},
	url = {https://ftp.mpi-inf.mpg.de/pub/tex/mirror/ftp.dante.de/pub/tex/macros/latex/contrib/gene/crossword/cwpuzzle.pdf},
	author = {Neugebauer, Gerd},
	date = {2020}
}

@inproceedings{och2003minimum,
  title={Minimum error rate training in statistical machine translation},
  author={Och, Franz Josef},
  booktitle={Proceedings of the 41st annual meeting of the Association for Computational Linguistics},
  pages={160--167},
  year={2003}
}

@article{cadwell2018resistance,
  title={Resistance and accommodation: factors for the (non-) adoption of machine translation among professional translators},
  author={Cadwell, Patrick and o’Brien, Sharon and Teixeira, Carlos SC},
  journal={Perspectives},
  volume={26},
  number={3},
  pages={301--321},
  year={2018},
  publisher={Taylor \& Francis}
}

@article{laubli2017google,
  title={When {G}oogle {T}ranslate is better than some human colleagues, those people are no longer colleagues},
  author={Läubli, Samuel and Orrego-Carmona, David},
  year={2017},
  publisher={AsLing}
}
