% Include entries that you actually cite. Do not copy here your whole bib-file.

@Book{bis:Biskup2019,
  author    = {Petr Biskup},
  publisher = {John Benjamins},
  title     = {Prepositions, case and verbal prefixes: {The case of Slavic}},
  year      = {2019},
  address   = {Amsterdam},
}

@incollection{bis:Biskup2020,
  author    = {Biskup, Petr},
  year      = {2024},
  title     = {An {Agree} analysis of the morphological aspect in {Slavic}},
  booktitle = {Strictly cycling},
address = {Leipzig},
publisher = {Institut für Linguistik, Universität Leipzig},
pages = {55--74},
editor = {Silke Fischer and Doreen Georgi and Fabian Heck and Johannes Hein and Anke Himmelreich and Andrew Murphy and Philipp Weisser},
  url       = {https://www.philol.uni-leipzig.de/fileadmin/Fakult%C3%A4t_Philo/Linguistik/Forschung/LAB/LAB_97/LAB97_04_biskup.pdf}
}

@Book{bis:Comrie1976,
  author           = {Bernard Comrie},
  title            = {Aspect: {An} introduction to the study of verbal aspect and related problems},
  publisher        = {Cambridge University Press},
  address          = {Cambridge},
  citedin          = {osl1;osl3;osl5},
  modificationdate = {2021-09-13T23:08:57},
  owner            = {radeksimik},
  year             = {1976},
}

@Book{bis:Dickey2000,
  author           = {Stephen M. Dickey},
  title            = {Parameters of {Slavic aspect: A cognitive approach}},
  publisher        = {CSLI Publications},
  address          = {Stanford, CA},
  citedin          = {osl1},
  modificationdate = {2021-09-13T15:53:49},
  owner            = {radeksimik},
  year             = {2000},
}

@InCollection{bis:Filip2000,
  author    = {Hana Filip},
  booktitle = {Events as Grammatical Objects: {The} Converging Perspectives of Lexical Semantics and Syntax},
  publisher = {CSLI Publications},
  title     = {The quantization puzzle},
  year      = {2000},
  address   = {Stanford, CA},
  editor    = {Carol Tenny and James Pustejovsky},
  pages     = {39–95},
}

@Book{bis:Gehrke2008,
  author           = {Gehrke, Berit},
  title            = {Ps in motion: {On the semantics and syntax of P} elements and motion events},
  publisher        = {LOT},
  url              = {https://www.lotpublications.nl/ps-in-motion-ps-in-motion-on-the-semantics-and-syntax-of-p-elements-and-motion-events},
  address          = {Utrecht},
  citedin          = {osl1;osl3},
  modificationdate = {2021-09-13T15:53:51},
  owner            = {radeksimik},
  year             = {2008},
}

@PhdThesis{bis:Kwapiszewski2022,
  author    = {Arkadiusz Kwapiszewski},
  title     = {Aspect and event structure: {The} morphosyntax of {Polish} verbs from a cross-linguistic perspective},
  year      = {2022},
  address   = {Oxford},
school = {University of Oxford},
}

@PhdThesis{bis:Lazorczyk2010,
  author    = {Agnieszka Łazorczyk},
  title     = {Decomposing {Slavic aspect}: {The} role of aspectual morphology in {Polish and other Slavic languages}},
  year      = {2010},
  address   = {Los Angeles, CA},
school = {University of Southern California},
}

@InCollection{bis:Link1983,
  author    = {Godehard Link},
  booktitle = {Meaning, use, and interpretation of language},
  publisher = {de Gruyter},
  title     = {The logical analysis of plural and mass terms: {A} lattice theoretical approach},
  year      = {1983},
  address   = {Berlin},
  editor    = {Rainer Bäuerle and Christoph Schwarze and Arnim von Stechow},
  pages     = {302--323},
  citedin   = {osl5},
  doi       = {10.1515/9783110852820.302},
  ids       = {Link:1983,link-83,link1983logical},
  owner     = {radeksimik},
}

@Article{bis:Mehlig2012,
  author  = {Hans Robert Mehlig},
  journal = {Journal of Slavic Linguistics},
  title   = {Hybrid predications in {Russian}},
  year    = {2012},
  number  = {2},
  pages   = {171--227},
  volume  = {20},
  citedin = {osl5},
  doi     = {10.1353/jsl.2012.0010},
  owner   = {radeksimik},
}

@article{bis:Ramchand2004,
  author           = {Ramchand, Gillian},
  journal        = {Nordlyd},
volume = {32},
number = {2},
  title            = {Time and the event: {The} semantics of {Russian} prefixes},
  doi              = {10.7557/12.72},
  year             = {2004},
    pages = {23–361},
}

@Book{bis:Smith1997,
  author           = {Carlota S. Smith},
  publisher        = {Springer},
  title            = {The parameter of aspect},
  year             = {1997},
  address          = {Dordrecht},
  edition          = {2nd edition},
  citedin          = {osl2;osl5},
  modificationdate = {2021-09-13T22:44:32},
  owner            = {radeksimik},
  doi              = {10.1007/978-94-011-5606-6},
}

@Book{bis:Svedova1980,
  author           = {Švedova, {Natalija J.}},
  title            = {Russkaja grammatika},
  publisher        = {Nauka},
  address          = {Moskva},
  year             = {1980},
}

@ARTICLE{bis:Romanova2004,
  author           = {Romanova, Eugenia},
  journal        = {Nordlyd},
volume = {32},
number = {2},
  title            = {Superlexical versus lexical prefixes},
  doi              = {10.7557/12.69},
  year             = {2004},
pages = {255–278},
}

@InProceedings{bis:Tatevosov2008,
  author           = {Tatevosov, Sergei},
  booktitle        = {Formal {Approaches to Slavic Linguistics 16}: {The} {Stony} {Brook} {Meeting} 2007},
  title            = {Intermediate prefixes in {Russian}},
  editor           = {Andrei Antonenko and John F. Bailyn and Christina Y. Bethin},
  pages            = {423--445},
  publisher        = {Michigan Slavic Publications},
  address          = {Ann Arbor, MI},
  citedin          = {osl3},
  modificationdate = {2021-09-13T15:54:06},
  owner            = {radeksimik},
  year             = {2008},
}

@Article{bis:Tatevosov2011,
  author  = {Sergei Tatevosov},
  journal = {Scando-Slavica},
  title   = {Severing perfectivity from the verb},
  year    = {2011},
  pages   = {216–244},
  volume  = {57},
  doi     = {10.1080/00806765.2011.631782},
}

@Book{Katny1994,
  author    = {Andrzej Katny},
  publisher = {Wydawnictwo WSP},
  title     = {Zu ausgewählten {Aktionsarten} im {Polnischen} und deren {Ent\-spre\-chun\-gen} im {Deutschen}},
  year      = {1994},
address = {Rzesów},
}

@Article{BabkoMalaya2003,
  author  = {Olga Babko-Malaya},
  journal = {Journal of Slavic Linguistics},
  title   = {Perfectivity and prefixation in {Russian}},
  year    = {2003},
  number  = {1},
  pages   = {5-36},
  volume  = {11},
url = {https://www.jstor.org/stable/24599703},
}

@Article{Baker.Vinokurova2009,
  author  = {Mark C. Baker and Nadya Vinokurova},
  journal = {Language},
  title   = {On agent nominalizations and why they are not like event nominalizations},
  year    = {2009},
  number  = {3},
  pages   = {517-556},
  volume  = {85},
  doi     = {10.1353/lan.0.0144},
}

@Article{Bach1986,
  author           = {Emmon Bach},
  date             = {1986},
  title            = {The algebra of events},
  doi              = {10.1007/BF00627432},
  number           = {1},
  pages            = {5--16},
  volume           = {9},
  citedin          = {osl2;osl5},
  journal          = {Linguistics and Philosophy},
  modificationdate = {2021-09-13T23:03:18},
  owner            = {radeksimik},
  publisher        = {Springer},
  year             = {1986},
}

@InCollection{Berger2009,
  author    = {Tilman Berger},
  booktitle = {{Von Zuständen, Dynamik und Veränderung bei Pygmäen und Giganten: Festschrift zum 60. Geburtstag von Walter Breu}},
  publisher = {Universitätsverlag Dr. Norbert Brockmeyer},
  title     = {Anmerkungen zur {Produktivität} der tschechischen {Iterativa}},
  year      = {2009},
  address   = {Bochum},
  editor    = {Lenka Scholze and Björn Wiemer (Hg.)},
  pages     = {25-43},
}

@Book{Biskup2019,
  author    = {Petr Biskup},
  publisher = {John Benjamins},
  title     = {Prepositions, case and verbal prefixes: {The case of Slavic}},
  year      = {2019},
  address   = {Amsterdam},
}

@incollection{bis:Biskup2020,
  author    = {Biskup, Petr},
  year      = {2024},
  title     = {An {Agree} analysis of the morphological aspect in {Slavic}},
  booktitle = {Strictly cycling},
address = {Leipzig},
publisher = {Institut für Linguistik, Universität Leipzig},
pages = {55--74},
editor = {Silke Fischer and Doreen Georgi and Fabian Heck and Johannes Hein and Anke Himmelreich and Andrew Murphy and Philipp Weisser},
  url       = {https://www.philol.uni-leipzig.de/fileadmin/Fakult%C3%A4t_Philo/Linguistik/Forschung/LAB/LAB_97/LAB97.pdf}
}

@InCollection{Biskup2021,
  author       = {Petr Biskup},
  booktitle    = {Advances in Formal {Slavic} Linguistics 2021},
  title        = {Aspect separated from aspectual markers in {Russian} and {Czech}},
  year         = {2023},
  address      = {Berlin},
  publisher    = {Language Science Press},
doi = {10.5281/zenodo.10123631},
editor = {Petr Biskup and Marcel Börner and Olav Mueller-Reichau and Iuliia Shcherbina},
pages = {61–98},
}

@InCollection{Blaszcza.KlimekJankowska2012,
  author    = {Joanna Błaszczak and Dorota Klimek-Jankow\-ska},
  booktitle = {{Formal Approaches to Slavic Linguistics 20: The second MIT meeting 2011}},
  publisher = {Michigan Slavic Publications},
  title     = {Futures in {Polish} and {Slovenian}: ‘{A} hole in a sock’ theory},
  year      = {2012},
  address   = {Ann Arbor, MI},
  editor    = {Alexander Podobryaev},
  pages     = {17-32},
url = {https://lsa.umich.edu/content/dam/slavic-assets/slavic-documents/20FASL.pdf},
}

@InCollection{Boneh.Doron2008,
  author    = {Nora Boneh and Edit Doron},
  booktitle = {Theoretical and crosslinguistic approaches to the semantics of aspect},
  publisher = {John Benjamins},
  title     = {Habituality and the habitual aspect},
  year      = {2008},
  address   = {Amsterdam},
  editor    = {Susan Rothstein},
  pages     = {321-347},
  doi       = {10.1075/la.110.14bon},
}

@Book{Comrie1976,
  author           = {Bernard Comrie},
  title            = {Aspect: {An} introduction to the study of verbal aspect and related problems},
  publisher        = {Cambridge University Press},
  address          = {Cambridge},
  citedin          = {osl1;osl3;osl5},
  modificationdate = {2021-09-13T23:08:57},
  owner            = {radeksimik},
  year             = {1976},
}

@Book{Czochralski1975,
  author    = {Jan A. Czochralski},
  publisher = {Państwowe Wydawnictwo Nauk},
  title     = {Verbalaspekt und {Tempussystem im Deutschen und Polnischen: Eine konfrontative Darstellung}},
  year      = {1975},
  address   = {Warszawa},
}

@Book{Dahl1985,
  author           = {Östen Dahl},
  title            = {{Tense and aspect systems}},
  publisher        = {Blackwell},
  address          = {Oxford},
  citedin          = {osl1;osl5},
  modificationdate = {2021-09-13T22:58:37},
  owner            = {radeksimik},
  sortname         = {Osten Dahl},
  year             = {1985},
}

@Book{Dickey2000,
  author           = {Stephen M. Dickey},
  title            = {Parameters of {Slavic aspect: A cognitive approach}},
  publisher        = {CSLI Publications},
  address          = {Stanford, CA},
  citedin          = {osl1},
  modificationdate = {2021-09-13T15:53:49},
  owner            = {radeksimik},
  year             = {2000},
}

@Book{Dostal1954,
  author           = {Dostál, Antonín},
  title            = {Studie o vidovém systému v staroslověnštině},
  publisher        = {Státní pedagogické nakladatelství},
  address          = {Praha},
  citedin          = {osl1},
  modificationdate = {2021-09-13T15:53:49},
  owner            = {radeksimik},
  sortname         = {Dostal, Antonin},
  year             = {1954},
}

@Book{Dowty1979,
  author           = {David R. Dowty},
  publisher        = {Reidel},
  title            = {Word meaning and {Montague} grammar: {The} semantics of verbs and times in generative semantics and in {Montague’s PTQ}},
  year             = {1979},
  address          = {Dordrecht, Boston \& London},
  citedin          = {osl2;osl3;osl5},
  doi              = {10.1007/978-94-009-9473-7},
  modificationdate = {2021-09-13T23:10:27},
  owner            = {radeksimik},
}

@Book{Esvan2007,
  author    = {François Esvan},
  publisher = {Nakladatelství Lidové noviny},
  title     = {Vidová morfologie českého slovesa},
  year      = {2007},
  address   = {Praha},
}

@Article{Ferreira2016,
  author  = {Marcelo Ferreira},
  journal = {Natural Language Semantics},
  title   = {The semantic ingredients of imperfectivity in progressives, habituals, and counterfactuals},
  year    = {2016},
  pages   = {353–397},
  volume  = {24},
  doi     = {10.1007/s11050-016-9127-2},
}

@Book{Filip1999,
  author    = {Filip, Hana},
  publisher = {Garland Publishing},
  title     = {Aspect, eventuality types and noun phrase semantics},
  year      = {1999},
  address   = {New York \& London},
  citedin   = {osl5},
  owner     = {radeksimik},
  doi       = {10.4324/9780203827413},
}

@InCollection{Filip2000,
  author    = {Hana Filip},
  booktitle = {Events as Grammatical Objects: {The} Converging Perspectives of Lexical Semantics and Syntax},
  publisher = {CSLI Publications},
  title     = {The quantization puzzle},
  year      = {2000},
  address   = {Stanford, CA},
  editor    = {Carol Tenny and James Pustejovsky},
  pages     = {39–95},
}

@Article{Filip2003,
  author  = {Hana Filip},
  journal = {Journal of Slavic Linguistics},
  title   = {Prefixes and the delimitation of events},
  year    = {2003},
  number  = {1},
  pages   = {55–101},
  volume  = {11},
url = {https://www.jstor.org/stable/24599705},
}

@InCollection{Filip2005,
  author    = {Hana Filip},
  booktitle = {Reference and quantification: {The Partee effect}},
  doi              = {10.1007/1-4020-3232-3_7},
  publisher = {CSLI Publications},
  title     = {Measures and indefinites},
  year      = {2005},
  editor    = {{Greg N.} Carlson and {Francis Jeffry} Pelletier},
  pages     = {229–288},
}

@Article{Filip.Carlson1997,
  author    = {Hana Filip and Gregory N. Carlson},
  journal   = {University of Pennsylvania Working Papers},
  title     = {Sui generis genericity},
  year      = {1997},
  pages     = {91–110},
  volume    = {4},
url = {https://repository.upenn.edu/handle/20.500.14332/45451},
}

@InCollection{Flier1985,
  author           = {Michael S. Flier},
  booktitle        = {The scope of {Slavic} aspect},
  publisher        = {Slavica Publishers},
  title            = {The scope of prefixal delimitation in {Russian}},
  year             = {1985},
  address          = {Columbus, OH},
  editor           = {Michael S. Flier and Alan Timberlake},
  pages            = {41--58},
  citedin          = {osl3},
  modificationdate = {2021-09-13T15:53:50},
  owner            = {radeksimik},
}

@Book{Gehrke2008,
  author           = {Gehrke, Berit},
  title            = {Ps in motion: {On the semantics and syntax of P} elements and motion events},
  publisher        = {LOT},
  url              = {https://www.lotpublications.nl/ps-in-motion-ps-in-motion-on-the-semantics-and-syntax-of-p-elements-and-motion-events},
  address          = {Utrecht},
  citedin          = {osl1;osl3},
  modificationdate = {2021-09-13T15:53:51},
  owner            = {radeksimik},
  year             = {2008},
}

@Article{Gribanova2015,
  author  = {Vera Gribanova},
  journal = {Journal of Linguistics},
  title   = {Exponence and morphosyntactically triggered phonological processes in the {Russian} verbal complex},
  year    = {2015},
  number  = {3},
  pages   = {519–561},
  volume  = {51},
  doi     = {10.1017/S0022226714000553},
}

@PhdThesis{Groenn2004,
  author           = {Grønn, Atle},
  school           = {University of Oslo},
  title            = {The semantics and pragmatics of the {Russian} factual imperfective},
  year             = {2004},
  address          = {Oslo},
  citedin          = {osl1;osl3},
  modificationdate = {2021-09-13T15:53:52},
  owner            = {radeksimik},
  sortauthor       = {Gronn, Atle},
}

@Article{Haider.Szucsich2022,
  author  = {Hubert Haider and Luka Szucsich},
  journal = {Theoretical Linguistics},
  title   = {Slavic languages: {“SVO”} languages without {SVO} qualities?},
  year    = {2022},
  number  = {1–2},
  pages   = {1–39},
  volume  = {48},
  url     = {https://doi.org/10.1515/tl-2022-2035},
  doi     = {10.1515/tl-2022-2035}
}

@Book{Isacenko1960,
  author           = {Isačenko, Aleksandr V.},
  publisher        = {Vydavatelstvo Slovenskej Akademie vied},
  title            = {Grammatičeskij stroj russkogo jazyka. {Morfologija. Častj vtoraja [{Grammatical structure of the Russian verb. Morphology. Part two}].}},
  year             = {1960},
  address          = {Bratislava},
  citedin          = {osl3},
  modificationdate = {2021-09-13T15:53:54},
  owner            = {radeksimik},
}

@Book{Isačenko1962,
  author    = {Alexander V. Isačenko},
  publisher = {Max Niemeyer},
  title     = {Die russische {Sprache der Gegenwart}. {Teil 1}: {Formenlehre}},
  year      = {1962},
  address   = {Halle (Saale)},
}

@article{Jablonska2004,
  author           = {Patrycja Jabłońska},
  journal        = {Nordlyd},
volume = {32},
number = {2},
  title            = {When the prefixes meet the suffixes},
  doi              = {10.7557/12.73},
  pages            = {363-401},
  year             = {2004},
}

@Book{Kagan2015,
  author    = {Olga Kagan},
  publisher = {Cambridge University Press},
  title     = {Scalarity in the verbal domain: {The case of verbal prefixation in Russian}},
  year      = {2015},
  address   = {Cambridge},
  doi       = {10.1017/CBO9781316136195},
}

@Article{Kagan2016,
  author  = {Olga Kagan},
  journal = {Journal of Slavic Linguistics},
  title   = {Measurement across Domains: {A} unified account of the adjectival and the verbal attenuative \emph{po-}},
  year    = {2016},
  number  = {2},
  pages   = {301–336},
  volume  = {24},
  doi     = {10.1353/jsl.2016.0013},
}

@Book{Karcevski1927,
  author    = {Serge Karcevski},
  publisher = {Plamja},
  title     = {Système du verbe russe: {Essai} de linguistique synchronique},
  year      = {1927},
  address   = {Praha},
}

@Book{Karlik.etal1995,
  editor    = {Petr Karlík and Marek Nekuta and Zdenka Rusínová},
  publisher = {Nakladatelství Lidové noviny},
  title     = {Příruční mluvnice češtiny},
  year      = {1995},
  address   = {Praha},
}

@Article{KlimekJankowska.Blaszczak2022,
  author  = {Dorota Klimek-Jankowska and Joanna Błaszczak},
  journal = {Journal of Slavic Linguistics},
  title   = {The status of secondary imperfectivization in {Polish}: {Evidence from VP idioms}},
  year    = {2022},
  note    = {FASL 29 extra issue},
  pages   = {1–19},
  volume  = {30},
url = {https://ojs.ung.si/index.php/JSL/article/view/99},
}

@Article{KlimekJankowska.Blaszczak2023,
  author  = {Dorota Klimek-Jankowska and Joanna Błaszczak},
  journal = {Natural Language \& Linguistic Theory},
  title   = {The interaction of idioms and aspect in {Polish}},
  year    = {2024},
  doi     = {10.1007/s11049-023-09577-2},
volume = {42},
number = {1},
pages = { 153–207},
}

@Book{Kopecny1962,
  author    = {František Kopečný},
  publisher = {Nakladatelství Česko\-slo\-venské akademie věd},
  title     = {Slovesný vid v češtině},
  year      = {1962},
  address   = {Praha},
}

@InCollection{Kratzer2008,
  author    = {Kratzer, Angelika},
  booktitle = {Event structures in linguistic form and interpretation},
  publisher = {De Gruyter},
  title     = {On the plurality of verbs},
  year      = {2008},
  address   = {Chicago, IL/Berlin},
  editor    = {Dölling, Johannes and Heyde-Zybatow, Tatjana and Schäfer, Martin},
  pages     = {269--300},
  citedin   = {osl5},
  doi       = {10.1515/9783110925449.269},
  owner     = {radeksimik},
}

@InCollection{Krifka1992,
    author = {Manfred Krifka},
    title = {Thematic relations as links between nominal reference and temporal constitution},
    booktitle = {Lexical Matters},
    publisher = {CSLI Publications},
    year = {1992},
    address = {Stanford},
    editor = {{Ivan A.} Sag and Anna Szabolcsi},
    pages = {29–53}
}

@PhdThesis{Kwapiszewski2022,
  author    = {Arkadiusz Kwapiszewski},
  title     = {Aspect and event structure: {The} morphosyntax of {Polish} verbs from a cross-linguistic perspective},
  year      = {2022},
  address   = {Oxford},
school = {University of Oxford},
}

@Book{Lasersohn1995,
  author           = {Lasersohn, Peter},
  publisher        = {Kluwer},
  title            = {Plurality, conjunction and events},
  year             = {1995},
  address          = {Dordrecht},
  citedin          = {osl1;osl3;osl5},
  doi              = {10.1007/978-94-015-8581-1},
  modificationdate = {2021-09-13T23:09:10},
  owner            = {radeksimik},
}

@Book{Lazinski2020,
  author    = {Marek Łaziński},
  publisher = {Wydawnictwo Uniwersytetu Warszawskiego},
  title     = {Wykłady o aspekcie polskiego czasownika},
  year      = {2020},
  address   = {Warszawa},
  doi       = {10.31338/uw.9788323542346},
}

@PhdThesis{Lazorczyk2010,
  author    = {Agnieszka Łazorczyk},
  title     = {Decomposing {Slavic aspect}: {The} role of aspectual morphology in {Polish and other Slavic languages}},
  year      = {2010},
  address   = {Los Angeles, CA},
school = {University of Southern California},
}

@InCollection{Link1983,
  author    = {Godehard Link},
  booktitle = {Meaning, use, and interpretation of language},
  publisher = {de Gruyter},
  title     = {The logical analysis of plural and mass terms: {A} lattice theoretical approach},
  year      = {1983},
  address   = {Berlin},
  editor    = {Rainer Bäuerle and Christoph Schwarze and Arnim von Stechow},
  pages     = {302--323},
  citedin   = {osl5},
  doi       = {10.1515/9783110852820.302},
  ids       = {Link:1983,link-83,link1983logical},
  owner     = {radeksimik},
}

@Book{Maienborn2003,
  author    = {Claudia Maienborn},
  publisher = {Akademie-Verlag},
  title     = {Die logische {Form von Kopula-Sätzen}},
  year      = {2003},
  address   = {Berlin},
  doi       = {10.1524/9783050082271},
}

@Article{Maienborn2005,
  author  = {Claudia Maienborn},
  journal = {Theoretical Linguistics},
  title   = {On the limits of the {Davidsonian} approach: {The case of copula sentences}},
  year    = {2005},
  number  = {3},
  pages   = {275–316},
  volume  = {31},
  doi     = {10.1515/thli.2005.31.3.275}
}

@InCollection{Marusic2023,
  author    = {Franc Marušič},
  booktitle = {{The Wiley Blackwell companion to morphology}},
  publisher = {John Wiley \& Sons},
  title     = {Circumfixation},
  year      = {2023},
  address   = {Hoboken, NJ},
  editor    = {Peter Ackema and Sabrina Bendjaballah and Eulàlia Bonet and Antonio Fabregas},
  doi       = {10.1002/9781119693604.morphcom013},
}

@InCollection{Matushansky2009,
  author    = {Ora Matushansky},
  booktitle = {Studies in formal {Slavic} phonology, morphology, syntax, semantics and information structure: {Proceedings of FDSL 7, Leipzig 2007}},
  publisher = {Peter Lang},
  title     = {On the featural composition of the {Russian} back yer},
  year      = {2009},
  address   = {Frankfurt am Main},
  editor    = {Gerhild Zybatow and Uwe Junghanns and Denisa Lenertová and Petr Biskup},
  pages     = {397–410},
}

@InCollection{Mehlig2006,
  author    = {Hans Robert Mehlig},
  booktitle = {Semantika i struktura slavjanskogo vida {IV}},
  publisher = {Sagner},
  title     = {Glagol’nyj vid i vtoričnaja gomogenizacija oboznačaemoj situacii posredstvom kvantifikacii: {K} upotrebleniju delimitativnogo spo\-so\-ba dejstvija v russkom jazyke},
  year      = {2006},
  address   = {München},
  editor    = {Volkmar Lehmann},
  pages     = {235–276},
  series    = {Slavolinguistica},
number = {7},
}

@InCollection{Mehlig2007,
  author    = {Hans Robert Mehlig},
  booktitle = {{Theoretical and Crosslinguistic Appoaches to the Semantics of Aspect}},
  publisher = {John Benjamins},
  title     = {Aspect and bounded quantity complements in {Russian}},
  year      = {2007},
  address   = {Amsterdam/Philadelphia},
  editor    = {Susan Rothstein},
  pages     = {257–290},
  doi       = {10.1075/la.110.11meh},
}

@Article{Mehlig2012,
  author  = {Hans Robert Mehlig},
  journal = {Journal of Slavic Linguistics},
  title   = {Hybrid predications in {Russian}},
  year    = {2012},
  number  = {2},
  pages   = {171--227},
  volume  = {20},
  citedin = {osl5},
  doi     = {10.1353/jsl.2012.0010},
  owner   = {radeksimik},
}

@Book{Nadenicek2011,
  author    = {Petr Nádeníček},
  publisher = {Verlag Dr. Kovač},
  title     = {{Das tschechische Aspektsystem im Vergleich mit dem Verbalaspekt des Russischen und Polnischen}},
  year      = {2011},
  address   = {Hamburg},
}

@InCollection{Nubler2017,
  author    = {Norbert Nübler},
  booktitle = {Czechency – {Nový} encyklopedický slovník češtiny},
  title     = {Iterativnost},
  year      = {2017},
  editor    = {Petr Karlík and Marek Nekula and Jana Pleskalová},
  url       = {https://www.czechency.org/slovnik/ITERATIVNOST},
}

@InCollection{PaslawskaStechow2003,
  author           = {Alla Paslawska and {von Stechow}, Arnim},
  booktitle        = {Perfect explorations},
  publisher        = {Mouton de Gruyter},
  title            = {Perfect readings in {Russian}},
  year             = {2003},
  address          = {Berlin},
  editor           = {Artemis Alexiadou and Monika Rathert and {von Stechow}, Arnim},
  pages            = {307-362},
  citedin          = {osl1;osl5},
  doi              = {10.1515/9783110902358.307},
  modificationdate = {2021-09-13T23:00:56},
  owner            = {radeksimik},
}

@Book{Petr1986,
  author    = {Jan Petr},
  editor    = {Jan Petr},
  publisher = {Academia},
  title     = {Mluvnice češtiny 1: {Fonetika} - fonologie - morfonologie a morfemika - tvoření slov},
  year      = {1986},
  address   = {Praha},
}

@InProceedings{Pinon1994,
  author           = {Piñón, Christopher},
  booktitle        = {Formal approaches to {Slavic linguistics: The MIT meeting 1993 (FASL 2)}},
  title            = {Aspectual composition and the ‘pofective’ in {Polish}},
  year             = {1994},
  address          = {Ann Arbor, MI},
  editor           = {Sergey Avrutin and Steven Franks and Liljana Progovac},
  pages            = {341--373},
  publisher        = {Michigan Slavic Publications},
  citedin          = {osl3},
  modificationdate = {2021-09-13T15:54:01},
  owner            = {radeksimik},
}

@Book{Petruchina2011,
  author    = {Elena V. Petruxina},
  publisher = {URSS},
  title     = {Aspektual’nye kategorii glagola v russkom jazyke v sopostavlenii s češskim, slovackim, pol’skim i bolgarskim jazykami},
  year      = {2011},
edition = {Second edition},
  address   = {Moskva},
}

@article{Ramchand2004,
  author           = {Ramchand, Gillian},
  journal        = {Nordlyd},
volume = {32},
number = {2},
  title            = {Time and the event: {The} semantics of {Russian} prefixes},
  doi              = {10.7557/12.72},
  year             = {2004},
    pages = {23–361},
}

@PhdThesis{Schoorlemmer1995,
  author           = {Maaike Schoorlemmer},
  title            = {Participial passive and aspect in {Russian}},
  address          = {Utrecht},
  citedin          = {osl1;osl3},
  modificationdate = {2021-09-13T15:54:04},
  owner            = {radeksimik},
  school           = {Utrecht University},
  year             = {1995},
}

@Book{Schuyt1990,
  author    = {Roel Schuyt},
  publisher = {Rodopi},
  title     = {The morphology of {Slavic} verbal aspect: {A} descriptive and historical study},
  year      = {1990},
  address   = {Amsterdam \& Atlanta},
  doi       = {10.1163/9789004654044},
}

@Book{Smith1997,
  author           = {Carlota S. Smith},
  publisher        = {Springer},
  title            = {The parameter of aspect},
  year             = {1997},
  address          = {Dordrecht},
  edition          = {2nd edition},
  citedin          = {osl2;osl5},
  modificationdate = {2021-09-13T22:44:32},
  owner            = {radeksimik},
  doi              = {10.1007/978-94-011-5606-6},
}

@ARTICLE{Souckova2004a,
  author    = {Kateřina Součková},
  journal        = {Nordlyd},
volume = {32},
number = {2},
  title     = {There is only one \emph{po-}},
  year      = {2004},
pages = {43–419},
  doi       = {10.7557/12.74},
}

@MastersThesis{Souckova2004b,
  author  = {Kateřina Součková},
  school  = {University of Tromsø},
  title   = {Measure prefixes in {Czech}: cumulative \emph{na-} and delimitative \emph{po-}},
  year    = {2004},
  address = {Tromsø},
}

@Book{bis:Svedova1980,
  author           = {Švedova, {Natalija J.}},
  title            = {Russkaja grammatika},
  publisher        = {Nauka},
  address          = {Moskva},
  citedin          = {osl1},
  modificationdate = {2021-09-13T15:54:06},
  owner            = {radeksimik},
  sortauthor       = {Svedova, Natalija},
  year             = {1980},
}

@ARTICLE{Romanova2004,
  author           = {Romanova, Eugenia},
  journal        = {Nordlyd},
volume = {32},
number = {2},
  title            = {Superlexical versus lexical prefixes},
  doi              = {10.7557/12.69},
  year             = {2004},
pages = {255–278},
}

@InProceedings{Tatevosov2008,
  author           = {Tatevosov, Sergei},
  booktitle        = {Formal {Approaches to Slavic Linguistics 16}: {The} {Stony} {Brook} {Meeting} 2007},
  title            = {Intermediate prefixes in {Russian}},
  editor           = {Andrei Antonenko and John F. Bailyn and Christina Y. Bethin},
  pages            = {423--445},
  publisher        = {Michigan Slavic Publications},
  address          = {Ann Arbor, MI},
  citedin          = {osl3},
  modificationdate = {2021-09-13T15:54:06},
  owner            = {radeksimik},
  year             = {2008},
}

@InCollection{Tatevosov2009,
  author           = {Tatevosov, Sergei},
  booktitle        = {Korpusnye issledovanija po russkoj grammatike},
  title            = {Mno\v{z}estvennaja prefiksacija i anatomija russkogo gla\-go\-la},
  editor           = {Ksenia Kisileva and Vladimir Plungjan and Ekaterina Raxilina and {Sergej [=Sergei]} Tatevosov},
  pages            = {92--156},
  publisher        = {Probel-2000},
  address          = {Moskva},
  citedin          = {osl3},
  modificationdate = {2021-09-13T15:54:06},
  owner            = {radeksimik},
  year             = {2009},
}

@InCollection{Tatevosov2015,
  author           = {Tatevosov, Sergei},
  booktitle        = {Slavic grammar from a formal perspective: {The} 10th {Anniversary} {FDSL} {Conference}},
  publisher        = {Peter Lang},
  title            = {Severing imperfectivity from the verb},
  year             = {2015},
  address          = {Frankfurt am Main},
  editor           = {Gerhild Zybatow and Petr Biskup and Marcel Guhl and Claudia Hurtig and Olav Mueller-Reichau and Maria Yastrebova},
  pages            = {465--494},
  citedin          = {osl1;osl3;osl5},
  doi              = {10.3726/978-3-653-05335-7},
  modificationdate = {2021-09-13T22:52:45},
  owner            = {radeksimik},
}

@Article{Tatevosov2011,
  author  = {Sergei Tatevosov},
  journal = {Scando-Slavica},
  title   = {Severing perfectivity from the verb},
  year    = {2011},
  pages   = {216–244},
  volume  = {57},
  doi     = {10.1080/00806765.2011.631782},
}

@misc{Tatevosov2020,
  author    = {Tatevosov, Sergei},
  title     = {On the aspectual architecture of {R}ussian},
  howpublished = {Manuscript, Lomonosov Moscow State University},
  year      = {2020},
  url       = {http://otipl.philol.msu.ru/staff/people/tatevosov/aspectless_verb_3.1.pdf},
}


@InCollection{TatevosovIvanov2009,
  author           = {Tatevosov, Sergei and Ivanov, Mikhail},
  booktitle        = {Cross-linguistic semantics of {Tense, Aspect, and Modality}},
  publisher        = {John Benjamins},
  title            = {Event structure of non-culminating accomplishments},
  year             = {2009},
  address          = {Amsterdam/Philadelphia},
  editor           = {Lotte Hogeweg and Helen de Hoop and Andrej Malchukov},
  pages            = {83--130},
  citedin          = {osl3},
  modificationdate = {2021-09-13T15:54:06},
  owner            = {radeksimik},
  doi              = {10.1075/la.148.05tat},
}

@Book{Timberlake2004,
  author    = {Alan Timberlake},
  publisher = {Cambridge University Press},
  title     = {A reference grammar of {Russian}},
  year      = {2004},
  address   = {Cambridge},
  doi       = {10.1007/s11185-006-0705-7},
}

@Book{Vinogradov1947,
  author    = {Viktor V. Vinogradov},
  publisher = {Izdat. ``Vysšaja Škola''},
  title     = {Russkij jazyk: {Grammatičeskoe} učenie o slove},
  year      = {1947},
  address   = {Moskva \& Leningrad},
}

@PhdThesis{Wood2007,
  author  = {Esther J. Wood},
  school  = {University of California},
  title   = {The semantic typology of pluractionality},
  year    = {2007},
  address = {Berkeley, CA},
}

@Article{Zaliznjak2017,
  author  = {Anna A. Zaliznjak},
  journal = {Zeitschrift für Slawistik},
  title   = {Russian prefixed verbs of motion revisited},
  year    = {2017},
  number  = {1},
  pages   = {1--28},
  volume  = {62},
  doi     = {10.1515/slaw-2017-0001}
}

@Book{Zaliznjak.Smelev1997,
  author    = {Anna A. Zaliznjak and Aleksej D. Šmelev},
  publisher = {Verlag Otto Sagner},
  title     = {Lekcii po russkoj aspektologii},
  year      = {1997},
  address   = {Mün\-chen},
  doi       = {10.3726/b12573},
}

@Book{Zinova2021,
  author    = {Yulia Zinova},
  publisher = {Language Science Press},
  title     = {Russian verbal prefixation: {A} frame semantic analysis},
  year      = {2021},
  address   = {Berlin},
  doi       = {10.5281/zenodo.4446717},
}

@InProceedings{Zinova.Filip2015,
  author    = {Yulia Zinova and Hana Filip},
  booktitle = {Slavic grammar from a formal perspective: {The 10th anniversary FDSL conference}},
  title     = {The role of derivational history in aspect determination},
  year      = {2015},
  address   = {Frankfurt am Main},
  editor    = {Gerhild Zybatow and Petr Biskup and Marcel Guhl and Claudia Hurtig and Olav Mueller-Reichau and Maria Yastrebova},
  pages     = {595–609},
  publisher = {Peter Lang},
  doi       = {10.3726/978-3-653-05335-7},
}

@Article{Zucchi1999,
  author  = {Sandro Zucchi},
  journal = {Natural Language Semantics},
  title   = {Incomplete Events, Intensionality and Imperfective Aspect},
  year    = {1999},
  pages   = {179-215},
  volume  = {7},
  doi     = {10.1023/A:1008310800632}
}

@Article{Żmigrodzki2022,
  author  = {Piotr Żmigrodzki},
  journal = {Studia Językoznawcze: {Synchroniczne} i diachroniczne aspekty badań polszczyzny},
  title   = {Wielki słownik języka polskiego {PAN} jako słownik tematyczny},
  year    = {2022},
  pages   = {153–166},
  volume  = {21},
  doi     = {10.18276/sj.2022.21-11}
}

@Comment{jabref-meta: databaseType:bibtex;}