@book{Comrie1981,
  author = {Bernard Comrie},
  year = {1981},
  title = {Language Universals and Spanish Linguistic Typology},
  address = {Oxford},
  publisher = {Basil Blackwell}
}

@book{Chomsky1957,
  author = {Noam Chomsky},
  year = {1957},
  title = {Syntactic structures},
  address = {The Hague},
  publisher = {Mouton}
}

@book{Circov1900,
  author = {Ćircov, Boban},
  sortname={Circov},
  year = {1957},
  title = {Test book},
  address = {The Hague},
  publisher = {Mouton}
}

@book{MeierCircovac1900,
  author = {Meier, Hans and Ćircovac, Damir},
  year = {1957},
  title = {Toastbrot},
  address = {The Hague},
  publisher = {Mouton}
}

@article{AlexiadouAnagnostopoulou1998,
  author = {Alexiadou, Artemis and Anagnostopoulou, Elena},
  title = {{Parametrizing AGR: Word order, V-movement and EPP-checking}},
  journal = {Natural Language \& Linguistic Theory},
  year = {1998},
  volume = {16},
  pages = {491--539}
}

@incollection{AlexiadouSchaefer2011,
  author = {Alexiadou,  Artemis  and  Schäfer,  Florian},
  title = {An  unaccusativity diagnostic  at  the  {Syntax-Semantics}  interface: there-insertion, indefinites  and  restitutive  again},
  booktitle = {Proceedings  of  Sinn  \&  Bedeutung 15},
  publisher = {Saarland University Press},
  year = {2011},
  editor = {Reich,  Ingo and  Horch,  Eva  and Pauly,  Dennis},
  pages = {101--115},
  address = {Saarland}
}

@phdthesis{Angantýsson2011,
  address = {Reykjavík},
  author = {Angantýsson, Ásgrímur},
  publisher = {Hugvísindastofnun},
  title = {The syntax of embedded clauses in Icelandic and related languages},
  school={University of Iceland},
  year = {2011}
}

@incollection{Barnes1992,
  author={Barnes, Michael P.},
  year={1992},
  title={Faroese syntax — Achievements, goals and problems},
  editor={Louis-Jensen, Jonna and Jóhan Hendrik W. Poulsen},
  booktitle={The Nordic languages and modern linguistics 7},
  pages={17--37},
  address={Tórshavn},
  publisher={Føroya Fróðskaparfelag},
  note={Also in Scripta Islandica 43, 28--43 and in Barnes (2001)}
}

@book{Barnes2001,
  address = {Oslo},
  author = {Barnes, Michael P},
  publisher = {Novus},
  title = {Faroese language studies},
  series={Studia Nordica},
  number={5},
  year = {2001}
}

@incollection{BerwickEtAl2011,
  author={Berwick, Robert C. and Noam Chomsky},
  year={2011},
  title={The biolinguistic program: The current state of its development},
  editor={Di Sciullo, Anna Maria and Cedric Boeckx},
  booktitle={The biolinguistic enterprise. New perspectives on the evolution and nature of the human language faculty},
  pages={19--41},
  address={Oxford},
  publisher={Oxford University Press}
}

@article{Bobaljik1998,
  author = {Bobaljik, Jonathan D.  and  Höskuldur Thráinsson},
  journal = {Syntax},
  pages = {37--71},
  title = {Two heads aren’t always better than one},
  volume = {1},
  year = {1998}
}

@incollection{Boeckx2011,
  author={Boeckx, Cedric},
  year={2011},
  title={Approching parameters from below},
  editor={Di Sciullo, Anna Maria and Cedric Boeckx},
  booktitle={The biolinguistic enterprise. New perspectives on the evolution and nature of the human language faculty},
  pages={205--221},
  address={Oxford},
  publisher={Oxford University Press}
}

@book{Chomsky1965,
  address = {Cambridge, MA},
  author = {Chomsky, Noam},
  publisher = {MIT Press},
  year = {1965},
  title={Aspects of the theory of syntax}
}

@book{Chomsky1981,
  address = {Dordrecht},
  author = {Chomsky, Noam},
  publisher = {Foris},
  title = {Lectures on government and binding},
  year = {1981}
}

@incollection{Eythorsson2015,
  author={Eythórsson, Thórhallur},
  year={2015},
  title={The insular Nordic experimental kitchen. Changes in case-marking in Icelandic and Faroese},
  editor={Whelpton, Matthew and Guðrún Björk Guðsteinsdóttir and Birna Arnbjörnsdóttir and Martin Regal},
  booktitle={An intimacy of words – Innileiki orðanna. {E}ssays in Honour of {P}étur {K}nútsson},
  pages={328--352},
  address={Reykjavík},
  publisher={Stofnun Vigdísar Finnbogadóttur í erlendum tungumálum and Háskólaútgáfan}
}

@book{Føroysk1998,
  address = {Tórshavn},
  publisher = {Føroya Fróðskaparfelag},
  title = {Føroysk orðabók [{F}aroese dictionary.]},
  shorttitle={Føroysk orðabók},
  editor={Poulsen, Jóhan Hendrik W. and Marjun Simonsen and Jógvan í Lon Jacobsen and Anfinnur Johansen and Zakaris Svabo Hansen},
  year = {1998}
}

@article{Gibson1994,
  author = {Gibson, Edward  and  Kenneth Wexler},
  journal = {Linguistic Inquiry},
  pages = {355–407},
  title = {Triggers},
  volume = {25},
  year = {1994}
}

@incollection{Haspelmath2008,
  address = {Amsterdam},
  author = {Haspelmath, Martin},
  booktitle = {The limits of syntactic variation},
  editor = {Theresa Biberauer},
  pages = {75--108},
  publisher = {John Benjamins},
  title = {Parametric versus functional explanations of syntactic universals},
  year = {2008}
}

@incollection{Hasselbach2015,
  author = {Rebecca Hasselbach-Andee},
  title = {Explicit Performative Utterances in {Semitic}},
  year = {2015},
  booktitle = {{Arabic} and {Semitic} Linguistics Contextualized},
  booksubtitle = {A {Festschrift} for {Jan Rets\"{o}}},
  editor = {Lutz Edzard},
  pages = {448--485},
  publisher = {Harrassowitz},
  address = {Wiesbaden}
}

@article{Holmberg2000,
  author = {Holmberg, Anders},
  journal = {Linguistic Inquiry},
  pages = {445--483},
  title = {Scandinavian Stylistic Fronting: {H}ow any category can become an expletive},
  volume = {31},
  year = {2000}
}

@article{Holmberg2010a,
  author = {Holmberg, Anders},
  journal = {Theoretical Linguistics},
  pages = {1–48},
  title = {Parameters in minimalist theory. {T}he case of {S}candinavian},
  volume = {36},
  year = {2010}
}

@book{Holmberg1995,
  address = {Oxford},
  author = {Holmberg, Anders  and  Christer Platzack},
  publisher = {Oxford University Press},
  title = {The role of inflection in {S}candinavian syntax},
  year = {1995}
}

@incollection{HolmbergEtAl2009,
  author={Holmberg, Anders and Ian Roberts},
  year={2009},
  title={Introduction: {P}arameters in minimalist theory},
  editor={Biberauer, Theresa and Anders Holmberg and Ian Roberts and Michelle Sheehan},
  booktitle={Parametric variation: {N}ull subjects in minimalist theory},
  pages={1–57},
  address={Cambridge},
  publisher={Cambridge University Press}
}

@article{Jónsson2005,
  author = {Jónsson, Jóhannes Gísli  and  Thórhallur Eythórsson},
  journal = {Nordic Journal of Linguistics},
  pages = {223–245},
  title = {Variation in subject case marking in Insular {S}candinavian},
  volume = {28},
  year = {2005}
}

@article{Kroch1989,
  author = {Kroch, Anthony S.},
  journal = {Language Variation and Change},
  pages = {199–244},
  title = {Reflexes of grammar in patterns of language change},
  volume = {1},
  year = {1989}
}

@incollection{Kroch2001,
  author={Kroch, Anthony S.},
  year={2001},
  title={Syntactic change},
  editor={Baltin, Mark and Chris Collins},
  booktitle={The handbook of contemporary syntactic theory},
  pages={699–729},
  address={Oxford},
  publisher={Blackwell}
}

@article{LegateEtAl2007,
  author={Legate, Julie Ann and Charles Yang},
  year={2007},
  title={Morphosyntactic learning and the development of tense},
  journal={Language Acquisition},
  volume={14},
  number={3},
  pages={315–344}
}

@article{Lidz2015,
  author = {Lidz, Jeffrey  and  Annie Gagliardi},
  journal = {Annual Review of Linguistics},
  pages = {333–353},
  title = {How nature meets nurture: {U}niversal Grammar and statistical learning},
  volume = {1},
  year = {2015}
}

@book{Lightfoot1999,
  address = {Oxford},
  author = {Lightfoot, David},
  publisher = {Blackwell},
  title = {The development of language. {A}cquisition, change and evolution},
  year = {1999}
}

@article{Maling1980,
  author={Maling, Joan},
  year={1980},
  title={Inversion in embedded clauses in {M}odern {I}celandic},
  journal={Íslenskt mál},
  volume={2},
  pages={175–193},
  note={Also published in Joan Maling \& Annie Zaenen (eds), Modern Icelandic syntax, 71–91. Syntax and semantics 24. San Diego: Academic Press, 1990.}
}

@article{Maling2002,
  author = {Maling, Joan  and  Sigríður Sigurjónsdóttir},
  journal = {Journal of Comparative Germanic Linguistics},
  pages = {97–142},
  title = {The ‘New Impersonal’ construction in {I}celandic},
  volume = {5},
  year = {2002}
}

@incollection{Newmeyer2004,
  author={Newmeyer, Frederick J.},
  year={2004},
  title={Against a parameter-setting approach to language variation},
  editor={Pica, Pierre and Johan Rooryck and Jeroen van Craenenbroek},
  booktitle={Language variation yearbook},
  volume={Volume 4},
  pages={181–234},
  address={Amsterdam},
  publisher={Benjamins}
}

@book{Newmeyer2005,
  address = {Oxford},
  author = {Newmeyer, Frederick J.},
  publisher = {Oxford University Press},
  title = {Possible and probable languages},
  year = {2005}
}

@unpublished{Newmeyer2006,
  author={Newmeyer, Frederick J.},
  url = {https://www.researchgate.net/publication/254719548},
  title = {A rejoinder to ``{On the role of parameters in Universal Grammar: a reply to Newmeyer'' by Ian Roberts and Anders Holmberg}},
  year = {2006}
}

@article{Nowenstein2014,
  author={Nowenstein, Iris},
  year={2014},
  title={Intra-speaker Variation in Subject Case: {I}celandic},
  journal={University of Pennsylvania Working Papers in Linguistics},
  volume={20},
  number={28},
  issue={Proceedings of the 37th Annual Penn Linguistics Conference}
}

@incollection{Roberts2005,
  address = {Berlin},
  author = {Roberts, Ian  and  Anders Holmberg},
  booktitle = {Organising grammar. A festschrift for Henk van Riemsdijk},
  editor = {Broekhuis, Hans and Norbert Corver and Martin Everaert and Jan Koster},
  pages = {538–553},
  publisher = {Mouton de Gruyter},
  title = {On the role of parameters in Universal Grammar. A reply to Newmeyeer},
  year = {2005}
}

@incollection{Rögnvaldsson2011,
  author={Rögnvaldsson, Eiríkur and Sigrún Helgadóttir},
  year={2011},
  title={Morphosyntactic tagging of {O}ld {I}celandic texts and its use in studying syntactic variation and change},
  editor={Sporleder, Caroline and Antal van den Bosch and Kalliopi A. Zervanou},
  booktitle={Language technology for cultural heritage: Selected papers from the LaTeCH workshop series, Theory and applications of natural language processing},
  pages={63–76},
  address={Berlin},
  publisher={Springer}
}

@article{RögnvaldssonEtAl2011,
  author={Rögnvaldsson, Eiríkur and Anton Karl Ingason and Einar Freyr Sigurðsson and Joel Wallenberg},
  year={2011},
  title={Creating a dual-purpose treebank},
  journal={Journal for Language Technology and Computational Linguistics},
  volume={26},
  number={2},
  pages={141–152}
}

@mastersthesis{Sigurðsson2012,
  author = {Sigurðsson, Einar Freyr},
  title = {Germynd en samt þolmynd. Um nýju þolmyndina í íslensku [Active but yet passive. On the New Passive in Icelandic.]},
  school={University of Iceland, Reykjavík},
  year = {2012}
}

@phdthesis{Sigurðsson1989,
  author = {Sigurðsson, Halldór Ármann},
  title = {Verbal syntax and case in Icelandic},
  school={University of Lund},
  note={Reprinted by the Linguistic institute at the University of Iceland 1992},
  year = {1989}
}

@article{Sigurðsson2011Uniformity,
  author={Sigurðsson, Halldór Ármann},
  year={2011},
  title={Uniformity and diversity. A minimalist perspective},
  journal={Linguistic variation},
  volume={11},
  number={2},
  pages={189–222}
}

@article{Sigurjónsdóttir2001,
  author = {Sigurjónsdóttir, Sigríður  and  Joan Maling},
  journal = {Íslenskt mál},
  pages = {123–180},
  title = {Það var hrint mér á leiðinni í skólann: Þolmynd eða ekki þolmynd? [“There was pushed me on my way to school” Passive or not passive?]},
  volume = {23},
  year = {2001}
}

@phdthesis{Thráinsson1979,
  author={Thráinsson, Höskuldur},
  year={1979},
  title={On complementation in {Icelandic}},
  school={Harvard University},
  note={published by Garland, New York. [Republished 2014 as vol. 48 in the series Routledge library editions: Linguistics.]}
}

@book{Thráinsson2007,
  address = {Cambridge},
  author = {Thráinsson, Höskuldur},
  publisher = {Cambridge University Press},
  title = {The Syntax of {Icelandic}},
  year = {2007}
}

@incollection{Thráinsson2013a,
  author={Thráinsson, Höskuldur},
  year={2013},
  title={Ideal speakers and other speakers. The case of dative and other cases},
  editor={Fernández, Beatriz and Ricardo Etxepare},
  booktitle={Variation in datives. A micro-comparative perspective},
  pages={161–188},
  address={Oxford},
  publisher={Oxford University Press}
}

@article{Thráinsson2013b,
  author = {Thráinsson, Höskuldur},
  journal = {Nordic Journal of Linguistics},
  pages = {153–186},
  title = {Full {NP} Object Shift: The {Old Norse} puzzle and the {Faroese} puzzle revisited},
  volume = {36},
  year = {2013}
}

@incollection{Thráinsson2015a,
  author={Thráinsson, Höskuldur},
  year={2015},
  title={Tilbrigði í færeyskri og íslenskri setningagerð. [ʽVariation in {Faroese} and {Icelandic} syntax.ʼ]},
  editor={Sigurðardóttir, Turið and María Anna Garðarsdóttir},
  booktitle={Frændafundur 8},
  pages={183–213},
  address={Tórshavn},
  publisher={Fróðskapur}
}

@unpublished{Thráinsson2015b,
  author = {Thráinsson, Höskuldur},
  title = {On quantity and quality in syntactic variation studies},
  year = {2015},
  howpublished = {Ms},
  pubstate = {submitted},
  location = {University of Iceland, Reykjavík}
}

@book{Thráinsson2012,
  address = {Tórshavn and Reykjavík},
  author = {Thráinsson, Höskuldur and Hjalmar P. Petersen and Jógvan í Lon Jacobsen and Zakaris S. Hansen},
  publisher = {Faroese University Press and Linguistic Institute, University of Iceland},
  title = {Faroese. A handbook and reference grammar},
  edition={2nd edition},
  year = {2012}
}

@book{Vikner1995,
  address = {Oxford},
  author = {Vikner, Sten},
  publisher = {Oxford University Press},
  title = {Verb movement and expletive subjects in the {G}ermanic languages},
  year = {1995}
}

@book{Yang2002,
  address = {Oxford},
  author = {Yang, Charles},
  publisher = {Oxford University Press},
  title = {Knowledge and learning in natural language},
  year = {2002}
}

@article{Yang2004,
  author = {Yang, Charles},
  title = {Universal Grammar, statistics or both?},
  journal = {Trends in Cognitive Sciences},
  pages = {451–456},
  volume = {8},
  year = {2004}
}

@article{Yang2010,
  author = {Yang, Charles},
  journal = {Lingua},
  pages = {1160–1177},
  title = {Three Factors in Language Variation},
  volume = {120},
  year = {2010}
}

@article{ZaenenEtAl1985,
  author = {Zaenen, Annie and Joan Maling and Höskuldur Thráinsson},
  year = {1985},
  title = {Case and grammatical functions: {T}he {I}celandic passive},
  journal = {Natural Language and Linguistic Theory},
  volume = {3},
  pages = {441–483},
  note = {Also published in Joan Maling and Annie Zaenen (eds), Modern Icelandic Syntax, 95–136. San Diego: Academic Press, 1990, and in Miriam Butt and Tracy Holloway King (eds),  Lexical semantics in LFG, 163–207. Stanford, CA: CSLI Publications, 2006.}
}

%%% FASSI FEHRI %%%

@book{AbdelMassih1971,
  author = {Ernest T. Abdel-Massih},
  title = {A Reference Grammar of {Tamazight}},
  year = {1971},
  publisher = {Center for Eastern and North African Studies, The University of Michigan},
  address = {Ann Arbor, MI}
}

@article{BerettaEtAl2005,
  author = {Alan Beretta and Robert Fiorentino and David Poeppel},
  title = {The Effects of Homonymy and Polysemy on Lexical Access},
  subtitle = {An {MEG} Study},
  year = {2005},
  journal = {Cognitive Brain Research},
  volume = {24},
  number = {1},
  pages = {57--65},
  doi = {10.1016/j.cogbrainres.2004.12.006}
}

@article{Bergen1980,
  author = {John Bergen},
  title = {The Semantics of Gender Contrasts in {Spanish}},
  year = {1980},
  journal = {Hispania},
  volume = {63},
  number = {1},
  pages = {48--57}
}

@book{Brockelmann1910,
  author = {Karl Brockelmann},
  title = {Précis de linguistique sémitique},
  year = {1910},
  address = {Paris},
  publisher = {Geuthner}
}

@misc{Brugmann1897,
  author = {Karl Brugmann},
  title = {The Nature and Origin of the Noun Genders in the {Indo-European} Languages},
  year = {1897},
  howpublished = {Lecture},
  address = {Princeton University}
}

@book{Borer2005,
  author = {Hagit Borer},
  title = {Structuring Sense},
  subtitle = {In Name Only},
  year = {2005},
  volume = {1},
  address = {Oxford},
  publisher = {Oxford University Press}
}

@book{Caspari1859,
  author = {Karl Paul Caspari},
  title = {A Grammar of the {Arabic} Language},
  year = {1859},
  editor = {William Wright},
  publisher = {Williams and Norgate},
  address = {London}
}

@book{Chomsky1995,
  author = {Chomsky, Noam},
  title = {The Minimalist Program},
  year = {1995},
  address = {Cambridge, MA},
  publisher = {MIT Press}
}

@book{Cinque1999,
  author = {Guglielmo Cinque},
  title = {Adverbs and Functional Heads},
  year = {1999},
  address = {Oxford},
  publisher = {Oxford University Press}
}

@unpublished{Cinque2014,
  author = {Guglielmo Cinque},
  title = {Augmentative, Pejorative, Diminuitive, and Endearing Heads in the Extended Nominal Projection},
  year = {2014},
  howpublished = {Ms},
  address = {University of Venice}
}

@book{Corbett1991,
  author = {Greville Corbett},
  title = {Gender},
  year = {1991},
  address = {Cambridge},
  publisher = {Cambridge University Press}
}

@book{Corbett2000,
  author = {Greville Corbett},
  title = {Number},
  year = {2000},
  publisher = {Cambridge Unviersity Press},
  address = {Cambridge}
}

@article{CrismaEtAl2011,
  author = {Paola Crisma and Lutz Marten and Rint Sybesma},
  title = {The Point of {Bantu}, {Chinese}, and {Romance} Nominal Classification},
  year = {2011},
  journal = {Rivista di Linguistica},
  volume = {23},
  number = {2},
  pages = {251--299}
}

@incollection{Dahl2000,
  author = {Osten Dahl},
  title = {Elementary {Gender} Distinctions},
  year = {2000},
  pages = {577--593},
  booktitle = {Gender in Grammar and Cognition},
  editor = {Barbara Unterbeck and Matti Rissanen},
  series = {Trends in Linguistics. Studies and Monographs},
  number = {124},
  address = {Berlin},
  publisher = {Mouton De Gruyter}
}

@article{DeLaGrasserie1904,
  author = {Raoul {De la Grasserie}},
  title = {De l'expression de l'idée de sexualité dans le langage},
  year = {1904},
  journal = {Revue philosophique de la France et de l'étranger},
  volume = {58},
  pages = {225--246},
  address = {Paris},
  publisher = {Presses Universitaires de France}
}

@article{DiGarbo2013,
  author = {Francesca Di Garbo},
  title = {Evaluative Morphology and Noun Classification},
  subtitle = {A Cross-Linguistic Study of {Africa}},
  year = {2013},
  journal = {Journal of Theoretical Linguistics},
  volume = {10},
  number = {1},
  pages = {114--136}
}

@book{Dimmendaal1983,
  author = {Gerrit Dimmendaal},
  title = {The {Turkana} Language},
  year = {1983},
  address = {Dordrecht},
  publisher = {Foris}
}

@book{DresslerEtAl1994,
  author = {Wolfgang U. Dressler and Lavinia M. Barbaresi},
  title = {Morphopragmatics},
  subtitle = {Diminuitives and Intensifiers in {Italian}, {German}, and Other Languages},
  year = {1994},
  series = {Trends in Linguistics, Studies and Monographs},
  number = {76},
  publisher = {De Gruyter Mouton},
  address = {Berlin},
  doi = {10.1515/9783110877052}
}

@incollection{FassiFehri1988,
  author = {Abdelkader {Fassi Fehri}},
  title = {Agreement, Binding, and Coherence},
  year = {1988},
  booktitle = {Agreement in Natural Language},
  editor = {Michael Barlow and Charles Ferguson},
  pages = {107--158},
  address = {Stanford, CA},
  publisher = {CSLI}
}

@book{FassiFehri1993,
  author = {Abdelkader {Fassi Fehri}},
  title = {Issues in the Structure of {Arabic} Clauses and Words},
  year = {1993},
  address = {Dordrecht},
  publisher = {Kluwer Academic Publishers}
}

@article{FassiFehri2004,
  author = {Abdelkader {Fassi Fehri}},
  title = {Nominal Classes and Parameters across Interfaces and Levels, with Particular Reference to {Arabic}},
  year = {2004},
  journal = {Linguistic Variation Yearbook},
  volume = {4},
  pages = {41--108},
  address = {Amsterdam},
  publisher = {John Benjamins}
}

@article{FassiFehri2005,
  author = {Abdelkader {Fassi Fehri}},
  title = {Verbal and Nominal Parallelisms},
  year = {2005},
  journal = {Documents \& Reports},
  volume = {8},
  pages = {1--22},
  address = {Rabat},
  publisher = {IERA}
}

@book{FassiFehri2012,
  author = {Abdelkader {Fassi Fehri}},
  title = {Key Features and Parameters in {Arabic} Grammar},
  year = {2012},
  address = {Amsterdam},
  publisher = {John Benjamins},
  doi = {10.1075/la.182}
}

@article{FassiFehri2016,
  author = {Abdelkader {Fassi Fehri}},
  title = {Semantic Gender Diversity and Its Architecture in the Grammar of {Arabic}},
  year = {2016},
  journal = {Brill's Journal of Afroasiatic Languages and Linguistics},
  volume = {8},
  number = {1},
  pages = {154--199},
  doi = {10.1163/18776930-00801007}
}

@book{Fleisch1961,
  author = {Henri Fleisch},
  title = {Traité de philologie arabe},
  year = {1961},
  volume = {1},
  address = {Beirut},
  publisher = {Imprimerie Catholique}
}

@incollection{Grandi2015,
  author = {Nicola Grandi},
  title = {{Berber} Evaluative Morphology},
  year = {2015},
  booktitle = {{Edinburgh} Handbook of Evaluative Morphology},
  editor = {Nicola Grandi and Livia K\"{o}rtv\'{e}lyessy},
  address = {Edinburgh},
  publisher = {Edinburgh University Press}
}

@book{GrandiEtAl2015,
  editor = {Nicola Grandi and Livia K\"{o}rtv\'{e}lyessy},
  title = {{Edinburgh} Handbook of Evaluative Morphology},
  year = {2015},
  publisher = {Edinburgh University Press},
  address = {Edinburgh}
}

@inproceedings{Greenberg1972,
  author = {Joseph Greenberg},
  title = {Numeral Classifiers and Substantival Number},
  year = {1972},
  booktitle = {Eleventh Congress of Linguists},
  pages = {17--37},
  address = {Bologna},
  publisher = {Sodeta editrice il Mulino}
}

@incollection{Hachimi2007,
  author = {Atiqa Hachimi},
  title = {Gender},
  year = {2007},
  booktitle = {Encyclopedia of {Arabic} Languages and Linguistics},
  editor = {Kees Versteegh and Mushira Eid and Alaa Elgibali and Manfred Woidich and Andrzej Zaborski},
  volume = {1},
  pages = {155--164},
  address = {Leiden},
  publisher = {Brill}
}

@incollection{HalleEtAl1993,
  author = {Morris Halle and Alec Marantz},
  title = {Distributed Morphology and the Pieces of Inflection},
  year = {1993},
  booktitle = {The View from Building 20},
  editor = {Kenneth Hale and Jay Keyser},
  pages = {111--176},
  address = {Cambridge, MA},
  publisher = {MIT Press}
}

@article{Harley2014,
  author = {Heidi Harley},
  title = {On the Identity of Roots},
  year = {2014},
  journal = {Theoretical Linguistics},
  volume = {40},
  number = {3--4},
  pages = {225--276},
  doi = {10.1515/tl-2014-0010}
}

@book{Hayward1984,
  author = {Richard J. Hayward},
  title = {The {Abore} Language},
  subtitle = {A First Investigation Including a Vocabulary},
  year = {1984},
  series = {Kuschitische Sprachstudien},
  number = {2},
  publisher = {Helmut Buske},
  address = {Hamburg}
}

@book{Hill2014,
  author = {Virginia Hill},
  title = {Vocatives},
  subtitle = {How Syntax Meets with Pragmatics},
  year = {2014},
  address = {Leiden},
  publisher = {Brill}
}

@incollection{Holmberg2010,
  author = {Holmberg, Anders},
  title = {The null generic subject pronoun in Finnish: a case of incorporation in T},
  year = {2010},
  booktitle = {Parametric Variation},
  booksubtitle = {Null Subjects in Minimalist Theory},
  editor = {Theresa Biberauer and Anders Holmberg and Ian Roberts and Michelle Sheehan},
  pages = {200--230},
  address = {Cambridge},
  publisher = {Cambridge University Press}
}

@book{Ibrahim1973,
  author = {Muhammad Ibrahim},
  title = {Grammatical Gender},
  subtitle = {Its Origin and Development},
  year = {1973},
  address = {The Hague},
  publisher = {Mouton}
}

@article{Jurafsky1996,
  author = {Daniel Jurafsky},
  title = {Universal Tendencies in the Semantics of the Diminuitive},
  year = {1996},
  journal = {Language},
  volume = {72},
  number = {3},
  pages = {533--578},
  doi = {10.2307/416278}
}

@article{KahaneEtAl1949,
  author = {Henry Kahane and Renée Kahane},
  title = {The Augmentative Feminine in the {Romance} Languages},
  year = {1949},
  journal = {Romance Philology},
  volume = {2},
  pages = {135--175}
}

@unpublished{KibortEtAl2008,
  author = {Anna Kibort and Greville Corbett},
  title = {Gender},
  year = {2008},
  titleaddon = {Grammatical Features},
  url = {www.grammaticalfeatures.net/features/gender.html}
}

@incollection{Kihm2005,
  author = {Alain Kihm},
  title = {Noun Class, Gender and the Lexicon-Syntax-Morphology Interfaces},
  subtitle = {A Comparative Study of {Niger-Congo} and {Romance} Languages},
  year = {2005},
  booktitle = {The Handbook of Comparative Syntax},
  pages = {459--512},
  address = {Oxford},
  publisher = {Oxford University Press},
  doi = {10.1093/oxfordhb/9780195136517.013.0011}
}

@incollection{Kopcke2010,
  author = {Klaus-Michael K\"opcke and Klause-Uwe Panther and David A. Zubin},
  title = {Motivating Grammatical and Conceptual Gender Agreement in {German}},
  year = {2010},
  booktitle = {Cognitive Foundations of Linguistic Usage Patterns},
  editor = {Hans-J\"{o}rg Schmid and Susanne Handl},
  pages = {171--194},
  publisher = {Mouton de Gruyter},
  address = {Berlin}
}

@incollection{Kortvelyessy2014,
  author = {Livia K\"{o}rtv\'{e}lyessy},
  title = {Evaluative Derivation},
  year = {2014},
  booktitle = {The {Oxford} Handbook of Derivational Morphology},
  editor = {Rochelle Lieber and Peter \v{S}tekauer},
  pages = {296--316},
  address = {Oxford},
  publisher = {Oxford University Press}
}

@article{Kossmann2014,
  author = {Maarten Kossmann},
  title = {Derivational Gender in {Moroccan} {Berber}},
  subtitle = {Examples from {Ayt} {Seghrushen}},
  year = {2014},
  journal = {STUF -- Language Typology and Universals},
  volume = {67},
  number = {1},
  pages = {21--33},
  doi = {10.1515/stuf-2014-0003}
}

@article{Kramer2014,
  author = {Ruth Kramer},
  title = {Gender in {Amharic}},
  subtitle = {A Morphosyntactic Approach to Natural and Grammatical Gender},
  year = {2014},
  journal = {Language Sciences},
  volume = {43},
  pages = {102--115},
  doi = {10.1016/j.langsci.2013.10.004}
}

@book{Lakoff1987,
  author = {George Lakoff},
  title = {Women, Fire, and Dangerous Things},
  subtitle = {What Categories Reveal about Minds},
  year = {1987},
  address = {Chicago},
  publisher = {University of Chicago Press}
}

@article{Leiss1994,
  author = {Elisabeth Leiss},
  title = {{Genus und Sexus}},
  subtitle = {{Kristische Anmerkungen zur Sexualisierung von Grammatik}},
  year = {1994},
  journal = {Linguistische Berichte},
  volume = {152},
  pages = {281--300}
}

@incollection{Lowenstamm2008,
  author = {Jean Lowenstamm},
  title = {On Little n, $\surd$, and Types of Nouns},
  year = {2008},
  booktitle = {Sounds of Silence},
  editor = {Jutta Hartmann and Veronika Heged\"{u}s and Henk van Riemsdijk},
  pages = {105--144},
  publisher = {Elsevier},
  address = {Amsterdam}
}

@article{Marantz1997,
  author = {Alec Marantz},
  title = {No Escape from Syntax},
  subtitle = {Don't Try Morphological Analysis in the Privacy of Your Own Lexicon},
  year = {1997},
  journal = {University of Pennsylvania Working Papers in Linguistics},
  volume = {4},
  number = {2},
  pages = {201--225}
}

@article{Marantz2005,
  author = {Alec Marantz},
  title = {Generative Linguistics within the Cognitive Neuroscience of Language},
  year = {2005},
  journal = {The Linguistic Review},
  volume = {22},
  number = {2--4},
  pages = {429--445}
}

@article{Mathieu2012,
  author = {Eric Mathieu},
  title = {Flavors of Division},
  year = {2012},
  journal = {Linguistic Inquiry},
  volume = {43},
  number = {4},
  pages = {650--679},
  doi = {10.1162/ling_a_00110}
}

@article{Mathieu2013,
  author = {Eric Mathieu},
  title = {The Plural of the Singulative},
  year = {2013},
  journal = {McGill Working Papers in Linguistics},
  volume = {23},
  pages = {1--12}
}

@incollection{McConnellGinet2015,
  author = {Sally McConnell-Ginet},
  title = {Gender and Its Relation to Sex},
  subtitle = {The Myth of `Natural' Gender},
  year = {2015},
  booktitle = {The Expression of Gender},
  editor = {Greville Corbett},
  pages = {3--38},
  address = {Berlin},
  publisher = {Walter de Gruyter}
}

@article{Mettouchi1999,
  author = {Amina Mettouchi},
  title = {Le ``t'' n'est-il qu'une marque de féminin en berbère (kabyle)?},
  year = {1999},
  journal = {Faits de langues},
  volume = {7},
  number = {14},
  pages = {217--225}
}

@incollection{Mithun2015,
  author = {Marianne Mithun},
  title = {Gender and Culture},
  year = {2015},
  booktitle = {The Expression of Gender},
  editor = {Greville Corbett},
  pages = {131--160},
  address = {Berlin},
  publisher = {Walter de Gruyter}
}

@incollection{Miyagawa2012,
  author = {Shigeru Miyagawa},
  title = {Agreements That Occur Mainly in the Main Clause},
  year = {2012},
  booktitle = {Main Clause Phenomena},
  editor = {Lobke Aelbrecht and Liliane Haegeman and Rachel Nye},
  pages = {79--111},
  address = {Amsterdam},
  publisher = {John Benjamins}
}

@incollection{Moro2003,
  author = {Andrea Moro},
  title = {Notes on Vocative Case},
  subtitle = {A Case Study in Clause Structure},
  year = {2003},
  booktitle = {Romance Languages and Linguistic Theory 2001},
  booksubtitle = {Selected Papers from `{Going Romance}', {Amsterdam}, 6--8 {December} 2001},
  editor = {Josep Quer and Jan Schroten and Mauro Scorretti and Petra Sleeman and Els Verheugd},
  series = {Current Issues in Linguistic Theory},
  number = {245},
  pages = {247--261},
  publisher = {John Benjamins},
  address = {Amsterdam},
  doi = {10.1075/cilt.245.15mor}
}

@unpublished{Mous2008,
  author = {Marten Mous},
  title = {Number as an Exponent of Gender in {Cushitic}},
  year = {2008},
  howpublished = {Ms},
  location = {RCLT}
}

@incollection{Mous2012,
  author = {Marten Mous},
  title = {Cushitic},
  year = {2012},
  booktitle = {The {Afroasiatic} Languages},
  editor = {Zygmunt Frajzyngier and Erin Shay},
  pages = {342--422},
  publisher = {Cambridge University Press},
  address = {Cambridge}
}

@thesis{Ouwayda2014,
  author = {Sarah Ouwayda},
  title = {Where Number Lies},
  year = {2014},
  type = {phdthesis},
  institution = {University of Southern California},
  address = {Los Angeles, CA}
}

@article{Percus2011,
  author = {Orin Percus},
  title = {Gender Features and Interpretation},
  subtitle = {A Case Study},
  year = {2011},
  journal = {Morphology},
  volume = {21},
  number = {2},
  pages = {167--196},
  doi = {10.1007/s11525-010-9157-2}
}

@book{Pesetsky2013,
  author = {David Pesetsky},
  title = {{Russian} Case Morphology and the Syntactic Categories},
  year = {2013},
  publisher = {The MIT Press},
  address = {Cambridge, MA},
  doi = {10.7551/mitpress/9780262019729.001.0001}
}

@article{Picallo2008,
  author = {Carme Picallo},
  title = {Gender and Number in {Romance}},
  year = {2008},
  journal = {Lingue e Linguaggio},
  volume = {7},
  number = {1},
  pages = {47--66}
}

@article{PylkkanenEtAl2006,
  author = {Liina Pylkkänen and Rodolfo Llin\'as and Gregory Murphy},
  title = {The Representation of Polysemy},
  subtitle = {{MEG} Evidence},
  year = {2006},
  journal = {Journal of Cognitive Neuroscience},
  volume = {18},
  number = {1},
  pages = {97--109}
}

@article{Ritter1993,
  author = {Elisabeth Ritter},
  title = {Where's Gender?},
  year = {1993},
  journal = {Linguistic Inquiry},
  volume = {24},
  number = {4},
  pages = {795--803}
}

@incollection{Rizzi1997,
  author = {Luigi Rizzi},
  title = {The Fine Structure of the Left Periphery},
  year = {1997},
  booktitle = {Elements of Grammar},
  editor = {Liliane Haegeman},
  pages = {281--337},
  publisher = {Kluwer},
  address = {Dordrecht}
}

@article{Roman1990,
  author = {André Roman},
  title = {De l'accord et du pseudo-accord du féminin en arabe},
  year = {1990},
  journal = {Annales Islamologiques},
  volume = {25},
  paegs = {27--56}
}

@article{Seifart2010,
  author = {Frank Seifart},
  title = {Nominal Classification},
  year = {2010},
  journal = {Language and Linguistics Compass},
  volume = {4},
  number = {8},
  pages = {719--736},
  doi = {10.1111/j.1749-818X.2010.00194.x}
}

@article{Shlonsky2012,
  author = {Ur Shlonsky},
  title = {On Some Properties of Nominals in {Hebrew} and {Arabic}},
  subtitle = {The `Construct-State' and the Mechanisms of {AGREE} and {MOVE}},
  year = {2012},
  journal = {Rivista di Linguistica},
  volume = {24},
  number = {2},
  pages = {267--286}
}

@book{Sibawayhi1938,
  author = {Amr Sibawayhi},
  title = {al-{Kitaab}},
  year = {1938},
  publisher = {Buulaaq},
  address = {Cairo}
}

@article{Sigurdsson2004,
  author = {Sigurðsson, Halldor Armann},
  title = {The Syntax of Person, Tense, and Speech Features},
  year = {2004},
  journal = {Rivista di Linguistica},
  volume = {16},
  number = {1},
  pages = {219--251}
}

@book{Suyuutii1998,
  author = {Jalaaluddin A. Suyuutii},
  title = {Al-Muzhir fii ʕuluum al-lu\.{g}ah al-ʕarabiyyah},
  year = {1998},
  address = {Beirut},
  publisher = {Dar al-kutub al-ʕilmiyyah}
}

@incollection{SpeasEtAl2003,
  author = {Margaret Speas and Carol Tenny},
  title = {Configurational Properties of Point of View Roles},
  year = {2003},
  booktitle = {Asymmetry in Grammar},
  editor = {Anna Maria Di Sciullo},
  pages = {315--344},
  address = {Amsterdam},
  publisher = {John Benjamins}
}

@incollection{SteriopoloEtAl2010,
  author = {Olga Steriopolo and Martina Wiltschko},
  title = {Distributed Gender Hypothesis},
  year = {2010},
  booktitle = {Formal Studies in {Slavic} Linguistics},
  series = {Linguistik International},
  number = {25},
  editor = {Gerhild Zybatow and Philip Dudchuk and Serge Minor and Ekaterina Pshehotskaya},
  pages = {155--172},
  address = {Frankfurt},
  publisher = {Peter Lang}
}

@incollection{Unterbeck2000,
  author = {Barbara Unterbeck},
  title = {Gender},
  subtitle = {New Light on an Old Category},
  year = {2000},
  booktitle = {Gender in Grammar and Cognition},
  editor = {Barbara Unterbeck},
  pages = {xv--xxv},
  address = {Berlin},
  publisher = {Mouton de Gruyter}
}

@article{Wierzbicka1989,
  author = {Anna Wierzbicka},
  title = {Soul and Mind},
  subtitle = {Linguistic Evidence for Ethnopsychology and Cultural History},
  year = {1989},
  journaltitle = {American Anthropologist},
  volume = {91},
  number = {1},
  pages = {41--58},
  doi = {10.1525/aa.1989.91.1.02a00030}
}

@article{Wiltschko2008,
  author = {Martina Wiltschko},
  title = {The Syntax of Non-Inflectional Plural Marking},
  year = {2008},
  journal = {Natural Language and Linguistic Theory},
  volume = {26},
  number = {3},
  pages = {639--694}
}

@thesis{Zabbal2002,
  author = {Youri Zabbal},
  title = {The Semantics of Number in the {Arabic} Noun Phrase},
  year = {2002},
  type = {mathesis},
  institution = {University of Calgary},
  address = {Calgary}
}

%%% END FASSI FEHRI %%%

@article{Alexiadou1998,
  author = {Alexiadou, Artemis  and  Anagnostopoulou, Elena},
  journal = {Natural Language \& Linguistic Theory},
  pages = {491--539},
  title = {Parametrizing {AGR}: {W}ord order, {V}-movement and {EPP}-checking},
  volume = {16},
  year = {1998}
}

@incollection{AlexiadouEtAl2001,
  author={Alexiadou, Artemis and Schäfer, Florian},
  year={2011},
  title={An unaccusativity diagnostic at the Syntax-Semantics interface: there-insertion, indefinites and restitutive again},
  editor={Reich, Ingo and Horch, Eva and Pauly, Dennis},
  booktitle={Proceedings of Sinn \& Bedeutung 15},
  pages={101--115},
  address={Saarland},
  publisher={Saarland University Press}
}

@incollection{Alexiadou2010,
  author={Alexiadou, Artemis},
  year={2010},
  title={Post-verbal {N}ominatives: {A}n Unaccusativity Diagnostic under Scrutiny},
  editor={Folli, Rafaela and Ulbrich, Christina},
  booktitle={Interfaces in Linguistics: New Research Perspectives},
  pages={56--77},
  address={Oxford},
  publisher={Oxford University Press}
}

@article{Avelar2009,
  author = {Avelar, Juanito},
  journal = {{Matraga}},
  pages = {232--252},
  title = {Inversão locativa e sintaxe de concordância no português brasileiro [Locative inversion and agrément syntax in {Brazilian Portuguese}]},
  volume = {24},
  year = {2009}
}

@article{AvelarEtAl2008,
  author = {Avelar, Juanito  and  Cyrino, Sônia},
  journal = {Revista de Estudos Linguísticos da Universidade do Porto},
  pages = {55--75},
  title = {Locativos preposicionados em posição de sujeito: uma possível contribuição das línguas Bantu à sintaxe do português brasileiro [Preposed locatives in subject position: a possible contribution of Bantu languages to Brazilian Portuguese syntax]},
  volume = {3},
  year = {2008}
}

@inproceedings{AvelarGalves2011,
  author={Avelar, Juanito and Galves, Charlotte},
  year={2011},
  title={Tópico e concordância em português brasileiro e português europeu [{Topics and agreement in Brazilian and European portuguese}]},
  journal={Textos seleccionados do XXVI Encontro Nacional da Associação Portuguesa de Linguística},
  pages={49--65}
}

@incollection{Barbosa2011,
  author={Barbosa, Pilar},
  year={2011},
  title={Partial pro-drop as null {NP}-anaphora},
  editor={Fainleb, Lena and LaCara, Nicholas and Park, Yangsook},
  booktitle={Proceedings of NELS 41},
  pages={71--84},
  address={Amherst},
  publisher={GLSA Publications}
}

@article{Barbosatoappear,
  author={Barbosa, Pilar},
  pubstate={forthcoming},
  title={Pro as a minimal {NP}: towards a unified theory of pro-drop},
  journal={Linguistic Inquiry}
}

@article{BellettiEtAl1988,
  author={Belletti, Adriana and Rizzi, Luigi},
  year={1988},
  title={Psych-verbs and θ-theory},
  journal={Natural Language \& Linguistic Theory},
  volume={6},
  number={3},
  pages={291--352}
}

@phdthesis{Berlinck1988,
  title = {{A ordem VSN no português do Brasil: sincronia e diacronia}},
  author = {Berlinck, Rosane},
  address={Campinas},
  school = {University of Campinas},
  year = {1988}
}

@book{Borer2005,
  address = {Oxford},
  author = {Borer, Hagit},
  publisher = {Oxford University Press},
  title = {{Structuring sense II}. The Normal Course of Events},
  year = {2005}
}

@incollection{Brody2013,
  address = {Amsterdam},
  author = {Brody, Michael},
  booktitle = {Papers from the 2011 Lund conference},
  series={Approaches to Hungarian},
  number={13},
  editor = {Brandtler, Johan and Molnár, Valéria and Platzack, Christer},
  pages = {33--43},
  publisher = {John Benjamins Publishing},
  title = {Silent people},
  year = {2013}
}

@phdthesis{Buthers2009,
  address = {Belo Horizonte},
  title={Emergência da ordem ‘{XP V (DP)}’ no {PB Contemporâneo} e o Parâmetro do Sujeito Nulo: uma abordagem minimalista [{The emergence of XP V (DP) in contemporary Brazilian Portuguese and the null subject parameter: a minimalista approach}]},
  author = {Buthers, Christiane},
  school = {Federal University of Minas Gerais},
  year = {2009}
}

@article{Cavalcante2007,
  author={Cavalcante, Sílvia},
  year={2007},
  title={O sujeito nulo de referência indeterminada na fala culta carioca [{The null indeterminate subject in Rio de Janeiro} educated speech]},
  journal={Diadorim},
  volume={2},
  pages={63--82}
}

@phdthesis{Carvalho2016,
  address = {São Paulo},
  author = {Carvalho, Janayna},
  school = {University of São Paulo},
  title = {A morfossintaxe do português brasileiro e sua estrutura argumental: uma investigação sobre anticausativas, médias, impessoais e a alternância agentiva [{Brazilian Portuguese} morphosyntax and its agrument structure: an investigation of anticausatives, middles, impersonals and the agentive alternation]},
  year = {2016}
}

@book{Chomsky1985,
  address = {New York},
  title={Knowledge of language: {I}ts nature, origin, and use},
  author = {Chomsky, Noam},
  publisher = {Praeger},
  year = {1985}
}

@article{Cinque1988,
  author = {Cinque, Guglielmo},
  journal = {Linguistic inquiry},
  pages = {521--581},
  title = {On si constructions and the theory of arb},
  volume = {19},
  year = {1988}
}

@article{Cohen2002,
  author = {Cohen, Ariel  and  Erteschik-Shir, Nomi},
  journal = {Natural Language Semantics},
  pages = {125--165},
  title = {Topic, focus, and the interpretation of bare plurals},
  volume = {10},
  year = {2002}
}

@article{Cyrino2011,
  author = {Cyrino, Sônia},
  journal = {Iberia: An International Journal of Theoretical Linguistics},
  pages = {1--21},
  title = {On complex predicates in Brazilian Portuguese},
  volume = {2},
  year = {2011}
}

@article{Deal2009,
  author = {Deal, Amy Rose},
  journal = {Syntax},
  pages = {285--323},
  title = {The origin and content of expletives: evidence from selection},
  volume = {12},
  year = {2009}
}

@article{DechaineEtAl2002,
  author={Déchaine, Rose-Marie and Wiltschko, Martina},
  year={2002},
  title={Decomposing pronouns},
  journal={Linguistic inquiry},
  volume={33},
  pages={409--442}
}

@phdthesis{Duarte1995,
  address = {Campinas},
  author = {Duarte, Maria Eugênia},
  school = {University of Campinas},
  year = {1995},
  title={{A Perda do Princípio “Evite pronome” no Português Brasileiro [The loss of “Avoid Pronoun” principle in Brazilian Portuguese].}}
}

@phdthesis{Ferreira2000,
  address = {Campinas},
  author = {Ferreira, Marcelo},
  school = {University of Campinas},
  title= {Argumentos nulos em português brasileiro [{Null arguments in Brazilian Portuguese}]},
  year = {2000}
}

@book{FigueiredoSilva1996,
  address = {Campinas},
  author = {Figueiredo-Silva, Maria Cristina},
  title={A posição sujeito no português brasileiro: frases finitas e infinitivas [{The subject position in Brazilian Portuguese}: finite and infinitive]},
  publisher = {Ed. da UNICAMP},
  year = {1996}
}

@article{Freeze1992,
  author = {Freeze, Ray},
  journal = {Language},
  pages = {553--595},
  title = {Existentials and other locatives},
  volume = {68},
  year = {1992}
}

@book{Galves2001,
  author={Galves, Charlotte},
  year={2001},
  title={Ensaios sobre as gramáticas do português [{E}ssays on {P}ortuguese grammars]},
  address={Campinas},
  publisher={Editora da Unicamp}
}

@incollection{Guéron1982,
  address = {Paris},
  author = {Guéron, Jacqueline},
  booktitle = {Grammaire transfonnationnelle. {T}heorie et methodologies},
  editor = {Guéron, Jacqueline and Sowley, Tim},
  pages = {185--219},
  publisher = {Univ. de Paris VIII},
  title = {Les opérateurs: contribution à une théorie de traits syntaxiques},
  year = {1982}
}

@article{Holmberg2005,
  author = {Holmberg, Anders},
  journal = {Linguistic Inquiry},
  pages = {533--564},
  title = {Is there a little pro? {Evidence from Finnish}},
  volume = {36},
  number={4},
  year = {2005}
}

@incollection{Holmberg2010b,
  address = {Oxford},
  author = {Holmberg, Anders},
  booktitle = {Parametric variation: null subjects in minimalist theory},
  editor = {Biberauer, Theresa and Holmberg, Anders and Roberts, Ian and Sheehan, Michelle},
  pages = {200--230},
  publisher = {Oxford University Press},
  title = {The Null Generic Pronoun in {Finnish: A} Case of Incorporation in {T}},
  year = {2010}
}

@article{Holmberg2009,
  author = {Holmberg, Anders and Nayudu, Aarti  and  Sheehan, Michelle},
  journal = {Studia Linguistica},
  pages = {59--97},
  title = {Three partial null-subject languages: a comparison of {Brazilian Portuguese, Finnish and Marathi}},
  volume = {63},
  year = {2009}
}

@incollection{HolmbergNikanne2002,
  author={Holmberg, Anders and Nikanne, Urpo},
  year={2002},
  title={Expletives, subjects, and topics in {F}innish},
  editor={Svenonius, Peter},
  booktitle={Subjects, expletives, and the {EPP}},
  pages={71--106},
  address={Oxford},
  publisher={Oxford University Press}
}

@article{HolmbergEtAl2015,
  author={Holmberg, Anders and Phimsawat, On-Usa},
  year={2015},
  title={Generic pronouns and phi-features: evidence from {T}hai},
  editor={Biggs, Alison and Li, Man and Wang, Aiqing and Zhang, Cong},
  JOURNAL={Newcastle and Northumbria working papers in Linguistics},
  pages={55--71},
  volume={21},
  number={1},
  url={http://www.ncl.ac.uk/linguistics/research/working-papers/archive/}
}

@incollection{Kayne2008,
  author={Kayne, Richard},
  year={2008},
  title={Expletives, datives, and the tension between morphology and syntax},
  editor={Biberauer, Theresa},
  booktitle={The limits of syntactic variation},
  pages={175--217},
  address={Amsterdam},
  publisher={John Benjamins}
}

@article{Kato1999,
  author = {Kato, Mary},
  journal = {Probus},
  pages = {1--37},
  title = {Strong pronouns and weak pronominals in the null subject parameter},
  volume = {11},
  year = {1999}
}

@incollection{Kratzer1995,
  address = {Chicago},
  author = {Kratzer, Angelika},
  booktitle = {The generic book},
  editor = {Carlson, Gregory and Pelletier, Francy},
  pages = {125--175},
  publisher = {Chicago University Press},
  title = {Individual level predicates vs. stage level predicates},
  year = {1995}
}

@incollection{Lunguinho2006,
  author={Lunguinho, Marcus},
  year={2006},
  title={Partição de constituintes no português brasileiro: características sintáticas [{Phrase splitting in Brazilian Portuguese}: syntactic characteristics]},
  editor={Garcia da Silva, Denise},
  booktitle={Língua, Gramática e Discurso},
  pages={133--146},
  address={Goiânia},
  publisher={Cânone}
}

@article{Lunguinho2013,
  author = {Lunguinho, Marcus  and  Medeiros Junior, Paulo},
  journal = {Interdisciplinar-Revista de Estudos em Língua e Literatura},
  pages = {7--21},
  title = {Inventou um tipo novo de sujeito: Características sintáticas e semânticas de uma estratégia de indeterminação do sujeito no português brasileiro [{A new type of subject: syntactic and semantic characteristics of na indeterminacy strategy in Brazilian Portuguese]}},
  volume = {9},
  year = {2013}
}

@phdthesis{Nunes1990,
  address = {Campinas},
  author = {Nunes, Jairo},
  title={{O famigerado se: uma análise sincrônica e diacrônica das construções com se apassivador e indeterminador [The clitic se: synchronic and diachronic analyses of passive-se and indeterminate-se constructions]}},
  school = {University of Campinas Thesis},
  year = {1990}
}

@article{Nunes2008,
  author = {Nunes, Jairo},
  journal = {Journal of Portuguese Linguistics},
  pages = {83--108},
  title = {Inherent Case as a licensing condition for {A}-movement: the case of hyper-raising constructions in {Brazilian Portuguese}},
  volume = {7},
  year = {2008}
}

@misc{Nunes2015,
  author = {Nunes, Jairo},
  title = {Breaching phi-features},
  note={Handout delivered at LSRL16},
  year = {2015}
}

@phdthesis{Pilati2006,
  address = {Brasília},
  author = {Pilati, Eloísa},
  school = {University of Brasília},
  title = {Aspectos sintáticos e semânticos das orações com ordem verbo-sujeito no português do {B}rasil [{Syntactic and semantic aspects of verb-subject sentences in Brazilian Portuguese]}},
  year = {2006}
}

@incollection{PilatiNaves2013,
  title={Estudos e Pesquisas em Teoria da Gramática},
  address={Maceió},
  author = {Pilati, Eloísa  and  Naves, Rozana},
  publisher = {EDUFAL},
  title = {Desenvolvendo a hipótese da cisão da categoria pronominal no português brasileiro [Developing the hypothesis of pronominal splitting in Brazilian Portuguese]},
  editor={Moura, Denida and Sibaldo, Marcelo},
  year = {2013}
}

@misc{Pontes1987,
  author = {Pontes, Eunice},
  title = {{O tópico no português do Brasil} [The category Topic in Brazilian Portuguese]. Pontes Editores},
  year = {1987}
}

@article{Richards2007,
  author = {Richards, Marc},
  journal = {{Linguistic variation yearbook}},
  pages = {139-159},
  title = {On Object Shift, Phases, and Transitive Expletive Constructions in Germanic},
  volume = {6},
  year = {2007}
}

@incollection{Rigau1997,
  address = {Bilbao},
  author = {Rigau, German},
  booktitle = {Theoretical Issues at the Morphology-Syntax Interface},
  editor = {Mendikoetxea, Amaya and Uribe-Etxebarroa, Myriam},
  pages = {395-421},
  publisher = {Universidad del País Basco},
  title = {Locative Sentences and Related Constructions in Catalan, 395-421},
  year = {1997}
}

@article{RitterWiltschko2014,
  author = {Ritter, Elisabeth  and  Wiltschko, Martina},
  journal = { {Natural Language \& Linguistic Theory}},
  pages = {1331-1386},
  title = {The composition of INFL},
  volume = {32},
  year = {2014}
}

@book{Rizzi1982,
  author = {Rizzi, Luigi},
  title = {Issues in Italian syntax},
  address= {Berlin},
  publisher = {Walter de Gruyter},
  year = {1982}
}

@article{Rizzi1986,
  author = {Rizzi, Luigi},
  journal = { {Linguistic Inquiry}},
  pages = {501-557},
  title = {Null Objects in Italian and the Theory of Pro},
  volume = {17},
  year = {1986}
}

@incollection{Rizzi1997,
  address = {Netherlands},
  author = {Rizzi, Luigi},
  booktitle = {Elements of Grammar},
  editor = {Haegeman, Liliane},
  pages = {281-337},
  publisher = {Springer},
  title = {The Fine Structure of the Left Periphery},
  year = {1997}
}

@incollection{Rizzi2007,
  author = {Rizzi, Luigi  and  Shlonsky, Ur},
  title = {Strategies of Subject Extraction},
  editor={Sauerland, Uli and Gärtner, Hans-Martin},
  booktitle={Interfaces + Recursion = Language? {C}homsky’s {M}inimalism and the view from Syntax-Semantics},
  pages={115--116},
  address={Berlin},
  publisher={Mouton de Gruyter},
  year = {2007}
}

@misc{Roberts2015,
  author = {Roberts, Ian},
  title = {Null subjects and null arguments},
  note={Handout delivered at MPhil Seminar},
  year = {2015}
}

@phdthesis{Rodrigues2004,
  address = {Maryland},
  author = {Rodrigues, Cilene},
  school = {University of Maryland},
  title={Impoverished morphology and {A}-movement out of Case domains},
  year = {2004}
}

@incollection{Rodrigues2010,
  address = {Amsterdam},
  author = {Rodrigues, Cilene},
  booktitle = {Movement theory of control},
  editor = {Hornstein, Norbert and Polinsky, Maria},
  pages = {119--146},
  publisher = {John Benjamins},
  title = {Possessor raising through thematic positions},
  year = {2010}
}

@phdthesis{Stowell1981,
  author={Stowell, Tim},
  year={1981},
  title={Origins of phrase structure},
  address={Massachusetts},
  school={Massachussets Institute of Technology}
}

@incollection{Svenonius2010,
  author={Svenonius, Peter},
  year={2010},
  title={Spatial p in {English. Mapping spatial PPs}},
  editor={Cinque, Guglielmo and Rizzi, Luigi},
  booktitle={The cartography of syntactic structures},
  volume={6},
  pages={127--160},
  address={Oxford},
  publisher={Oxford University Press}
}

@article{Torrego1989,
  author = {Torrego, Ester},
  journal = {MIT Working Papers},
  pages = {253--272},
  title = {Unergative-unaccusative Alternations in {S}panish},
  volume = {10},
  year = {1989}
}

@incollection{WoodEtAl2017,
  author={Wood, Jim and Marantz, Alec},
  year={2017},
  title={The interpretation of external arguments},
  editor={D’Alessandro, Roberta and Franco, Irene and Gallego, Ángel},
  booktitle={The Verbal Domain},
  address={Oxford},
  publisher={Oxford University Press}
}

@comment{krzek
}

@article{Bogusławski1984,
  author = {Bogusławski, A},
  journal = {{Polonica}},
  pages = {49-71},
  title = {Polskie nieidentyfikacyjne wyrażenia osobowo- referencjalne},
  volume = {10},
  year = {1984}
}

@article{Bondaruk2003,
  author = {Bondaruk, Anna, and Charzyńska-Wójcik, Magdalena},
  journal = {{Linguistische Berichte}},
  pages = {325-362},
  title = {Expletive {pro} in impersonals passives in Irish, Polish and Old English},
  volume = {195},
  year = {2003}
}

@book{Doros1975,
  address = {Wrocław},
  author = {Doros, A.},
  publisher = {Ossolineum},
  title = {{Werbalne konstrukcje bezosobowe w językach rosyjskim i polskim na tle} {  innych języków słowiańskich}},
  year = {1975}
}

@book{Dziwirek1994,
  title = {Polish subjects.} ,
  address={New York},
  author = {Dziwirek, K.},
  publisher = {Garland},
  year = {1994}
}

@article{Fassi2009,
  author = {Fassi Fehri, A},
  journal = {{Brill’s Annual of} {Afroasiatic Languages and Linguistics}},
  pages = {1-38},
  title = {Arabic silent pronouns, person and voice},
  volume = {1},
  year = {2009}
}

@article{Frascarelli2007,
  author = {Frascarelli, M},
  journal = {{Natural} {  Language and Linguistic Theory}},
  pages = {691--734},
  title = {Subjects, topics, and the interpretation of referential pro},
  volume = {25},
  year = {2007}
}

@book{Kibort2004,
  address = {{Passive and passive-like constructions in English and Polish.} Ms.,{}  {} Cambridge},
  author = {Kibort, A.},
  publisher = {University of Cambridge},
  year = {2004}
}

@misc{Maling1993,
  author = {Maling, J},
  title = {Unpassives of unaccusatives},
  note={Handout to talks given at Univ. of California   Irvine (Jan), Univ. of Massachusetts-Amherst (April), Helsinki Univ. (May), Univ. of   Iceland (June).},
  year = {1993}
}

@book{Rozwadowska1992,
  address = {Wrocław},
  author = {Rozwadowska, B.},
  number = {20},
  publisher = {Wydawnictwo Uniwersytetu Wrocławskiego},
  series = {Anglica Wratislaviensia},
  title = {{Thematic constraints on selected constructions in English and} {  Polish}},
  year = {1992}
}

@misc{Sigurðsson2004,
  author = {Sigurðsson, Halldor Armann},
  title = {The syntax of person, tense, and speech features},
  url = {LingBuzz/000407},
  urldate={2012-06-03},
  year = {2004}
}

@book{Śpiewak2000,
  address = {Lublin},
  author = {Śpiewak, Grzegorz},
  publisher = {M. Curie-Skłodowska   University},
  title = {{The Lexical-conceptual structure of nominativeless constructions} {in} {  Polish: Towards a unified account}. Doctoral Dissertation},
  year = {2000}
}

@comment{algryani
}

@book{AounEtAl2010,
  address = {Cambridge},
  author = {Aoun, Joseph E. and Elabbas Benmamoun and Lina Choueiri},
  publisher = {Cambridge University Press},
  title = {The Syntax of {A}rabic},
  year = {2010}
}

@misc{Brunetti2003,
  author = {Brunetti, Lisa},
  title = {Information focus movement in Italian and contextual constraints on},
  year = {2003}
}

@misc{Casielles2006,
  author = {Casielles, Eugenia},
  title = {Big questions, small answers. In Ljiljana Progovac, Kate Paesani,},
  year = {2006}
}

@incollection{Krifka2006,
  author={Krifka, Manfred},
  year={2006},
  title={Association with focus phrases},
  editor={Molnár, Valéria and Suzanne Winkler},
  booktitle={The Architecture of Focus},
  pages={105--136},
  address={Berlin},
  publisher={Mouton de Gruyter}
}

@incollection{Merchant2006,
  title = {Small Structures. {A} Sententialist Perspective},
  author = {Merchant, Jason},
  year = {2006},
  editor={Progovac, Ljiljana and Kate Paesani, Eugenia Casielles and Ellen Barton},
  booktitle={The Syntax of Non-sententials: multidisciplinary perspectives},
  pages={73--91},
  address={Amsterdam},
  publisher={John Benjamins}
}

@book{Merchant2001,
  author={Merchant, Jason},
  year={2001},
  title={The Syntax of Silence: {S}luicing, Islands, and the Theory of Ellipsis},
  address={Oxford},
  publisher={Oxford University Press}
}

@article{Merchant2004,
  author={Merchant, Jason},
  year={2004},
  title={Fragments and Ellipsis},
  journal={Linguistics and Philosophy},
  volume={27},
  pages={661--738}
}

@incollection{Progovac2006,
  author={Progovac, Ljiljana},
  year={2006},
  title={The Syntax of Nonsententials: {S}mall Clauses and Phrases at the Root},
  editor={Progovac, Ljiljana and Kate Paesani and Eugenia Casielles and Ellen Barton},
  booktitle={The Syntax of Non-sententials: multidisciplinary perspectives},
  pages={33--71},
  address={Amsterdam},
  publisher={John Benjamins}
}

@book{Craenenbroeck2010,
  author={van Craenenbroeck, Jeroen},
  year={2010},
  title={The Syntax of Ellipsis: {E}vidence from {D}utch Dialects},
  address={Oxford},
  publisher={Oxford University Press}
}

@phdthesis{Kolokonte2008,
  author={Kolokonte, Marina},
  year={2008},
  title={Bare Argument Ellipsis \& Information Structure},
  school={Newcastle University}
}

@article{Busquets2006,
  author={Busquets, Joan},
  year={2006},
  title={Stripping vs. {VP}-ellipsis in {C}atalan: what is deleted and when},
  journal={Probus},
  volume={18},
  pages={159--187},
}

@book{Moutaouakil1989,
  author={Moutaouakil, Ahmed},
  year={1989},
  title={Pragmatic Functions in a Functional Grammar of {A}rabic},
  address={Dordrecht},
  publisher={Faris Publications}
}

@comment{lee
}

@book{Abney1987,
  address = {Cambridge},
  author = {Abney, S. P.},
  publisher = {MIT Press (Doctoral dissertation)},
  title = {{The English noun phrase in its sentential aspect}},
  year = {1987}
}

@incollection{Badan2011,
  address = {Oxford},
  author = {Badan, L., and F. Del Gobbo},
  booktitle = {{Mapping the left periphery},},
  editor = {P. Benincà and N. Munaro},
  pages = {63-91},
  publisher = {OUP},
  title = {On the syntax of topic and focus in Chinese},
  year = {2011}
}

@article{Duguine2014,
  author = {Duguine, M},
  journal = {{The Linguistic Review.}},
  pages = {515-549},
  title = {Argument ellipsis: a unitary approach to pro-drop},
  volume = {31},
  year = {2014}
}

@article{Hoji1998,
  author = {Hoji, H},
  journal = {Linguistics Inquiry},
  pages = {127-152},
  title = {Null object and sloppy identity in {Japanese}},
  volume = {29},
  year = {1998}
}

@incollection{Holmberg2002,
  address = {Oxford},
  author = {Holmberg, A. and U. Nikanne},
  booktitle = {Subjects, Expletives, and the {EPP}},
  editor = {Svenonius, Peter},
  pages = {71-105},
  publisher = {Oxford University Press},
  title = {Expletives, Subjects, and Topics in Finnish},
  year = {2002}
}

@phdthesis{Huang1982,
  author = {Huang, C.T},
  title = {Logical relations in Chinese and the theory of grammar},
  school ={MIT},
  year = {1982}
}

@article{Huang1984,
  author = {Huang, James C. T.},
  journal = { {Linguistic Inquiry.}},
  pages = {531--574},
  title = {On the distribution and reference of empty pronouns},
  volume = {15},
  year = {1984}
}

@incollection{Huang1989,
  address = {Dordrecht},
  author = {Huang, C. T},
  booktitle = {The null subject parameter},
  editor = {O. Jaeggli and K. Safir},
  pages = {185–214},
  publisher = {Kluwer},
  title = {Pro-drop in Chinese: {A} generalized control theory},
  year = {1989}
}

@book{Huang2009,
  address = {Cambridge},
  author = {Huang C. T., Li, Y. H. and Li, Y. F.},
  publisher = {Cambridge University Press},
  title = { {The syntax of Chinese}},
  year = {2009}
}

@article{Jackendoff1971,
  author = {Jackendoff, R. S},
  pages = {21-35},
  title = {Gapping and related rules},
  journal ={Linguistic Inquiry},
  volume = {2},
  year = {1971}
}

@article{Saito2007,
  author = {Saito, Mamoru},
  journal = { {Language research}},
  pages = {203–227},
  title = {Notes on East Asian argument ellipsis},
  volume = {43},
  year = {2007}
}

@article{Sigurðsson2011Conditions,
  author = {Sigurðsson, Hálldor Ármann},
  journal = {Linguistic Inquiry},
  number = {2},
  pages = {267--304},
  title = {Conditions on argument drop},
  volume = {42},
  year = {2011}
}

@book{Lambrecht1994,
  address = {Cambridge},
  author = {Lambrecht, K.},
  publisher = {Cambridge University Press},
  title = { {Information structure and sentence form: Topic, focus, and the mental representations of discourse referents}},
  year = {1994}
}

@article{Li2014,
  author = {Li, Audrey},
  journal = { {Lingua}},
  pages = {43-68},
  title = {Born Empty},
  volume = {.151},
  year = {2014}
}

@comment{Greco Et Al}

@misc{Uriagereka2004,
  author={Uriagereka, Juan},
  year={2004},
  title={A peripheral pleonastic in {W}estern {I}berian},
  note={Paper presented at ``Expletive Subjects in Romance and Germanic Languages''. Konstanz, November 2004.}
}

@incollection{Cardinaletti2004,
  author={Cardinaletti, Anna},
  year={2004},
  title={Towards a cartography of subject positions},
  booktitle={The structure of {CP} and {IP}},
  editor={Rizzi, Luigi},
  pages={115--165},
  address={New York},
  publisher={Oxford University Press}
}

@incollection{Kiss1995,
  author={Kiss, Katalin},
  year={1995},
  title={Introduction},
  editor={Kiss, Katalin},
  booktitle={Discourse Configurational Languages},
  pages={3--27},
  address={New York},
  publisher={Oxford University Press}
}

@article{Kiss1996,
  author={Kiss, Katalin},
  year={1996},
  title={Two subject positions in {E}nglish},
  journal={The Linguistic Review},
  volume={13},
  pages={119--142}
}

@article{Grohmann2000,
  author={Grohmann, Kleanthes},
  year={2000},
  title={Towards a syntactic understanding of prosodically reduced pronouns},
  journal={Theoretical Linguistics},
  volume={26},
  pages={175--210}
}

@article{CraenenbroeckEtAl2007,
  author={van Craenenbroeck, Jeroen and Haegeman, Liliane},
  year={2007},
  title={The derivation of subject initial {V2}},
  journal={Linguistic Inquiry},
  volume={38},
  pages={167--178}
}

@incollection{Haegeman2008,
  author={Haegeman, Liliane},
  year={2008},
  title={Pleonastic tet in {West Flemish} and the cartography of subject positions},
  editor={Barbiers, Sjef and Koeneman, Olaf and Lekakou, Marika and van der Ham, Margreet},
  booktitle={Microvariation in syntactic doubling},
  pages={277--290},
  publisher = {Brill},
  doi = {10.1163/9781848550216_010}
}

@incollection{DeVogelaerEtAl2008,
  author = "De Vogelaer, Gunther and Devos, Magda",
  title = "On Geographical Adequacy, Or: {H}ow Many Types Of Subject Doubling In Dutch",
  editor={Barbiers, Sjef and Koeneman, Olaf and Lekakou, Marika and van der Ham, Margreet},
  booktitle={Microvariation in syntactic doubling},
  publisher = "Brill",
  year = "2008",
  pages = "251--276",
  doi = {10.1163/9781848550216_010}
}

@incollection{GuéronEtAl2012,
  address = {Oxford},
  author = {Guéron, Jacqueline  and  Haegeman, Liliane},
  booktitle = {Functional heads},
  editor = {Brugé, Laura and Cardinaletti, Anna and Giusti, Giuliana and Munaro, Nicola and Poletto, Cecilia},
  pages = {69--80},
  publisher = {Oxford University Press},
  title = {Je est un autre. {S}ubject positions, point of view and the neuter pronoun \emph{tet} in {W}est {F}lemish},
  year = {2012}
}

@incollection{Carrilho2008,
  author={Carrilho, Ernestina},
  year={2008},
  title={Beyond doubling: {O}vert expletives in {E}uropean {P}ortuguese dialects},
  pages={302--323},
  editor={Barbiers, Sjef and Koeneman, Olaf and Lekakou, Marika and van der Ham, Margreet},
  booktitle={Microvariation in syntactic doubling},
  publisher = "Brill",
  doi = {10.1163/9781848550216_010}
}

@book{CaluweEtAl2013,
  address = {Ghent},
  author = {De Caluwe, Johan and Delarue, Steven and Ghyselen, Anne-Sophie and Lybaert, Chloé},
  publisher = {Academia Press},
  title = {Tussentaal},
  year = {2013}
}

@misc{CraenenbroeckEtAl2012,
  author={van Craenenbroeck, Jeroen and van Koppen, Marjo},
  year={2012},
  title={How to void a phase. {A}nti-intervention effects with clitic doubling in {D}utch dialects},
  note={Ghent/Missouri Complementizer agreement workshop}
}

@incollection{BennisEtAl1984,
  author={Bennis, Hans and Liliane Haegeman},
  year={1984},
  title={On the status of agreement: {COMP} and {INFL} in {F}lemish dialects},
  editor={de Geest, Wim and Putseys, Yvan},
  booktitle={Proceedings of the International Conference on Complementation},
  pages={33--53},
  address={Dordrecht},
  publisher={Foris}
}

@phdthesis{DeVogelaer2005,
  author = {De Vogelaer, Gunther},
  title = {Subjects markering in de {N}ederlandse en {F}riese dialecten},
  school={Ghent University},
  year = {2005}
}

@incollection{Rizzi2006,
  address = {Cambridge},
  author = {Rizzi, Luigi},
  booktitle = {Wh-movement: moving on},
  editor = {Cheng, Lisa Lai-Shen and Corver, Norbert},
  pages = {97--134},
  publisher = {MIT Press},
  title = {On the form of chains: {C}riterial positions and {ECP} effects},
  year = {2006}
}

@incollection{GuptonEtAl2014,
  author={Gupton, Timothy and Lowman, Sarah},
  year={2014},
  title={An {F} projection in {Cibeño Dominican Spanish}},
  editor={Amaro, Jennifer and Lord, Gillian and de Prada Pérez, Ana and Aaron, Jessi},
  booktitle={Proceedings of the 16th Hispanic Linguistics Symposium},
  pages={338--348},
  address={Sommerville, MA}
}

@phdthesis{Phan2013,
  author = {Phan, Trang},
  title = {Syntax of {V}ietnamese Aspect},
  school={University of Sheffield},
  year = {2013}
}

@incollection{Duffield2013,
  address = {Berlin},
  author = {Duffield, Nigel},
  booktitle = {Linguistics of {V}ietnamese: an International Survey},
  editor = {Hole, Daniel and Löbel, Elisabeth},
  pages = {127--155},
  publisher = {de Gruyter Mouton},
  title = {Head-First: {O}n the head-initiality of {V}ietnamese clauses},
  year = {2013}
}

@incollection{Hellan1981,
  author={Hellan, Lars},
  year={1981},
  title={On semantic scope},
  editor={Heny, Frank},
  booktitle={Ambiguities in Intensional Contexts},
  pages={47--81},
  address={Dordrecht},
  publisher={D. Reidel Publishing Company}
}

@article{Farkas2002,
  author = {Farkas, Donka},
  journal = {Journal of Semantics},
  pages = {213--243},
  title = {Specificity distinction},
  volume = {19},
  year = {2002}
}

@incollection{Ladusaw1994,
  author={Ladusaw, William},
  year={1994},
  title={Thetic and categorical, stage and individual, weak and strong},
  editor={Harvey, Mandy and Santelmann, Lynn},
  booktitle={Proceedings of {SALT IV}},
  pages={220--229},
  publisher={Cornell University, Department of Modern Languages and Linguistics},
  address={Ithaca, NY}
}

@book{Mohr2005,
  title = {Clausal architecture and subject positions: {I}mpersonal constructions in the {G}ermanic languages},
  author = {Mohr, Sabine},
  publisher = {John Benjamins},
  year = {2005}
}

@book{Bolinger1977,
  address = {London},
  author = {Bolinger, Dwight},
  publisher = {Longman},
  title = {Meaning and form},
  year = {1977}
}

@article{Bartra-Kaufmann2011,
  title = {Recycled neuter expletive pronouns and the nature of the left periphery: ell and relatives revisited},
  author = {Bartra-Kaufmann, Anna},
  journal = {Catalan Journal of Linguistics},
  volume={10},
  year = {2011}
}

@article{BullockEtAl2009,
  author = {Bullock, Barbara and Toribio, Almeida Jacqueline},
  journal = {Revista Internacional de Linguistica Iberoamericana},
  pages = {49--73},
  title = {Reconsidering {D}ominican {S}panish: {D}ata from the rural {C}ibao},
  volume = {14},
  year = {2009}
}

@phdthesis{Martínez2011,
  title = {Null and overt subjects in a variable system: {T}he case of {D}ominican {S}panish},
  author = {Martínez Sanz, Cristina},
  school = {University of Ottawa},
  year = {2011}
}

@article{Muñoz2014,
  author={Muñoz Pérez, Carlos},
  year={2014},
  title={Dominican ello as a non-deleted null expletive},
  journal={An International Journal of Hispanic Linguistics},
  volume={3},
  pages={155--161}
}

@incollection{HinzelinEtAl2007,
  author={Hinzelin, Marc-Oliver and Kaiser, Georg},
  year={2007},
  title={El pronombre ello en el léxico del español dominicano},
  editor={Mihatsch, Wiltrud and Sokol, Monika},
  booktitle={Language Contact and Language Change in the Caribbean and beyond / Lenguas en contacto y cambio lingüístico en el Caribe y más allá},
  pages={171--188},
  address={Frankfurt am Main},
  publisher={Peter Lang}
}

@incollection{MartínEtAl1999,
  address = {Madrid},
  author = {Martín Zorraquino, Maria Antonia  and  Portóles Lázaro, José},
  booktitle = {Gramática Descriptiva de la lengua española},
  editor = {Bosque, Ignacio and Violeta Demonte},
  pages = {4051--4213},
  publisher = {Espasa},
  title = {Los marcadores del discurso},
  year = {1999}
}

@incollection{Dao2012,
  author={Dao, Huy Linh},
  year={2012},
  title={Intransitivité scindée, passif et sujet impersonnel en vietnamien},
  editor={Radimský, Jan},
  booktitle={Actes du 31e {Colloque International sur le Lexique et la Grammaire}},
  pages={49--55},
  publisher={Université de Bohême du Sud à České Budějovice}
}

@misc{NguyenEtAl2011,
  author = {Nguyen, Van Hiep  and  Nguyen, Hoang Thuy},
  title = {V\`{ê} chủ ngư giả trong ti\'{ê}ng Viẹt ({D}ummy subjects in {V}ietnamese)},
  note={Paper presented at International Conference on Linguistics Training and Research in Vietnam, {11\textsuperscript{th}} November, Hà Nọi},
  year = {2011}
}

@article{OtheguyEtAl2007,
  author = {Otheguy, Ricardo and Zentella, Ana  and  Livert, David},
  journal = {Language},
  pages = {770--802},
  title = {Language and dialect contact in {S}panish in {N}ew {Y}ork: {T}oward the formation of a speech community},
  volume = {83},
  year = {2007}
}

@book{Borer2005,
  address = {Oxford},
  author = {Borer, Hagit},
  publisher = {Oxford University Press},
  title = {Structuring Sense},
  year = {2005}
}

@misc{Cabredo2010,
  author = {Cabredo Hofherr, Patricia},
  title = {Binding properties of impersonal human pronouns in generic and episodic contexts. Paper presented at the {Workshop on impersonal human pronouns}, Université Paris VIII, Paris, France. Available at} ,
  url = {http://docplayer.net/3847139-Binding-properties-of-impersonal-human-pronouns-in-generic-and-episodic-contexts-1.html},
  year = {2010}
}

@article{Chierchia1998,
  author = {Chierchia, Gennaro},
  journal = {{Natural Language Semantics}},
  pages = {339–405},
  title = {Reference to kinds across languages},
  volume = {6},
  year = {1998}
}

@article{Cinque1988,
  author = {Cinque, Guglielmo},
  journal = {{Linguistic Inquiry}},
  pages = {521-581},
  title = {On \emph{Si} Constructions and the Theory of \emph{Arb}},
  volume = {19},
  year = {1988}
}

@article{DAlessandro2003,
  author = {D’Alessandro, Roberta  and  Artemis Alexiadou},
  journal = {{Rivista di Grammatica Generativa}},
  pages = {31-44},
  title = {Inclusive and exclusive impersonal pronouns: A feature-geometrical analysis},
  volume = {27},
  year = {2003}
}

@book{DAlessandro2007,
  address = {Berlin},
  author = {D’Alessandro, Roberta},
  publisher = {Mouton de Gruyter},
  title = {Impersonal \emph{si} Constructions. {A}greement and interpretation},
  year = {2007}
}

@article{Egerland2003,
  author = {Egerland, Verner},
  journal = {{Working Papers in Scandinavian Syntax}},
  pages = {75-102},
  title = {Impersonal Pronouns in Scandinavian and Romance},
  volume = {71},
  year = {2003a}
}

@article{Egerland2003,
  author = {Egerland, Verner},
  journal = {{Venice Working Papers in Linguistics}},
  pages = {73-91},
  title = {Impersonal \emph{man} and Aspect in Swedish},
  volume = {13},
  year = {2003b}
}

@misc{Egerland2005,
  author = {Egerland, Verner},
  title = {Impersonal Pronouns in Scandinavian and Romance},
  note={Ms. Lund University},
  year = {2005}
}

@article{Hoekstra2010,
  author = {Hoekstra, Jarich},
  journal = {{Journal of Comparative German Linguistics}},
  pages = {31–59},
  title = {On the impersonal pronoun \emph{men} in Modern West Frisian},
  volume = {13},
  year = {2010}
}

@incollection{Holmberg2009,
  address = {Cambridge},
  author = {Holmberg, Anders},
  booktitle = { {Parametric variation: Null subjects in minimalist theory},},
  editor = {T. Biberauer and A. Holmberg and I. Roberts and M. Sheehan},
  pages = {200-230},
  publisher = {Cambridge University Press},
  title = {The null generic pronoun in Finnish: a case of incorporation in T},
  year = {2009}
}

@article{É.Kiss1998,
  author = {É. Kiss, Katalin},
  journal = { {Language}},
  pages = {245-273},
  title = {Identificational focus versus information focus},
  volume = {74},
  year = {1998}
}

@misc{Jónsson1992,
  author = {Jónsson, Jóhannes Gísli},
  title = {The Pronoun Maður in Icelandic. Ms. University of Massachusetts, Amherst},
  year = {1992}
}

@book{Kayne1975,
  address = {Cambridge, Massachusetts},
  author = {Kayne, Richard},
  publisher = {MIT Press},
  title = {French Syntax: {T}he Transformational Cycle},
  year = {1975}
}

@article{Kratzer2009,
  author = {Kratzer, Angelica},
  journal = { {Linguistic Inquiry}},
  pages = {187-237},
  title = {Making a Pronoun: Fake Indexicals as Windows into the Properties of Pronouns},
  volume = {40},
  year = {2009}
}

@misc{Malamud2006,
  author = {Malamud, Sophia},
  title = {Semantics and Pragmatics of Arbitrariness. Ph.D. Dissertation, University of Pennsylvania},
  year = {2006}
}

@article{Malamud2012,
  author = {Malamud, Sophia},
  journal = { {Journal of Comparative Germanic Linguistics}},
  pages = {1-48},
  title = {Impersonal indexicals: \emph{one}, \emph{you}, \emph{man}, and \emph{du}},
  volume = {15},
  year = {2012}
}

@article{Sportiche1988,
  author = {Sportiche, Dominique},
  journal = { {Linguistic Inquiry}},
  pages = {425-449},
  title = {A Theory of Floating Quantifiers and Its Corollaries for Constituent Structure},
  volume = {19},
  year = {1988}
}

@incollection{Chierchia1995,
  author = {Chierchia, Gennaro},
  year={1995},
  title={The Variability of Impersonal Subjects},
  editor={Bach, Emmon and Eloise Jelinek and Angelika Kratzer and {Barbara H.} Partee},
  booktitle={Quantification in Natural Languages},
  publisher={Kluwer},
  address={Dordrecht},
  pages={107--143}
}

@misc{Kratzer1997,
  author = {Kratzer, Angelika},
  title = {German Impersonal Pronouns and Logophoricity},
  note={Paper presented at \emph{Sinn und Bedeutung}, Berlin 1997, and \emph{Generic Pronouns and Logophoricity}, São Paolo 2000},
  url={http://semanticsarchive.net/Archive/WViZTE1M/Impersonal%20Pronouns%20&%20Logophoricity.pdf},
  year = {1997}
}

@incollection{Travis2000,
  author={Travis, Lisa},
  year={2000},
  title={Event Structure in Syntax},
  editor={C. Tenny and J. Pustejovsky},
  booktitle={Events as Grammatical Objects: the converging perspectives of lexical semantics and syntax},
  publisher={CSLI},
  address={Palo Alto},
  pages={145--185}
}

@incollection{VallduvíVilkuna1998,
  author={Vilkuna, Enric and Maria Vilkuna},
  year={1998},
  title={On rheme and contrast},
  booktitle={The Limits of Syntax},
  editor={Culicover Peter and Louise McNally},
  pages={79--108},
  series={Syntax \& Semantics},
  number={29},
  address={San Diego},
  publisher={Academic Press}
}

@article{Sigurðsson2009,
  pages = {158--185},
  title = {Impersonal null-subjects in Icelandic and elsewhere},
  volume = {63},
  number={1},
  year = {2009},
  author={Sigurðsson, Halldor Armann and Verner Egerland}
}

@misc{Zobel2011,
  author = {Zobel, Sarah},
  title = {Against a purely feature based analysis of pronominal meaning. Poster presented at 34\textsuperscript{th} annual GLOW-colloquium, Vienna, Austria},
  year = {2011}
}

@article{Holmberg2002Expletives,
  author={Holmberg, Anders},
  year={2002},
  title={Expletives and Agreement in {S}candinavian Passives},
  journal={Journal of Comparative Germanic Linguistics},
  volume={4},
  pages={85--128}
}

@misc{Babby1998,
  author={Babby, L. H.},
  year={1998},
  title={Voice and diathesis in {S}lavic},
  note={Position paper at the Comparative Slavic Morphosyntax conference in Bloomington, Indiana, 5-7 June 1998}
}

@incollection{Bianchi2003,
  author={Bianchi, V.},
  year={2003},
  title={On finiteness as logophoric anchoring},
  editor={Guéron, J. and Tasmovski, L.},
  booktitle={Tense and point of view},
  address={Nanterre},
  publisher={Université Paris X},
  pages={213--246}
}

@article{Blevins2003,
  author={Blevins, J},
  year={2003},
  title={Passives and impersonals},
  journal={Journal of Linguistics},
  volume={39},
  number={3},
  pages={473--520}
}

@article{BondarukEtAl2003,
  author={Bondaruk, A. and Charzyńska-Wójcik, M.},
  year={2003},
  title={Expletive pro in impersonals passives in {Irish, Polish and Old English}},
  journal={Linguistische Berichte},
  volume={195},
  pages={325--362}
}

@article{Brajerski1979,
  author={Brajerski, Tadeusz},
  year={1979},
  title={Geneza orzeczen typu (z)jedzono i (wy)pito},
  journal={Język polski},
  volume={59},
  number={2},
  pages={84--98}
}

@article{FassiFehri2009,
  author={Fassi Fehri, A.},
  year={2009},
  title={Arabic silent pronouns, person and voice},
  journal={Brill’s Annual of Afroasiatic Languages and Linguistics},
  volume={1},
  pages={1--38}
}

@thesis{Anand2006,
  author = {Anand, Pranav},
  title = {De de se},
  type = {Doctoral dissertation},
  school={MIT},
  year = {2006}
}

@book{Baker2003,
  address = {Cambridge University Press},
  author = {Baker, Mark C.},
  publisher = {Cambridge},
  title = {Lexical Categories: Verbs, Nouns, and Adjectives},
  year = {2003}
}

@book{Banfield1982,
  address = {Boston},
  author = {Banfield, Ann},
  publisher = {Routledge \& Kegan Paul},
  title = {Unspeakable sentences},
  year = {1982}
}

@book{Benveniste1966,
  address = {Paris},
  author = {Benveniste, Émile},
  publisher = {Gallimard [English translation by Mary E. Meek published 1971 as Problems in general linguistics. Cora Gables, FA]},
  title = {Problèmes de linguistique générale, Vol. 1},
  year = {1966}
}

@article{Bianchi2006,
  author = {Bianchi, Valentina},
  journal = {Lingua},
  pages = {2023–2067},
  title = {On the syntax of personal arguments},
  volume = {116},
  year = {2006}
}

@article{Bobaljik2008,
  author = {Bobaljik, Jonathan},
  journal = {The Linguistic Review},
  pages = {203–230},
  title = {Missing persons: A case study in morphological universals},
  volume = {25},
  year = {2008}
}

@book{Bühler1934,
  address = {Amsterdam},
  author = {Bühler, Karl},
  publisher = {John Benjamins]},
  title = {Sprachtheorie: Die Darstellungsfunktion der Sprache. Jena: G. Fischer [English translation by Donald Goodwin published 1990 as Theory of language: The representational function of language},
  year = {1934}
}

@book{Chomsky1957,
  address = {The Hague},
  author = {Chomsky, Noam},
  publisher = {Mouton},
  title = {Syntactic Structures},
  year = {1957}
}

@article{Clements1975,
  author = {Clements, George N},
  journal = {Journal of West African Languages},
  pages = {141–177},
  title = {The logophoric pronoun in Ewe: Its role in discourse},
  volume = {10},
  year = {1975}
}

@book{CollinsPostak2012,
  address = {Cambridge, MA},
  author = {Collins, Chris  and  Paul Postal},
  publisher = {MIT Press},
  title = {Imposters: {A} study of pronominal agreement},
  year = {2012}
}

@article{Crow1998,
  author = {Crow, Timothy J},
  journal = {British Journal of Psychiatry},
  pages = {303–309},
  title = {Nuclear schizophrenic symptoms as a window on the relationship between thought and speech},
  volume = {173},
  year = {1998}
}

@article{Crow2004,
  author = {Crow, Timothy J},
  journal = {Cognitive Neuropsychiatry},
  pages = {125–145},
  title = {Auditory hallucinations as primary disorders of syntax: An evolutionary theory of the origins of language},
  volume = {9},
  year = {2004}
}

@book{Cysouw2003,
  address = {Oxford},
  author = {Cysouw, Michael},
  publisher = {Oxford University Press},
  title = {The paradigmatic structure of person marking},
  year = {2003}
}

@book{Elbourne2005,
  address = {Cambridge, MA},
  author = {Elbourne, Paul D.},
  publisher = {MIT Press},
  title = {~Situations and individuals},
  year = {2005}
}

@article{Frascarelli2007,
  author = {Frascarelli, Mara},
  journal = {Natural Language \& Linguistic Theory},
  pages = {691–734},
  title = {Subjects, topics and the interpretation of referential pro. An interface approach to the linking of (null) pronouns},
  volume = {25},
  year = {2007}
}

@article{Giorgi2006,
  author = {Giorgi, Alessandra},
  journal = {Natural Language \& Linguistic Theory},
  pages = {1009–1047},
  title = {From temporal anchoring to long distance anaphors},
  volume = {24},
  year = {2006}
}

@book{Giorgi2010,
  address = {Oxford},
  author = {Giorgi, Alessandra},
  publisher = {Oxford University Press},
  title = {About the Speaker: Towards a Syntax of Indexicality},
  year = {2010}
}

@article{Haddad2014,
  author = {Haddad, Youssef A},
  journal = {Lingua},
  pages = {65–103},
  title = {Attitude datives in Lebanese Arabic and the interplay of syntax and pragmatics},
  volume = {145},
  year = {2014}
}

@article{Holmberg2010,
  author = {Holmberg, Anders},
  journal = {Newcastle Working Papers in Linguistics},
  pages = {57–65},
  title = {How to refer to yourself when talking to yourself},
  volume = {16},
  year = {2010}
}

@article{Julien2015,
  author = {Julien, Marit},
  journal = {Journal of Comparative Germanic Linguistics},
  pages = {139–181},
  title = {The force of v2 revisited},
  volume = {18},
  year = {2015}
}

@article{Kratzer2009,
  author = {Kratzer, Angelika},
  journal = {Linguistic Inquiry},
  pages = {187–237},
  title = {Making a pronoun: fake indexicals as windows into the properties of pronouns},
  volume = {40},
  year = {2009}
}

@article{Kuno1977,
  author = {Kuno, Susumu  and  Etsuku Kaburaki},
  journal = {Linguistic Inquiry},
  pages = {627–672},
  title = {Empathy and Syntax},
  volume = {8},
  year = {1977}
}

@book{Landau2013,
  address = {Cambridge},
  author = {Landau, Idan},
  publisher = {Cambridge University Press},
  title = {~Control in Generative Grammar: A Research Companion},
  year = {2013}
}

@book{Lyons1968,
  address = {Cambridge},
  author = {Lyons, John},
  publisher = {Cambridge University Press},
  title = {Introduction to theoretical linguistics},
  year = {1968}
}

@article{Maling1984,
  author = {Maling, Joan},
  journal = {Linguistics and Philosophy},
  pages = {211–241},
  title = {Non-clause bounded reflexives in Icelandic},
  volume = {7},
  year = {1984}
}

@article{Martín2014,
  author = {Martín, Txsuss   and  Wolfram Hinzen},
  journal = {Lingua},
  pages = {95–117},
  title = {The grammar of the essential indexical},
  volume = {148},
  year = {2014}
}

@article{Partee1973,
  author = {Partee, Barbara},
  journal = {The Journal of Philosophy},
  pages = {601–609},
  title = {Some structural analogies between tenses and pronouns in English},
  volume = {70},
  year = {1973}
}

  Postal, Paul. 1966. On so-called ‘pronouns’ in English. In Report on the
  seventeenth annual round table meeting on linguistics and language studies,
  ed. by F. Dinneen, 177–206. Washington, D.C.: Georgetown University Press.

@book{Reichenbach1947,
  address = {New York},
  author = {Reichenbach, Hans},
  publisher = {Macmillan Co},
  title = {Elements of Symbolic Logic},
  year = {1947}
}

@article{Rullmann2004,
  author = {Rullmann, Hotze},
  journal = {Linguistic Inquiry},
  pages = {159–168},
  title = {First and second person pronouns as bound variables},
  volume = {35},
  year = {2004}
}

@article{Schlenker2003,
  author = {Schlenker, Philippe},
  journal = {Linguistics and Philosophy},
  pages = {29–120},
  title = {A plea for monsters},
  volume = {26},
  year = {2003}
}

@article{Sells1987,
  author = {Sells, Peter},
  journal = {Linguistic Inquiry},
  pages = {445–479},
  title = {Aspects of logophoricity},
  volume = {18},
  year = {1987}
}

@book{Siewierska2004,
  address = {Cambridge},
  author = {Siewierska, Anna},
  publisher = {Cambridge University Press},
  title = {Person},
  year = {2004}
}

@article{Sigurðsson2004,
  author = {Sigurðsson, Halldór Ármann},
  journal = {Italian Journal of Linguistics},
  pages = {219–251},
  title = {The syntax of Person, Tense, and speech features},
  volume = {16},
  year = {2004}
}

@article{Sigurðsson2008,
  author = {Sigurðsson, Halldór Ármann},
  journal = {Natural Language \& Linguistic Theory},
  pages = {403–450},
  title = {The case of PRO},
  volume = {26},
  year = {2008}
}

@article{Sigurðsson2010,
  author = {Sigurðsson, Halldór Ármann},
  journal = {Studia Linguistica},
  pages = {159–189},
  title = {On EPP effects},
  volume = {64},
  year = {2010b}
}

@article{Sigurðsson2011,
  author = {Sigurðsson, Halldór Ármann},
  journal = {Linguistic Inquiry},
  pages = {267–304},
  title = {Conditions on argument drop},
  volume = {42},
  year = {2011}
}

@article{Sigurðsson2014,
  author = {Sigurðsson, Halldór Ármann},
  journal = {Language Sciences},
  pages = {175–188},
  title = {Context-linked Grammar},
  volume = {43},
  year = {2014}
}

@book{Sigurðsson2016,
  address = {Amsterdam},
  author = {Sigurðsson,  Halldór Ármann},
  publisher = {John Benjamins},
  title = {The Split T Analysis. To appear in Finiteness Matters, ed. by Kristine Melum Eide},
  year = {2016}
}

@thesis{Sundaresan2012,
  author = {Sundaresan, Sandhya},
  title = {Context and Co(referene) in syntax and its interfaces},
  type={Doctoral dissertation},
  school={University of Tromsø \& Universität Stuttgart},
  year = {2012}
}

@book{Thráinsson2007,
  address = {Cambridge},
  author = {Thráinsson, Höskuldur},
  publisher = {Cambridge University Press},
  title = {The Syntax of Icelandic},
  year = {2007}
}

@article{Wood2011,
  author = {Wood, Jim  and  Einar Sigurðsson},
  journal = {Working Papers in Scandinavian Syntax},
  pages = {81–130},
  title = {Icelandic verbal agreement and pronoun-antecedent relations},
  volume = {88},
  year = {2011}
}

@misc{Vergnaud1974,
  address = {Cambridge, Mass.},
  author = {Vergnaud, J.-R.},
  publisher = {M.I.T.},
  title = {French Relative Clauses},
  note = {Doctoral dissertation},
  year = {1974}
}

@book{Kayne1994,
  address = {Cambridge, MA},
  author = {Kayne, R.},
  publisher = {MIT Press},
  title = {The Antisymmetry of Syntax},
  year = {1994}
}

@incollection{Kayne1999,
  address = {New York},
  author = {Kayne, R. S.},
  booktitle = {Parameters and Universals},
  editor = {????},
  pages = {282-313},
  publisher = {Oxford University Press},
  title = {Prepositional Complementizers as Attractors},
  year = {1999}
}

@incollection{Chomsky2001,
  address = {Cambridge, MA},
  author = {Chomsky, Noam},
  booktitle = {Ken Hale: A life in language,  ,},
  editor = {Michael Kenstowicz},
  pages = {1–52},
  publisher = {The MIT Press},
  title = {Derivation by phase},
  year = {2001}
}

@incollection{Chomsky2004,
  address = {Oxford},
  author = {Chomsky, Noam},
  booktitle = {Structures and beyond: The cartography of syntactic structure, Vol. 3,},
  editor = {Adriana Belletti},
  pages = {104–131},
  publisher = {Oxford University Press},
  title = {Beyond explanatory adequacy},
  year = {2004}
}

@incollection{Rizzi1997,
  address = {Dordrecht},
  author = {Rizzi, Luigi},
  booktitle = {Elements of grammar: Handbook in generative syntax,},
  editor = {Liliane Haegeman},
  pages = {281–337},
  publisher = {Kluwer},
  title = {The fine structure of the left periphery},
  year = {1997}
}

@incollection{Ross1970,
  address = {Waltham, MA},
  author = {Ross, John R},
  booktitle = {Readings in English transformational grammar.},
  editor = {Roderick Jacobs and Peter Rosenbaum},
  pages = {222–277},
  publisher = {Ginn \& Co},
  title = {On declarative sentences},
  year = {1970}
}

@incollection{Sigurðsson1990,
  address = {San Diego},
  author = {Sigurðsson, Halldór Ármann},
  booktitle = {Modern Icelandic syntax,},
  editor = {Joan Maling and Annie Zaenen},
  pages = {309–346},
  publisher = {Academic Press},
  title = {Long distance reflexives and moods in Icelandic},
  year = {1990}
}

@incollection{Sigurðsson2010,
  address = {Amsterdam},
  author = {Sigurðsson, Halldór Ármann},
  booktitle = {Mood Systems in the Languages of Europe,},
  editor = {Björn Rothstein and Rolf Thieroff},
  pages = {33–55},
  publisher = {John Benjamins},
  title = {Mood in Icelandic},
  year = {2010}
}

@incollection{Sigurðsson2008,
  address = {Berlin},
  author = {Sigurðsson, Halldór Ármann  and  Anders Holmberg},
  booktitle = {Agreement Restrictions,},
  editor = {Roberta D’Alessandro and Susann Fischer and Gunnar Hrafnbjargarson},
  pages = {251–279},
  publisher = {Mouton de Gruyter},
  title = {Icelandic Dative Intervention: Person and Number are separate probes},
  year = {2008}
}

@incollection{Tenny2003,
  address = {Amsterdam},
  author = {Tenny, Carol L.  and  Margaret Speas},
  booktitle = {Asymmetry in Grammar, Vol. 1 Syntax and semantics,},
  editor = {Anna Maria Di Sciullo},
  pages = {315–344},
  publisher = {John Benjamins},
  title = {Configurational properties of point of view roles},
  year = {2003}
}

@incollection{Anand2004,
  address = {Ithaca, NY},
  author = {Anand, Pranav, and Andrew Nevins},
  booktitle = {Proceedings of the 14th Conference on Semantics and Linguistic Theory.},
  editor = {Kazuha Watanabe and Robert B. Young},
  pages = {20–37},
  publisher = {CLC Publications},
  title = {Shifty operators in changing contexts},
  year = {2004}
}

@incollection{Boas1911,
  series = {Bureau  of American  Ethnology Bulletin},
  number={40},
  author = {Boas, Franz},
  booktitle = {Handbook of American Indian Languages},
  editor = {Franz Boas},
  pages = {1–83},
  title = {Introduction},
  year = {1911},
  url={http://hdl.handle.net/10088/15507}
}

@incollection{Chierchia1989,
  address = {Dordrecht},
  author = {Chierchia, Gennaro},
  booktitle = {Semantics and contextual expressions,},
  editor = {Renate Bartsch, Johan van Benthem and Peter {van Emde Boas}},
  pages = {1-31},
  publisher = {Foris},
  title = {Anaphora and attitudes de se},
  year = {1989}
}

@article{Jayaseelan1998,
  author = {Jayaseelan, K. A},
  journal = {The Yearbook of South Asian Languages and Linguistics},
  pages = {11–27},
  title = {Blocking effects and the syntax of Malayalam Taan},
  volume = {1998},
  year = {1998}
}

@incollection{Thráinsson1976,
  author = {Thráinsson, Höskuldur},
  booktitle = {Papers from the Sixth Meeting of the North Eastern Linguistic Society.},
  editor = {Alan Ford and  John Reighard and Rajendra Singh},
  pages = {225–239},
  title = {Reflexives and subjunctives in Icelandic},
  year = {1976},
  series = {Montreal Working Papers in Linguistics},
  number = {6}
}

@incollection{Thráinsson1990,
  address = {San Diego},
  author = {Thráinsson, Höskuldur},
  booktitle = {Modern Icelandic Syntax,},
  editor = {Joan Maling and Annie Zaenen},
  pages = {289–307},
  publisher = {Academic Press},
  title = {A semantic reflexive in Icelandic},
  year = {1990}
}

@phdthesis{Sigurjónsdóttir1992,
  author={Sigurjónsdóttir, Sigríður},
  year = {1992},
  title = {Binding in Icelandic: Evidence from Language Acquisition},
  school = {UCLA}
}

@misc{Bianchi2003,
  author = {Bianchi, Valentina},
  title = {On the syntax of personal arguments},
  year = {2003},
  note = {Paper presented at XXIX Incontro di Grammatica Generativa, Urbino, February 13-15, 2003.}
}

@incollection{FrascarelliHinterhölzl2007,
	author = {Frascarelli, Mara and Hinterhölzl, Roland},
	booktitle = {On information structure, meaning and form},
	editor = {Schwabe, Kerstin and Winkler, Susanne},
	pages = {87-116},
	publisher = {John Benjamins},
	title = {Types of topics in {G}erman and {I}talian},
	year = {2007}
}



@incollection{RobertsHolmberg2010,
	address = {Cambridge},
	author = {Roberts, Ian and Holmberg, A.},
	booktitle = {{Parametric Variation. Null Subjects in Minimalist Theory}},
	editor = {Biberauer, Theresa and Holmberg, Anders and Roberts, Ian and Sheehan, Michelle},
	pages = {1–57},
	publisher = {Cambridge University Press},
	title = {Introduction: parameters in minimalist theory},
	year = {2010}
}

@article{HarleyRitter2002,
	author = {Harley, Heidi and Ritter, E.},
	number = {3},
	pages = {482-526},
	title = {Person and number in pronouns: a feature-geometric analysis}, 
    journal = {Language},
	volume = {78},
	year = {2002}
}


@incollection{Siewierska1988,
	address = {Amsterdam},
	author = {Siewierska, A.},
	booktitle = {Passive and Voice},
	editor = {Shibatani, M.},
	pages = {243-289},
	publisher = {John Benjamins},
	title = {The passive in Slavic},
	year = {1988}
}


@article{Lavine2005,
	author = {Lavine, J. E.},
	journal = {Journal of Slavic Linguistics},
	number = {1},
	pages = {75-117},
	title = {The morphosyntax of {Polish} and {Ukrainian} -NO/-TO},
	volume = {13},
	year = {2005}
}

@article{Fehri2009,
	author = {{Fassi Fehri}, A.},
	journal = {Brill’s Annual of {Afroasiatic} Languages and Linguistics},
	pages = {1-38},
	title = {{Arabic} silent pronouns, person and voice},
	volume = {1},
	year = {2009}
}


@article{Blevins2003,
	author = {Blevins, J.},
	number = {3},
	pages = {473-520},
	title = {Passives and impersonals},
    journel = {Journal of Linguistics},
	volume = {39},
	year = {2003}
}

@article{Wierzbicka1966,
	author = {Wierzbicka, A.},
	journal = {Język polski},
	number = {3},
	pages = {177-196},
	title = {Czy istnieja zdania bezpodmiotowe},
	volume = {46},
	year = {1966}
}



@book{Sundman1987,
	address = {Åbo},
	author = {Sundman, Marketta},
	publisher = {Åbo Akademis förlag},
	title = {Subjektsval och diates i svenskan [Subject choice and diathesis in {Swedish}]},
	year = {1987}
}


@misc{Engdahl1999,
	author = {Engdahl, Elisabet},
	number = {3},
	series = {Nordsem Report},
	title = {{The choice between \emph{bli-}passive and \emph{s}{}-passiv in Danish, Norwegian and Swedish}},
	url = {http://www.svenska.gu.se/digitalAssets/1336/1336829_engdahl-nordsem-passivechoice-1999.pdf},
	year = {1999}
}

@incollection{Engdahl2006,
	address = {Amsterdam \& Philadelphia},
	author = {Engdahl, Elisabet},
	booktitle = {{Demoting the Agent. Passive, middle and other voice phenomena}},
	editor = {Lyngfelt B. and Solstad, T.},
	pages = {21–45},
	publisher = {John Benjamins},
	title = {{Semantic and syntactic patterns in Swedish passives}},
	year = {2006}
}

@article{DeCuypereEtAl2014,
	author = {{De Cuypere}, Ludovic  and Baten, Kristof  and Rawoens, Gudrun},
	journal = {Nordic Journal of Linguistics},
	pages = {199–223},
	title = {{A corpus-based analysis of the Swedish passive alternation}},
	volume = {37},
	year = {2014}
}


@misc{Hedlund1992,
	author = {Hedlund, Cecilia},
	title = {On Participles}, 
    note = {Diss.}, 
    publisher = {Department of Linguistics, University of Stockholm},
	year = {1992}
}


@article{Larsson2012,
	author = {Larsson, Ida},
	journal = {Språk och stil},
	number = {2},
	pages = {27–61},
	title = {Inte helt passiv: konstruktion med \emph{få}  + particip i tal och skrift [Not completely passive: constructions with \emph{få} + participle in speech and writing]},
	volume = {22},
	year = {2012}
}


@article{EngdahlLaanemets2015a,
	author = {Engdahl, Elisabet  and Laanemets, Anu},
	journal = {{Nordic Journal of Linguistics}},
	pages = {285–337},
	title = {Prepositional passives in Danish, Norwegian and Swedish. A corpus analysis},
	volume = {38},
	year = {2015}
}



@article{EngdahLaanemetsl2015b,
	author = {Engdahl, Elisabet  and Laanemets, Anu},
	journal = {Norsk Lingvistisk Tidsskrift},
	number = {2},
	pages = {129–156},
	title = {Opersonlig passiv i danska, norska och svenska – en korpusstudie},
	volume = {33},
	year = {2015b}
}


@misc{Laanemets2012,
	author = {Laanemets, Anu},
	title = {{Passiv i moderne dansk, norsk og svensk. Et korpusbaseret studie af tale- og skriftsprog}}, 
    note = {Diss.}, 
    institution = {Tartu Universitet},
	url = {http://dspace.utlib.ee/dspace/bitstream/handle/10062/27711/laanemets\_anu.pdf},
	year = {2012}
}



@incollection{HeltoftJakobsen1996,
	address = {Amsterdam \& Philadelphia},
	author = {Heltoft, Lars and Falster Jakobsen, Lisbeth},
	booktitle = {{Content, Expression and Structure: Studies in Danish Functional Grammar}},
	editor = {Engberg-Pedersen, Elisabeth and  Fortescue, Michael and Harder, Peter and Heltoft, Lars and Falster Jakobsen, Lisbeth},
	pages = {199–234},
	publisher = {John Benjamins},
	title = {Danish passives and subject positions as a mood system. {A} content analysis},
	year = {1996}
}

@book{HansenHeltoft2011,
	address = {København},
	author = {Hansen, Erik  and Heltoft,  Lars},
	publisher = {Det Danske Sprog- og Litteraturselskab},
	title = {{Grammatik over det Danske}},
	year = {2011}
}

@inproceedings{JohannessenEtAl2009,
	author = {Johannessen, Janne Bondi and Priestley, Joel and Hagen, Kristin and Åfarli, Tor Anders and  Vangsnes, Øystein Alexander},
	booktitle = {{Proceedings of the 17th Nordic Conference of Computational Linguistics NODALIDA 2009}}, 
    series= {NEALT Proceedings},
    volume = {4},
	editor = {Jokinen, Kristiina and Bick, Eckhard},
	title = {{The Nordic Dialect Corpus – an Advanced Research Tool}},
	year = {2009}
}
@incollection{Pedersen2017,
    note = {in preparation},
	address = {København},
	author = {Pedersen, Karen Margrethe},
	booktitle = {Dansk Sproghistorie [History of the Danish Language]},
	publisher = {Det Danske Sprog- og Litteraturselskab},
	title = {Simple {der-}konstruktioner},
	year = {2017}
}

@inproceedings{Høysgaard1752,
	address = {København},
	author = {Høysgaard, Jens},
	publisher = {Det Danske Sprog- og Litteraturselskab},
	title = {Metodisk Forsøg til en fuldstændig Dansk Syntax},
    booktitle = {Danske Grammatikere}, 
    volume = {V},
	year = {1752[1979]}
}



@book{Mikkelsen1894,
	address = {København},
	author = {Mikkelsen, Kristian},
	publisher = {Lehmann \& Stage},
	title = {{Dansk Sproglære med sproghistoriske Tillæg. Haandbog for Lærere og Viderekomne}},
	year = {1894}
}



@book{Mikkelsen1911,
	address = {København},
	author = {Mikkelsen, Kristian},
	publisher = {Hans Reitzels forlag},
	title = {{Dansk Ordföjningslære}},
	year = {1911[1975]}
}



@incollection{Pedersen2013,
	address = {Aarhus},
	author = {Pedersen, Karen Margrethe},
	booktitle = {{Gode ord er bedre end guld. Festskrift til Henrik Jørgensen}},
	pages = {337–355},
	publisher = {Aarhus universitet},
	title = {Brugen av \emph{s-}passiv i traditionelt bornholmsk [The use of \emph{s-}passive in the traditional Bornholm dialect]},
	year = {2013}
}

@article{GrimstadEtAl2014,
	author = {Grimstad, Maren Berg and Lohndal, Terje and Åfarli, Tor A.},
	journal = {Nordlyd},
	pages = {213-237},
	title = {Language mixing and exoskeletal theory: A case study of word-internal mixing in {American Norwegian}},
	volume = {41},
    number = {2},
	year = {2014}
}

@article{Engels2012,
	author = {Engels, Eva},
	journal = {Syntax},
	pages = {109–141},
	title = {Scandinavian Negative Indefinites and Cyclic Linearization},
	volume = {15},
	year = {2012}
}
@book{TelemanEtAl1999,
	address = {Stockholm},
	author = {Teleman, Ulf and Hellberg, Staffan  and  Andersson, Erik},
	publisher = {Norstedts},
	title = {{Svenska Akademiens grammatik}},
	year = {1999}
}




@article{Lødrup1989,
	author = {Lødrup, Helge},
	journal = {Norskrift},
	url = { <https://www.duo.uio.no/handle/10852/37827>},
	pages = {19–36},
	title = {Indirekte objekter i LFG},
	volume = {60},
	year = {1989}
}
@book{EmondsFaarlund2014,
	author = {Emonds, J. and Faarlund, J.T.},
	publisher = {Palacky University Press},
	title = {English: the Language of the Vikings},
	year = {2014}
}


@inproceedings{Okubo2014,
	author = {Okubo, Tatsuhiro},
	booktitle = {{Proceedings of the 31st Annual Meeting of the English Linguistic Society of Japan}},
	pages = {130–136},
	title = {Linking elements as expletives in distributed morphology},
	year = {2014}
}


@article{HauserEtAl2002,
	author = {Hauser, Marc D. and Chomsky, N.  and  Fitch, T{ecumseh} W.},
	journal = {The Faculty of Language: What is it, Who has it, and How did it evolve? {Science}},
	pages = {1569-1579},
	volume = {298},
	year = {2002}
}



@misc{Miyagawa2015,
	author = {Miyagawa, Shigeru  and  Nóbrega, Vitor A.},
	title = {The Precedence of Syntax in the Rapid Emergence of Human Language in Evolution as De[FB01?]ned by the Integration Hypothesis. {Front. Psychology} 6(271).},
	year = {2015}
}



@incollection{Chomsky2008,
	address = {Cambridge, MA},
	author = {Chomsky, Noam},
	booktitle = {Foundational Issues in Linguistic Theory},
	editor = {Freidin, Roberto and Otero, Carlos P. and Zubizarreta, Maria L.},
	pages = {133–166},
	publisher = {The MIT Press},
	title = {On Phases},
	year = {2008}
}





@incollection{Andrews1982,
	Address = {Cambridge, Mass},
	Author = {Andrews, Avery},
	Booktitle = {The Mental Representation of Grammatical Relations},
	Editor = {, Joan},
	Pages = {424-503},
	Publisher = {MIT Press},
	Title = {The representation of case in {M}odern {I}celandic},
	Year = {1982}
}

@book{Baker2015,
	Address = {Cambridge},
	Author = {Baker, Mark},
	Publisher = {Cambridge University Press},
	Title = {Case: Its principles and parameters},
	Year = {2015}}

@article{Boskovic2002,
	Author = { Bo\v{s}ković, {\v{Z}eljko}},
	Journal = {Syntax},
	Pages = {167-218},
	Title = {A-Movement and the {EPP}},
	Volume = {5},
	Year = {2002}}

@article{Boehorn2005,
	Author = {Boeckx, Cedric and Hornstein, Norbert},
	Journal = {Linguistic Inquiry},
	Pages = {437-441},
	Title = {A gap in the {ECM} paradigm},
	Volume = {36},
	Year = {2005}}

@article{Carter1976,
	Author = {Carter, Richard},
	Journal = {Semantikos},
	Pages = {27-66},
	Title = {Some constraints on possible words},
	Volume = {1},
	Year = {1976}}

@article{Chomsky1980,
	Author = {Chomsky, Noam},
	Journal = {Linguistic Inquiry},
	Pages = {1-46},
	Title = {On Binding},
	Volume = {11},
	Year = {1980}}

@article{Falk1990,
	Author = {Falk, Cecilia},
	Journal = {Working Papers in {Scandinavian} Syntax},
	Pages = {53-100},
	Title = {On Double Object Constructions},
	Volume = {46},
	Year = {1990}}

@article{Holmberg2002,
	Author = {Holmberg, Anders},
	Journal = {Journal of Comparative Germanic Linguistics},
	Pages = {85--128},
	Title = {Expletives and Agreement in {S}candinavian Passives},
	Volume = {4},
	Year = {2002}}

@book{Holmplat1995,
	Address = {Oxford},
	Author = {Holmberg, Anders and Platzack, Christer},
	Booktitle = {The Role of Inflection in the Syntax of the Scandinavian Languages},
	Publisher = {Oxford University Press},
	Title = {The Role of Inflection in the Syntax of the {S}candinavian Languages},
	Year = {1995}}

@incollection{Holmberg1994,
	Address = {Washington},
	Author = {Holmberg, Anders},
	Booktitle = {Paths Toward Universal Grammar: Studies in Honor of {Richard S. Kayne}},
	Editor = {Cinque, Guglielmo and Koster, Jan and Pollock, Jean-Yves and Rizzi, Luigi and Zanuttini, Raffaella},
	Pages = {217-336},
	Publisher = {Georgetown University Press},
	Title = {The Pros and Cons of Agreement in {S}candinavian Impersonals},
	Year = {1994}}

@incollection{Marantz1991,
	Author = {Marantz, Alec},
	Booktitle = {{Proceedings of ESCOL 91}},
	Editor = {{German Westphal and Benjamin Ao and Hee-Rahk Chae}},
	Pages = {234-253},
	Publisher = {Cornell Linguistics Club},
	Title = {Case and Licensing},
	Year = {1991}}

@book{Pesetsky1995,
	Address = {Cambridge},
	Author = {Pesetsky, David},
	Booktitle = {Zero Syntax: Experiencers and Cascades},
	Publisher = {MIT Press},
	Title = {Zero Syntax: Experiencers and Cascades},
	Year = {1995}}

@incollection{Svenonius2006,
	Address = {Amsterdam},
	Author = {Svenonius, Peter},
	Booktitle = {Passives and Impersonals in European Languages},
	Editor = { Manninen, Satu and Nelson, Diane and Hiietam, Katrin and  Kaiser, Elsi and Vihman, Virve},
	Publisher = {John Benjamins},
	Title = {Case Alternations and the {I}celandic Passive and Middle},
	Year = {2006}}

@article{Zmt1985,
	Author = {Zaenen, Annie and Maling, Joan and Thráinsson,  Höskuldur},
	Journal = {Natural Language and Linguistic Theory},
	Pages = {441-483},
	Title = {Case and grammatical functions: The {I}celandic passive},
	Volume = {3},
	Year = {1985}}

	
	
@book{Ackema2004,
	address = {{Beyond Morphology: Interface Conditions on Word Formation}}, 
    addres = {Oxford},
	author = {Ackema, Peter and Neeleman, Ad},
	publisher = {Oxford University Press},
	year = {2004}
}

@book{Borer2003,
	address = {Stanford},
	author = {Borer, Hagit},
	publisher = {CSLI},
	title = {Exo-skeletal vs.endo-skeletal explanations: syntactic projections},
	url = {http://webspace.qmul.ac.uk/hborer/downloads/explanation.pdf// http://webspace.qmul.ac.uk/Dropbox/admin/Borer-2000b.doc{the lexicon}},    
    editor = {Polinsky, M. and Moore, J.},
    booktitle = {Explanation in Linguistic Theory},
	year = {2003}
}

@article{GrimstadEtAl2014,
	author = {Grimstad, Maren Berg and Lohndal, Terje and Åfarli, Tor A.},
	journal = {Nordlyd},
	pages = {213-237},
	title = {Language mixing and exoskeletal theory: A case study of word-internal mixing in {American Norwegian}},
	volume = {41},
    number = {2},
	year = {2014}
}

@misc{Grov2009,
	title = {For venstrehendte er det dei høgrehendte som er feilhendte:Ein studie av uavhendelege samansetjingar i norsk},
	author = {Grov, Astrid Marie},
	note = {MA thesis}, 
    institution = {Department of Linguistics and Scandinavian Studies.University of Oslo},
	year = {2009}
}

@book{Hansen2011,
	address = {{Grammatik over det Danske Sprog. Det Danske Sprog- og Litteraturselskab}}, 
    address = {København},
	author = {Hansen, Erik and Heltoft, Lars},
	publisher = {Syddansk Universitetsforlag},
	year = {2011}
}

@article{Hirtle1970,
	author = {Hirtle, Walter H.},
	journal = {Journal of Linguistics},
	pages = {19–36},
	title = {Ed adjectives like’ varandahed’ and ’blue-eyed’},
	volume = {6},
	year = {1970}
}

@book{Hovdenak2001,
	title = {Nynorskordboka – definisjons- og rettskrivingsordbok}, 
    address = {Oslo},
	editor = {Hovdenak, Marit},
	publisher = {Det Norske Samlaget},
	year = {2001}
}

@article{Johannessen2001,
	author = {Johannessen, Janne Bondi},
	url = {http://urn.nb.no/URN:NBN:no-46106},
	pages = {59-92},
	title = {Sammensatte ord}, 
    journal = {Norsk Lingvistisk Tidsskrift},
	year = {2001}
}

@misc{Koontz-Garboden2012,
	author = {Koontz-Garboden, Andrew},
	title = {{The morphosemantics of –ed. Paper presented at Workshop on Aspect and Argument Structure of Adjectives and Participles. 22-23 June 2012. University of Greenwich}},
	year = {2012}
}

@incollection{Melloni2010,
	address = {Amsterdam},
	author = {Melloni, Chiara  and Bisetto, Antonietta},
	booktitle = {Cross-Disciplinary Issues in Compounding},
	editor = {Scalise, Sergio and Vogel, Irene},
	pages = {199–218},
	publisher = {John Benjamins Publishing Company},
	title = {Parasynthetic compounds},
	year = {2010}
}

@misc{Myler2014,
	author = {Myler, Neil  and Nevins, Andrew},
	title = {Inalienable Possession and the Morphosyntax of {‘Brown-Eyed’}, abstract},
	year = {2014}
}



@book{Teleman1999,
	address = {{Svenska Akademiens grammatik}}, 
    address = {Stockholm},
	author = {Teleman, Ulf and Andersson, Erik  and Hellberg, Staffan},
	publisher = {Norstedts},
	year = {1999}
}



@book{Wangensteen2005,
	address = {Bokmålsordboka – Definisjons- og rettskrivningsordbok}, 
    address = {Oslo},
	editor = {Wangensteen, Boye},
	publisher = {Kunnskapsforlaget},
	year = {2005}
}


@incollection{Åfarli2007,
	address = {Amsterdam},
	author = {Åfarli, Tor A.},
	booktitle = {Argument Structure},
	editor = {Reuland, Eric J. and Bhattacharya, Tanmoy and Spathas, Giorgos},
	publisher = {John Benjamins Publishing Company},
	title = {Do verbs have argument structure?},
	year = {2007}
}



@misc{Abels2003,
	author = {Abels, Klaus},
	title = {{Successive cyclicity, anti-locality, and adposition stranding}. University of Connecticut. (PhD dissertation).},
	year = {2003}
}



@misc{Adams2010,
	author = {Adams, Nikki B},
	title = {{The Zulu ditransitive verb phrase}. University of Chicago. (PhD dissertation).},
	year = {2010}
}



@article{Adger2007,
	author = {Adger, David and Daniel Harbour},
	journal = {{Syntax}},
	number = {1},
	pages = {2-37},
	title = {Syntax and synchretisms of the person case constraint},
	volume = {10},
	year = {2007}
}



@incollection{AlsinaMchombo1993,
	address = {Stanford},
	author = {Alsina, Alex and Sam Mchombo},
	booktitle = {{Theoretical aspects of Bantu grammar},},
	editor = {Mchombo, S.},
	pages = {17-45},
	publisher = {CSLI},
	title = {Object asymmetries and the Chichewa applicative construction},
	year = {1993}
}



@book{Anagnostopoulou2003,
	address = {Berlin},
	author = {Anagnostopoulou, Elena.},
	publisher = {Mouton de Gruyter},
	title = {{The syntax of ditransitives}},
	year = {2003}
}



@article{Baker1988,
	author = {Baker, Mark},
	journal = {{Natural Language \& Linguistic Theory}},
	pages = {353-389},
	title = {Theta theory and the syntax of applicatives in Chichewa},
	volume = {6},
	year = {1988}
}



@article{Baker2006,
	author = {Baker, Mark and Chris Collins},
	journal = {{Natural Language \& Linguistic Theory}},
	pages = {307-354},
	title = {Linkers and the internal structure of vP},
	volume = {24},
	year = {2006}
}



@article{Baker2012,
	author = {Baker, Mark},
	journal = {{Linguistic Inquiry}},
	number = {2},
	pages = {255-274},
	title = {On the relationship of object agreement and accusative case: evidence from Amharic},
	volume = {43},
	year = {2012}
}


@book{Baker2016,
	address = {Doubling clitics are pronouns},
	author = {Baker, Mark and Ruth Kramer.},
	publisher = {Agree, Move, Reduce, and Interpret. Ms},
	year = {2016}
}



@book{Bárány2015,
	address = {Cambridge},
	author = {Bárány, András},
	publisher = {University of Cambridge. (PhD dissertation)},
	title = {{Differential object marking in Hungarian and the morphosyntax of case and agreement}},
	year = {2015}
}



@article{Bastin1986,
	author = {Bastin, Yvonne},
	journal = {{Africana Linguistica}},
	pages = {55-145},
	title = {Les suffixes causatifs dans les langues bantoues},
	volume = {10},
	year = {1986}
}



@article{Bax2012,
	author = {Bax, Anna and Michael Diercks},
	journal = {{Southern African Linguistics and Applied Language Studies}},
	number = {2},
	pages = {185-202},
	title = {Information structure constraints on object marking in Manyika},
	volume = {30},
	year = {2012}
}



@incollection{Beaudoin-Lietz2004,
	address = {Cologne},
	author = {Beaudoin-Lietz, Christa, Derek Nurse and Sarah Rose},
	booktitle = {{Proceedings of the 4th World Congress of African Linguistics, New Brunswick (2003)},},
	editor = {Akinlabi, A. and O. Adesola},
	pages = {175-188},
	publisher = {Rüdiger Köpper},
	title = {Pronominal object marking in Bantu},
	year = {2004}
}



@article{Bejar2009,
	author = {Bejar, Susana and Milan Rezac},
	journal = {{Linguistic Inquiry}},
	number = {1},
	pages = {35-73},
	title = {Cyclic Agree},
	volume = {40},
	year = {2009}
}



@article{Biberauer2015,
	author = {Biberauer, Theresa and Ian Roberts},
	journal = {{Cambridge Occasional Papers in Linguistics}},
	pages = {1-31},
	title = {Rethinking formal hierarchies: a proposed unification},
	volume = {7},
	year = {2015}
}



@incollection{Bobaljik2008,
	address = {Oxford},
	author = {Bobaljik, Jonathan David},
	booktitle = {{Phi-Theory: Phi features across interfaces and modules},},
	editor = {Harbour, D., D. Adger and S. Béjar},
	pages = {295-328},
	publisher = {Oxford University Press},
	title = {Where's φ? Agreement as a post-syntactic operation},
	year = {2008}
}



@article{BresnanMoshi1990,
	author = {Bresnan, Joan and Lioba Moshi},
	journal = {{Linguistic Inquiry}},
	number = {2},
	pages = {147-185},
	title = {Object asymmetries in comparative Bantu syntax},
	volume = {21},
	year = {1990}
}



@article{Bruening2010,
	author = {Bruening, Benjamin},
	journal = {{Linguistic Inquiry}},
	number = {2},
	pages = {287-305},
	title = {Double object constructions disguised as prepositional datives},
	volume = {41},
	year = {2010}
}



@article{Bruening2014,
	author = {Bruening, Benjamin},
	journal = {{Linguistic Inquiry}},
	number = {4},
	pages = {707-719},
	title = {Defects of Defective Intervention},
	volume = {45},
	year = {2014}
}



@book{Buell2005,
	address = {Los Angeles},
	author = {Buell, Leston C.},
	publisher = {University of California. dissertation)},
	title = {{Issues in Zulu morphosyntax}},
	year = {2005}
}


@incollection{Chomsky2001,
	address = {Cambridge, MA},
	author = {Chomsky, Noam},
	booktitle = {{Kenneth Hale: a life in language},},
	editor = {Kenstowicz, M.},
	pages = {1-52},
	publisher = {MIT Press},
	title = {Derivation by phase},
	year = {2001}
}



@article{Chomsky2005,
	author = {Chomsky, Noam},
	journal = {{Linguistic Inquiry}},
	number = {1},
	pages = {1-22},
	title = {Three factors in language design},
	volume = {36},
	year = {2005}
}



@incollection{Chomsky2008,
	address = {Cambridge, MA},
	author = {Chomsky, Noam},
	booktitle = {{Foundational issues in linguistic theory. Essays in Honor of Jean-Roger Vergnaud.},},
	editor = {Freidin, R. und Otero, C. P. and  Zubizarreta, M. L.},
	pages = {133-166},
	publisher = {MIT Press},
	title = {On phases},
	year = {2008}
}



@misc{Creissels2004,
	author = {Creissels, Denis},
	title = {{Non-canonical applicatives and focalization in Tswana. (Paper presented at Paper presented at Syntax of the World's Languages, Leipzig).}},
	year = {2004}
}



@article{deKindEtAl2012,
	author = {de Kind, Jasper and Koen Bostoen},
	journal = {{Southern African Linguistics and Applied Language Studies}},
	number = {1},
	pages = {101-124},
	title = {The applicative in ciLubà grammar and discourse: A semantic goal analysis},
	volume = {30},
	year = {2012}
}



@article{Diercks2012,
	author = {Diercks, Michael},
	journal = {{Syntax}},
	number = {3},
	pages = {253-286},
	title = {Parameterizing Case: Evidence from Bantu},
	volume = {15},
	year = {2012}
}



@book{Doggett2004,
	address = {{All things being unequal},
	author = {Doggett, Teal Bissell.},
	publisher = {locality in movement}. MIT. (PhD dissertation)},
	year = {2004}
}



@article{Haddican2012,
	author = {Haddican, William and Anders Holmberg},
	journal = {{Journal of Comparative Germanic Linguistics}},
	pages = {189-212},
	title = {Object movement symmetries in British English dialects: experimental evidence for a mixed case/locality approach},
	volume = {15},
	year = {2012}
}



@incollection{Haddican2015,
	address = {Olomouc},
	author = {Haddican, William and Anders Holmberg},
	booktitle = {{Complex visibles out there. Proceedings of the Olomouc Linguistics Colloquium (2014): Language use and linguistic structure},},
	editor = {Veselovská, L. and M. Janebová},
	pages = {145-162},
	publisher = {Palacky University},
	title = {Four kinds of object asymmetry},
	year = {2015}
}



@article{Harizanov2014,
	author = {Harizanov, Boris},
	journal = {{Natural Language \& Linguistic Theory}},
	pages = {1033-1088},
	title = {Clitic doubling at the syntac-morphophonology interface. A-movement and morphological merger in Bulgarian},
	volume = {32},
	year = {2014}
}



@article{Harley2002,
	author = {Harley, Heidi},
	journal = {{Linguistic Variation Yearbook}},
	pages = {29-68},
	title = {Possession and the Double Object Construction},
	volume = {2},
	year = {2002}
}



@misc{Henderson2006,
	author = {Henderson, Brent},
	title = {{The syntax and typology of Bantu relative clauses}. University of Illinois at Urbana-Champaign. (PhD dissertation).},
	year = {2006}
}



@article{Hiraiwa2001,
	author = {Hiraiwa, Ken},
	journal = {{MIT Working Papers in Linguistics}},
	pages = {67-80},
	title = {Multiple Agree and the defective intervention constraint in Japanese},
	volume = {40},
	year = {2001}
}




@misc{Holmberg2015,
	author = {Holmberg, Anders, Michelle Sheehan and Jenneke van der Wal},
	title = {Movement from the double object construction is never fully symmetrical. (Paper presented at Meeting of the LAGB, UCL, London).},
	year = {2015}
}



@incollection{Hyman1982,
	address = {New York},
	author = {Hyman, Larry M. and Alessandro Duranti},
	booktitle = {{Syntax and Semantics: studies in transitivity},},
	editor = {Hopper, P. and S. Thompson},
	pages = {217-239},
	publisher = {Academic Press},
	title = {On the object relation in Bantu},
	year = {1982}
}



@book{Iorio2014,
	address = {PhD at Newcastle University},
	author = {Iorio, David.},
	publisher = {dissertation)},
	title = {{Subject and object marking in Bembe}},
	year = {2014}
}



@book{Jeong2007,
	address = {Amsterdam},
	author = {Jeong, Youngmi.},
	publisher = {John Benjamins},
	title = {{Applicatives. Structure and interpretation from a minimalist perspective}},
	year = {2007}
}



@incollection{Jerro2015,
	address = {Somerville, MA},
	author = {Jerro, Kyle},
	booktitle = {{Selected Proceedings of the 44th Annual Conference on African Linguistics},},
	editor = {Kramer, R., E. C. Zsiga and O. T. Boyer},
	pages = {130-145},
	publisher = {Cascadilla Proceedings Project},
	title = {Revisiting object symmetry in Bantu},
	year = {2015}
}



@book{Julien2002,
	address = {Oxford},
	author = {Julien, Marit.},
	publisher = {Oxford University Press},
	title = {{Syntactic heads and word formation}},
	year = {2002}
}



@article{Kramer2014,
	author = {Kramer, Ruth},
	journal = {{Natural Language \& Linguistic Theory}},
	number = {2},
	pages = {593--634},
	title = {Clitic doubling or object agreement: the view from {A}mharic},
	volume = {32},
	year = {2014}
}



@incollection{Legate2012,
	address = {Berlin},
	author = {Legate, Julie Anne},
	booktitle = {{Phase},},
	editor = {Gallego, Á.},
	pages = {233-250},
	publisher = {De Gruyter},
	title = {The size of phases},
	year = {2012}
}



@misc{Machobane1989,
	author = {Machobane, 'Malillo},
	title = {{Some restrictions of the Sesotho transitivizing morpheme}. McGill University, Montreal. (PhD dissertation).},
	year = {1989}
}



@incollection{Malchukov2010,
	address = {Berlin},
	author = {Malchukov, Andrej L},
	booktitle = {{Studies in ditransitive constructions. A comparative handbook},},
	editor = {Malchukov, A. L., M. Haspelmath and B. Comrie},
	pages = {1-64},
	publisher = {De Gruyter Mouton},
	title = {Ditransitive constructions: a typological overview},
	year = {2010}
}



@incollection{Malchukov2013,
	address = {Berlin},
	author = {Malchukov, Andrej L},
	booktitle = {{Language across boundaries. Studies in memory of Anna Siewierska},},
	editor = {Bakker, D. and M. Haspelmath},
	pages = {263-291},
	publisher = {Mouton de Gruyter},
	title = {Alignment preferences in basic and derived ditransitives},
	year = {2013}
}



@incollection{Marantz1993,
	address = {Stanford, CA},
	author = {Marantz, Alec},
	booktitle = {{Theoretical aspects of Bantu grammar},},
	editor = {Mchombo, S.},
	pages = {113-150},
	publisher = {CSLI},
	title = {Implications of asymmetries in double object constructions},
	year = {1993}
}



@article{Marten2001,
	author = {Marten, Lutz and Deograsia Ramadhani},
	journal = {{SOAS Working Papers in Linguistics}},
	pages = {259-275},
	title = {An overview of object marking in Kiluguru},
	volume = {11},
	year = {2001}
}



@incollection{Marten2003,
	address = {Cologne},
	author = {Marten, Lutz},
	booktitle = {Actes du 3e Congrès Mondial de Linguistique Africaine  Lomé (2000)},
	editor = {Lébikaza, K. K.},
	pages = {207-221},
	publisher = {Rüdiger Köppe Verlag},
	title = {The dynamics of Bantu applied verbs: an analysis at the syntax-pragmatics interface},
	year = {2003}
}



@article{Marten2012,
	author = {Marten, Lutz and Nancy C. Kula},
	journal = {{South African Journal of African Languages}},
	number = {2},
	pages = {237-253},
	title = {Object marking and morphosyntactic variation in Bantu},
	volume = {30},
	year = {2012}
}



@article{Mathangwane2006,
	author = {Mathangwane, Joyce T. and E. Kweku Osam},
	journal = {{Studies in African Linguistics}},
	number = {2},
	pages = {189-208},
	title = {Grammatical relations in Ikalanga},
	volume = {35},
	year = {2006}
}



@incollection{McGinnis1998,
	address = {Amherst, MA},
	author = {McGinnis, Martha},
	booktitle = {{Proceedings of NELS 28},},
	editor = {Tamanji, P. and K. Musumoto},
	pages = {267-281},
	publisher = {GLSA Publications, University of Massachusetts},
	title = {Locality and inert Case},
	year = {1998a}
}



@book{McGinnis1998,
	address = {Toronto},
	author = {McGinnis, Martha.},
	publisher = {University of Toronto. (PhD dissertation)},
	title = {{Locality in A-movement}},
	year = {1998b}
}



@article{McGinnis2001,
	author = {McGinnis, Martha},
	journal = {{Linguistics Variation Yearbook}},
	pages = {105-146},
	title = {Variation in the syntax of applicatives},
	volume = {1},
	year = {2001}
}



@article{Morimoto2006,
	author = {Morimoto, Yukiko},
	journal = {{ZAS Papers in Linguistics}},
	pages = {161-188},
	title = {Agreement properties and word order in comparative Bantu},
	volume = {43},
	year = {2006}
}



@article{Morolong1977,
	author = {Morolong, 'Malillo and Larry M. Hyman},
	journal = {{Studies in African Linguistics}},
	pages = {199-218},
	title = {Animacy, objects and clitics in Sesotho},
	volume = {8},
	year = {1977}
}



@article{Moshi1998,
	author = {Moshi, Lioba},
	journal = {{Journal of African Languages and Linguistics}},
	pages = {137-152},
	title = {Word order in multiple object constructions in KiVunjo- Chaga},
	volume = {19},
	year = {1998}
}



@article{Mugari2013,
	author = {Mugari, Victor},
	journal = {{Southern African Linguistics and Applied Language Studies}},
	number = {2},
	pages = {151-160},
	title = {Object marking restrictions on Shona causative and applicative constructions},
	volume = {31},
	year = {2013}
}



@book{Muriungi2008,
	address = {{Phrasal movement inside Bantu verbs},
	author = {Muriungi, Peter.},
	publisher = {deriving affix scope and order in Kîîtharaka.} University of Tromsø. (PhD dissertation)},
	year = {2008}
}



@article{Nakamura1997,
	author = {Nakamura, Masanori},
	journal = {{Linguistic Inquiry}},
	number = {2},
	pages = {252-280},
	title = {Object extraction in Bantu applicatives: some implications for Minimalism},
	volume = {28},
	year = {1997}
}



@book{Ngoboka2005,
	address = {Durban},
	author = {Ngoboka, Jean Paul.},
	publisher = {University of KwaZulu-Natal. (Master dissertation)},
	title = {{A syntactic analysis of Kinyarwanda applicatives}},
	year = {2005}
}



@book{Ngoboka2016,
	address = {Durban},
	author = {Ngoboka, Jean Paul.},
	publisher = {University of KwaZulu-Natal. (PhD dissertation)},
	title = {{Locatives in Kinyarwanda}},
	year = {2016}
}




@misc{Ngonyani1996,
	author = {Ngonyani, Deo},
	title = {{The morphosyntax of applicatives}. University of California, Los Angeles. (PhD dissertation).},
	year = {1996}
}



@article{Ngonyani1998,
	author = {Ngonyani, Deo},
	journal = {{Studies in African Linguistics}},
	pages = {67-95},
	title = {Properties of applied objects in Kiswahili and Kindendeule},
	volume = {27},
	year = {1998}
}



@article{Ngonyani2006,
	author = {Ngonyani, Deo and Peter Githinji},
	journal = {{Lingua}},
	pages = {31-63},
	title = {The asymmetric nature of Bantu applicative constructions},
	volume = {116},
	year = {2006}
}



@book{Nunes2004,
	address = {Cambridge, MA},
	author = {Nunes, Jairo.},
	publisher = {MIT Press},
	title = {{Linearization of chains and sideward movement}},
	year = {2004}
}



@book{Oehrle1976,
	address = {Cambridge, MA},
	author = {Oehrle, Richard. T.},
	publisher = {MIT. (PhD dissertation)},
	title = {{The grammatical status of the English dative alternation}},
	year = {1976}
}



@book{Pesetsky1995,
	address = {Cambridge, MA},
	author = {Pesetsky, David.},
	publisher = {The MIT Press},
	title = {{Zero syntax: experiencers and cascades}},
	year = {1995}
}



@book{Preminger2014,
	address = {Cambridge, MA},
	author = {Preminger, Omer.},
	publisher = {The MIT Press},
	title = {{Agreement and its failures}},
	year = {2014}
}



@book{Pylkkänen2008,
	address = {Cambridge, MA},
	author = {Pylkkänen, Liina.},
	publisher = {MIT Press},
	title = {{Introducing arguments}},
	year = {2008}
}



@book{Ranero2015,
	address = {Cambridge},
	author = {Ranero, Rodrigo.},
	publisher = {University of Cambridge. (MPhil dissertation)},
	title = {{The syntax of dislocated objects in Luganda}},
	year = {2015}
}



@book{Riedel2009,
	address = {Utrecht},
	author = {Riedel, Kristina.},
	publisher = {LOT},
	title = {{The syntax of object marking in Sambaa: a comparative perspective}},
	year = {2009}
}



@book{Roberts2003,
	address = {Cambridge},
	author = {Roberts, Ian and Anna Roussou.},
	publisher = {Cambridge University Press},
	title = {{Syntactic change: a minimalist approach to grammaticalization}},
	year = {2003}
}



@book{Roberts2007,
	address = {Oxford},
	author = {Roberts, Ian.},
	publisher = {Oxford University Press},
	title = {{Diachronic syntax}},
	year = {2007}
}



@book{Roberts2010,
	address = {Cambridge, MA},
	author = {Roberts, Ian.},
	publisher = {The MIT Press},
	title = {{Agreement and head movement: Clitics, incorporation, and defective goals}},
	year = {2010}
}



@incollection{Roberts2010,
	address = {Cambridge},
	author = {Roberts, Ian and Anders Holmberg},
	booktitle = {{Parametric Variation. Null Subjects in Minimalist Theory.},},
	editor = {Biberauer, T. and Holmberg, A. and  Roberts, I. and Sheehan, M.},
	pages = {1-57},
	publisher = {Cambridge University Press},
	title = {Introduction: parameters in minimalist theory},
	year = {2010}
}



@incollection{Schadeberg1995,
	address = {Aba},
	author = {Schadeberg, Thilo C.},
	booktitle = {{Issues in African languages and linguistics,} ,},
	editor = {Emenanjo, E. N. and Ndimele, O.-m.},
	pages = {173-180},
	publisher = {National Institute for Nigerian Languages},
	title = {Object diagnostics in Bantu},
	year = {1995}
}



@incollection{Schneider-Zioga2014,
	address = {Somerville, MA},
	author = {Schneider-Zioga, Patricia},
	booktitle = {{Selected Proceedings of the 44th Annual Conference on African Linguistics},},
	editor = {Kramer, R., E. C. Zsiga and O. T. Boyer},
	pages = {254-263},
	publisher = {Cascadilla Proceedings Project},
	title = {The linker in Kinande re-examined},
	year = {2014}
}



@incollection{Sheehan2014,
	address = {Somerville, MA},
	author = {Sheehan, Michelle},
	booktitle = {{Proceedings of WCCFL 31},},
	editor = {Santana-LaBarge, R. E.},
	pages = {399-408},
	publisher = {Cascadilla Press},
	title = {Towards a parameter hierarchy for alignment},
	year = {2014}
}



@misc{Simango1995,
	author = {Simango, Silvester Ron},
	title = {{The syntax of Bantu double object constructions}. University of South Carolina. (PhD dissertation).},
	year = {1995}
}



@article{Simango2007,
	author = {Simango, Silvester Ron},
	journal = {{Lingua}},
	number = {6},
	pages = {928-949},
	title = {Enlarged arguments in Bantu: Evidence from Chichewa},
	volume = {117},
	year = {2007}
}



@article{Thwala2006,
	author = {Thwala, Nhlanhla},
	journal = {{ZAS Papers in Linguistics}},
	pages = {209-232},
	title = {Parameters of variation and complement licensing in Bantu},
	volume = {43},
	year = {2006}
}



@book{Ura1996,
	address = {{Multiple feature-checking},
	author = {Ura, Hiroyuki.},
	publisher = {A theory of grammatical function splitting}. MIT. (PhD dissertation)},
	year = {1996}
}



@book{van2009,
	address = {Utrecht},
	author = {van der Wal, Jenneke.},
	publisher = {LOT},
	title = {{Word order and information structure in Makhuwa-Enahara}},
	year = {2009}
}



@article{van2015,
	author = {van der Wal, Jenneke},
	journal = {{Lingua}},
	pages = {109-132},
	title = {Evidence for abstract Case in Bantu},
	volume = {165},
	year = {2015a}
}



@book{van2016,
	address = {Obligatory marking of prominence},
	author = {van der Wal, Jenneke.},
	publisher = {parameters of Bantu object marking. (Paper presented at Cambridge Comparative Syntax 5, Cambridge, UK)},
	year = {2016}
}



@article{Yoneda2011,
	author = {Yoneda, Nobuko},
	journal = {{Lingua}},
	number = {5},
	pages = {754-771},
	title = {Word order in Matengo (N13): Topicality and informational roles},
	volume = {121},
	year = {2011}
}



@article{Zeller2006,
	author = {Zeller, Jochen and Jean Paul Ngoboka},
	journal = {{South African Journal of African Languages}},
	pages = {101-124},
	title = {Kinyarwanda locative applicatives and the Minimal Link Condition},
	volume = {24},
	year = {2006}
}



@article{Zeller2008,
	author = {Zeller, Jochen},
	journal = {{Stellenbosch papers in linguistics}} ,
	pages = {221-254},
	title = {The subject marker in Bantu as an antifocus marker},
	volume = {38},
	year = {2008}
}



@misc{Zeller2011,
	author = {Zeller, Jochen},
	title = {Aspects of object marking in Zulu. (Paper presented at LSSA conference, Rhodes University, Grahamstown).},
	year = {2011}
}



@article{Zeller2012,
	author = {Zeller, Jochen},
	journal = {{Southern African Linguistics and Applied Language Studies}},
	number = {2},
	pages = {219-235},
	title = {Object marking in isiZulu},
	volume = {30},
	year = {2012}
}



@article{Zeller2014,
	author = {Zeller, Jochen},
	journal = {{Linguistische Berichte}},
	pages = {347-367},
	title = {Three types of object marking in Bantu},
	volume = {239},
	year = {2014}
}




@article{Zeller2015,
	author = {Zeller, Jochen},
	journal = {{Lingua}},
	pages = {17-39},
	title = {Argument prominence and agreement: explaining an unexpected object asymmetry in ZUlu},
	volume = {156},
	year = {2015}
}



@book{Zerbian2006,
	address = {Berlin},
	author = {Zerbian, Sabine.},
	publisher = {Humboldt University. (PhD dissertation)},
	title = {{Expression of information structure in Northern Sotho}},
	year = {2006}
}


@book{Chomsky1986,
	address = {Cambridge, MA},
	author = {Chomsky, Noam.},
	publisher = {MIT Press},
	title = {Barriers},
	year = {1986}
}


@book{Chomsky1982,
	address = {Cambridge, MA},
	author = {Chomsky, Noam},
	publisher = {The MIT Press},
	title = {Some concepts and consequences of the theory of government and binding},
	year = {1982}
}

@inproceedings{Guevara2010,
	author = {Guevara, Emiliano Raul},
	booktitle = {{Proceedings of the NAACL HLT 2010 Sixth Web as Corpus Workshop. Association for Computational Linguistics page}},
	url = {http://www.aclweb.org/anthology/W10-1501},
	pages = {1–7},
	title = {NoWaC: a large web-based corpus for {Norwegian}},
	year = {2010}
}
@incollection{MelloniBisetto2010,
	address = {Amsterdam},
	author = {Melloni, Chiara  and Bisetto, Antonietta},
	booktitle = {Cross-Disciplinary Issues in Compounding},
	editor = {Scalise, Sergio and Vogel, Irene},
	pages = {199–218},
	publisher = {John Benjamins Publishing Company},
	title = {Parasynthetic compounds},
	year = {2010}
}





@misc{MylerNevins2014,
	author = {Myler, Neil  and Nevins, Andrew},
	title = {Inalienable Possession and the Morphosyntax of {‘Brown-Eyed’}, abstract},
	year = {2014}
}

@incollection{Baker2012,
	author = {Baker, Mark and Safir, Ken and Sikuku, Justine},
	booktitle = {{Proceedings of the 30th West Coast Conference on Formal Linguistics}},
	editor = {Arnett, N. and Bennett, R.},
	pages = {54-64},
	publisher = {Cascadilla Proceedings Project},
	title = {Sources of (a)symmetry in {Bantu} double object constructions},
	year = {2012}
}

@incollection{Cann2007,
	author = {Cann, Ronnie and Mabugu, Patricia},
	booktitle = {The congnitive basis of polysemy},
	editor = {Rakova, M. and Petho, G. and Rakosi, C.},
	pages = {221-245},
	publisher = {Peter Lang Publishing Group},
	title = {Constructional polysemy: the applicative construction in chiShona},
	year = {2007}
}

@incollection{Hodges1977,
	author = {Hodges, Kathryn S.},
	booktitle = {Papers from the eighth conference on {African linguistics}},
	editor = {Mould, M. and Hinnebusch, T. J.},
	pages = {113-125},
	title = {Causatives, transitivity and objecthood in {Kimeru}},
	year = {1977}
}


@thesis{NgobokaInProgress,
	address = {KwaZulu-Natal},
	author = {Ngoboka, Jean Paul},
	institution = {University of KwaZulu-Natal},
    note = {PhD dissertation},
	title = {Locatives in Kinyarwanda},
	year = {InProgress}
}

@inproceedings{Sheehan2016,
	address = {Somerville, MA},
	author = {Sheehan, Michelle and {van der Wal}, Jenneke},
	booktitle = {Proceedings of the 33rd WCCFL},
	editor = {Kim, K.-m. e. a.},
	pages = {351-360},
	publisher = {Cascadilla Proceedings Project},
	title = {Do we need abstract Case},
	year = {2016}
}

@inproceedings{Ssekiryango2006,
	address = {Somerville, MA},
	author = {Ssekiryango, Jackson},
	booktitle = {Selected Proceedings of the {36th Annual Conference on African Linguistics}},
	editor = {Arasanyin, O. F. and Pemberton, M. A.},
	publisher = {Cascadilla Proceedings Project},
	title = {Observations on double object construction in Luganda},
	year = {2006}
}

@article{vanDerWal2015,
	author = {{van der Wal}, Jenneke},
	journal = {Revue Roumaine de Linguistique},
	number = {2-3},
	pages = {277-296},
	title = {Bantu object clitics as defective goals},
	volume = {LX},
	year = {2015b}
}

@article{Zeller2014,
	author = {Zeller, Jochen and Ngoboka, Jean Paul},
	journal = {Transactions of the Philological Society},
	pages = {1-26},
	title = {On parametric variation in Bantu, with particular reference to Kinyarwanda},
	year = {2014}
}

@comment{Bobaljik}

@incollection{andrews82,
	Address = {Cambridge, Mass},
	Author = {Avery Andrews},
	Booktitle = {The Mental Representation of Grammatical Relations},
	Date-Added = {2016-06-25 19:09:00 +0000},
	Date-Modified = {2016-06-25 19:55:09 +0000},
	Editor = {Joan Bresnan},
	Keywords = {holmfest},
	Pages = {424-503},
	Publisher = {MIT Press},
	Title = {The representation of case in {M}odern {I}celandic},
	Year = {1982}}

@book{baker15,
	Address = {Cambridge},
	Author = {Mark Baker},
	Date-Added = {2016-06-25 16:23:30 +0000},
	Date-Modified = {2016-06-25 16:23:30 +0000},
	Keywords = {holmfest},
	Publisher = {Cambridge University Press},
	Title = {Case: Its principles and parameters},
	Year = {2015}}

@article{boskovic02,
	Author = {{\v{Z}eljko} Bo\v{s}kovi\'c},
	Date-Added = {2016-06-25 16:23:30 +0000},
	Date-Modified = {2016-06-25 19:55:28 +0000},
	Journal = {Syntax},
	Keywords = {holmfest},
	Pages = {167-218},
	Title = {A-Movement and the {EPP}},
	Volume = {5},
	Year = {2002}}

@article{boehorn05,
	Author = {Cedric Boeckx and Norbert Hornstein},
	Date-Added = {2016-06-25 16:23:30 +0000},
	Date-Modified = {2016-06-25 19:55:35 +0000},
	Journal = {Linguistic Inquiry},
	Keywords = {holmfest},
	Pages = {437-441},
	Title = {A gap in the {ECM} paradigm},
	Volume = {36},
	Year = {2005}}

@article{carter76,
	Author = {Richard Carter},
	Date-Added = {2016-06-25 16:23:30 +0000},
	Date-Modified = {2016-06-25 16:23:30 +0000},
	Journal = {Semantikos},
	Keywords = {holmfest},
	Pages = {27-66},
	Title = {Some constraints on possible words},
	Volume = {1},
	Year = {1976}}

@article{chomsky80,
	Author = {Noam Chomsky},
	Date-Added = {2016-06-25 16:23:30 +0000},
	Date-Modified = {2016-06-25 16:23:30 +0000},
	Journal = {Linguistic Inquiry},
	Keywords = {holmfest},
	Pages = {1-46},
	Title = {On Binding},
	Volume = {11},
	Year = {1980}}

@article{falk90,
	Annote = {JDB1099},
	Author = {Cecilia Falk},
	Date-Added = {2016-06-25 16:23:30 +0000},
	Date-Modified = {2016-06-25 16:23:30 +0000},
	Journal = {Working Papers in Scandinavian Syntax},
	Keywords = {holmfest},
	Pages = {53-100},
	Title = {On Double Object Constructions},
	Volume = {46},
	Year = {1990}}

@article{holmberg02,
	Author = {Anders Holmberg},
	Date-Added = {2016-06-25 16:23:30 +0000},
	Date-Modified = {2016-06-25 19:55:44 +0000},
	Journal = {Journal of Comparative Germanic Linguistics},
	Keywords = {holmfest},
	Pages = {85-128},
	Title = {Expletives and Agreement in {S}candinavian Passives},
	Volume = {4},
	Year = {2002}}

@book{holmplat95,
	Address = {Oxford},
	Author = {Anders Holmberg and Christer Platzack},
	Booktitle = {The Role of Inflection in the Syntax of the Scandinavian Languages},
	Date-Added = {2016-06-25 16:23:30 +0000},
	Date-Modified = {2016-06-25 19:56:03 +0000},
	Keywords = {holmfest},
	Publisher = {Oxford University Press},
	Title = {The Role of Inflection in the Syntax of the {S}candinavian Languages},
	Year = {1995}}

@incollection{holmberg94,
	Address = {Washington},
	Author = {Anders Holmberg},
	Booktitle = {Paths Toward Universal Grammar: Studies in Honor of Richard S. Kayne},
	Date-Added = {2016-06-25 16:23:30 +0000},
	Date-Modified = {2016-06-25 19:56:09 +0000},
	Editor = {Guglielmo Cinque and Jan Koster and Jean-Yves Pollock and Luigi Rizzi and Raffaella Zanuttini},
	Keywords = {holmfest},
	Pages = {217-336},
	Publisher = {Georgetown University Press},
	Title = {The Pros and Cons of Agreement in {S}candinavian Impersonals},
	Year = {1994}}

@incollection{marantz91,
	Author = {Alec Marantz},
	Booktitle = {Proceedings of ESCOL 91},
	Date-Added = {2016-06-25 16:23:30 +0000},
	Date-Modified = {2016-06-25 17:57:40 +0000},
	Editor = {German Westphal and Benjamin Ao and Hee-Rahk Chae},
	Keywords = {holmfest},
	Pages = {234-253},
	Publisher = {Cornell Linguistics Club},
	Title = {Case and Licensing},
	Year = {1991}}

@book{pesetsky95,
	Address = {Cambridge},
	Author = {David Pesetsky},
	Booktitle = {Zero Syntax: Experiencers and Cascades},
	Date-Added = {2016-06-25 16:23:30 +0000},
	Date-Modified = {2016-06-25 16:23:30 +0000},
	Keywords = {ucm twice holmfest},
	Publisher = {MIT Press},
	Title = {Zero Syntax: Experiencers and Cascades},
	Year = {1995}}

@incollection{svenonius06,
	Address = {Amsterdam},
	Author = {Peter Svenonius},
	Booktitle = {Passives and Impersonals in European Languages},
	Date-Added = {2016-06-25 16:23:30 +0000},
	Date-Modified = {2016-06-25 19:56:18 +0000},
	Editor = {Satu Manninen and Diane Nelson and Katrin Hiietam and Elsi Kaiser and Virve Vihman},
	Keywords = {holmfest},
	Publisher = {John Benjamins},
	Title = {Case Alternations and the {I}celandic Passive and Middle},
	Year = {2006}}

@article{zmt85,
	Annote = {JDB1099},
	Author = {Annie Zaenen and Joan Maling and H\"oskuldur Thr\'ainsson},
	Date-Added = {2016-06-25 16:23:30 +0000},
	Date-Modified = {2016-06-25 19:56:25 +0000},
	Journal = {Natural Language and Linguistic Theory},
	Keywords = {holmfest},
	Pages = {441-483},
	Title = {Case and grammatical functions: The {I}celandic passive},
	Volume = {3},
	Year = {1985}}
	
	
@book{Nomura2005,
	address = {Storrs},
	author = {Nomura, Masashi.},
	publisher = {University of Connecticut, dissertation},
	title = {Nominative Case and AGREE(ment)},
	year = {2005}
}



@article{Nevins2011,
	author = {Nevins, Andrew},
	journal = {{Natural Language and Linguistic Theory} },
	pages = {939-971},
	title = {Multiple agree with clitics: person complementarity vs. omnivorous number},
	volume = {29},
	year = {2011}
}



@book{Pesetsky1995,
	address = {Cambridge, MA},
	author = {Pesetsky, D.},
	publisher = {MIT Press},
	title = {{Zero Syntax}},
	year = {1995}
}



@article{Preminger2009,
	author = {Preminger, Omer},
	journal = {{Linguistic Inquiry}},
	pages = {619-666},
	title = {Breaking Agreements: Distinguishing Agreement and Clitic-Doubling by Their Failures},
	volume = {40},
	year = {2009}
}



@article{Rizzi1986,
	author = {Rizzi, Luigi},
	journal = {{Linguistic Inquiry} },
	pages = {501-557},
	title = {Null objects in Italian and the theory of pro},
	volume = {17},
	year = {1986}
}



@book{Roberts2010,
	address = {Cambridge, MA},
	author = {Roberts, Ian.},
	publisher = {MIT Press},
	title = {Agreement and Head Movement. Clitics, Incorporation and Defective Goals},
	year = {2010}
}



@book{Schütze1997,
	address = {Cambridge MA},
	author = {Schütze, Carson.},
	publisher = {MIT dissertation},
	title = {Infl in child and adult language: Agreement, case and licensing},
	year = {1997}
}



@article{Sigurðsson1996,
	author = {Sigurðsson, Halldór. A},
	journal = {{Working Papers in Scandinavian Syntax}},
	pages = {1-46},
	title = {Icelandic Finite Verb Agreement},
	volume = {57},
	year = {1996}
}



@incollection{Sportiche1996,
	address = {Dordrecht},
	author = {Sportiche, Dominique},
	booktitle = {{Phrase Structure and the Lexicon},},
	editor = {Johan Rooryck and Laurie Zaring},
	pages = {213-277},
	publisher = {Kluwer},
	title = {Clitic Constructions},
	year = {1996}
}




@article{Tomioka2007,
	author = {Tomioka, Satoshi},
	journal = {{Journal of Pragmatics} },
	pages = {1570–1590},
	title = {Pragmatics of LF intervention effects: Japanese and Korean wh-interrogatives},
	volume = {39},
	year = {2007}
}



@misc{Torrego1988,
	author = {Torrego, Esther},
	title = {A DP Analysis of Spanish Nominals. Ms., University of Massachusetts, Boston.},
	year = {1988}
}



@article{Uriagereka1995,
	author = {Uriagereka, Juan},
	journal = {{Linguistic Inquiry}},
	pages = {79-124},
	title = {Aspects of the Syntax of Clitic Placement in Western Romance},
	volume = {26},
	year = {1995}
}

@article{Haddad2014,
	author = {Haddad, Youssef A.},
	journal = {Lingua},
	pages = {65–103},
	title = {Attitude datives in {Lebanese Arabic} and the interplay of syntax and pragmatics},
	volume = {145},
	year = {2014}
}


@article{Holmberg2010,
	author = {Holmberg, Anders},
	journal = {Newcastle Working Papers in Linguistics},
	pages = {57-65},
	title = {How to refer to yourself when talking to yourself},
	volume = {16},
	year = {2010}
}

@misc{Bianchi2003,
	author = {Bianchi, Valentina},
	title = {On the syntax of personal arguments. {Paper presented at XXIX
Incontro di Grammatica Generativa, Urbino, February 13–15, 2003}},
	year = {2003}
}

@article{Holmberg2010,
	author = {Holmberg, Anders},
	journal = {Newcastle Working Papers in Linguistics},
	pages = {57-65},
	title = {How to refer to yourself when talking to yourself},
	volume = {16},
	year = {2010}
}

@article{Jayaseelan1998,
	author = {Jayaseelan, K. A.},
	journal = {The Yearbook of {South Asian} Languages and Linguistics},
	pages = {11–27},
	title = {Blocking effects and the syntax of Malayalam \textit{Taan}},
	volume = {1998},
	year = {1998}
}

@article{Julien2015,
	author = {Julien, Marit},
	journal = {Journal of Comparative Germanic Linguistics},
	pages = {139–181},
	title = {The force of v2 revisited},
	volume = {18},
	year = {2015}
}

@article{Kratzer2009,
	author = {Kratzer, Angelika},
	journal = {Linguistic Inquiry},
	pages = {187–237},
	title = {Making a pronoun: fake indexicals as windows into the properties of pronouns},
	volume = {40},
	year = {2009}
}

@article{Kuno1977,
	author = {Kuno, Susumu  and Kaburaki, Etsuku},
	journal = {Linguistic Inquiry},
	pages = {627–672},
	title = {Empathy and Syntax},
	volume = {8},
	year = {1977}
}

@book{Landau2013,
	address = {Cambridge},
	author = {Landau, Idan},
	publisher = {Cambridge University Press},
	title = {Control in Generative Grammar: A Research Companion},
	year = {2013}
}


@book{Lyons1968,
	address = {Cambridge},
	author = {Lyons, John},
	publisher = {Cambridge University Press},
	title = {Introduction to theoretical linguistics},
	year = {1968}
}

@article{Maling1984,
	author = {Maling, Joan},
	journal = {Linguistics and Philosophy},
	pages = {211–241},
	title = {Non-clause bounded reflexives in Icelandic},
	volume = {7},
	year = {1984}
}


@article{Martín2014,
	author = {Martín, Txsuss and Hinzen, Wolfram},
	journal = {Lingua},
	pages = {95–117},
	title = {The grammar of the essential indexical},
	volume = {148},
	year = {2014}
}

@article{Partee1973,
	author = {Partee, Barbara},
	journal = {The Journal of Philosophy},
	pages = {601–609},
	title = {Some structural analogies between tenses and pronouns in {English}},
	volume = {70},
	year = {1973}
}

@report{Postal1966,
	address = {Washington, D.C.},
	author = {Postal, Paul},
	booktitle = {Report on the seventeenth annual round table meeting on linguistics and language studies},
	editor = {Dinneen, F.},
	pages = {177–206},
	publisher = {Georgetown University Press},
	title = {On so-called ‘pronouns’ in {English}},
	year = {1966}
}

@book{Reichenbach1947,
	address = {New York},
	author = {Reichenbach, Hans.},
	publisher = {Macmillan Co},
	title = {Elements of Symbolic Logic},
	year = {1947}
}

@incollection{Rizzi1997,
	address = {Dordrecht},
	author = {Rizzi, Luigi},
	booktitle = {Elements of grammar: {Handbook} in generative syntax},
	editor = {Haegeman, Liliane},
	pages = {281–337},
	publisher = {Kluwer},
	title = {The fine structure of the left periphery},
	year = {1997}
}

@incollection{Ross1970,
	address = {Waltham, MA},
	author = {Ross, John R.},
	booktitle = {Readings in {English} transformational grammar},
	editor = {Roderick Jacobs and Peter Rosenbaum},
	pages = {222–277},
	publisher = {Ginn \& Co},
	title = {On declarative sentences},
	year = {1970}
}

@article{Rullmann2004,
	author = {Rullmann, Hotze},
	journal = {Linguistic Inquiry},
	pages = {159–168},
	title = {First and second person pronouns as bound variables},
	volume = {35},
	year = {2004}
}

@article{Schlenker2003,
	author = {Schlenker, Philippe},
	journal = {Linguistics and Philosophy},
	pages = {29–120},
	title = {A plea for monsters},
	volume = {26},
	year = {2003} 
}


 

@book{Watanabe1993,
	address = {Cambridge MA},
	author = {Watanabe, Akira.},
	publisher = {MIT dissertation},
	title = {AGR-based Case Theory and its interaction with the A-Bar system},
	year = {1993}
}



@article{Zaenen1985,
	author = {Zaenen, Annie, Joan Maling  and  Höskuldur, Thráinsson},
	journal = {{Natural Language and Linguistic Theory} },
	pages = {441-483},
	title = {Case and grammatical functions: the Icelandic passive},
	volume = {3},
	year = {1985}
}


@incollection{Taraldsen1995,
	address = {Dordrecht},
	author = {Taraldsen, Tarald Knut},
	booktitle = {Studies in Comparative Germanic Syntax.},
	editor = {Hubert Haider, Susan Olsen and Sten Vikner},
	pages = {307-327},
	publisher = {Kluwer Academic Publishers},
	title = {On Agreement and Nominative Objects in Icelandic},
	year = {1995}
}



@article{Matushansky2006,
	author = {Matushansky, Ora},
	journal = {Linguistic Inquiry},
	pages = {69-109},
	title = {Head movement in linguistic theory},
	volume = {37},
	year = {2006}
}




@incollection{Tomioka2003,
	address = {Amsterdam/Philadelphia},
	author = {Tomioka, Satoshi},
	booktitle = {The Interfaces. Deriving and interpreting omitted structures,},
	editor = {Kerstin Schwabe and Susanne Winkler},
	pages = {321-340},
	publisher = {John Benjamins Publishing Company},
	title = {The semantics of Japanese null pronouns and its cross-linguistic implications},
	year = {2003}
	}
	
	


@book{Bonet1991,
	address = {Cambridge MA},
	author = {Bonet, Eulalia.},
	publisher = {MIT dissertation},
	title = {Morphology after Syntax: Pronominal Clitics in Romance Languages},
	year = {1991}
}



@book{Cowart1997,
	address = {Thousand Oaks, Ca.},
	author = {Cowart, Wayne.},
	publisher = {Sage},
	title = {{Experimental Syntax: Applying Objective Methods to Sentence Judgements}},
	year = {1997}
}



@article{BellettiRizzi1988,
	author = {Belletti Adriana  and  Luigi Rizzi},
	journal = {{Natural Language and Linguistic Theory} },
	pages = {291-352},
	title = {Psych verbs and θ-theory},
	volume = {6},
	year = {1988}
}



@article{Condoravdi1989,
	author = {Condoravdi, Cleo},
	journal = {{Proceedings of the West Coast Conference on Formal Linguistics} },
	note = {. CSLI Publications, Stanford University.},
	pages = {71-84},
	title = {Indefinite and generic pronouns},
	volume = {9},
	year = {1989}
}


@incollection{Chomsky2000,
	address = {Cambridge MA},
	author = {Chomsky, Noam},
	booktitle = {{Step by step: Essays on  minimalist syntax in honor of Howard Lasnik,}},
	editor = {Roger Martin, David Michaels and Juan Uriagereka},
	pages = {89-155},
	publisher = {MIT Press},
	title = {Minimalist inquiries: the framework},
	year = {2000}
}


@article{Baker2009,
	author = {Baker, Mark},
	journal = {{{{Lingua} }},
	note = {.}},
	pages = {148-165},
	title = {Is Head Movement Still Needed for Noun Incorporation? The Case of Mapudungun},
	volume = {119},
	year = {2009}
}

@article{AnagnostopoulouSevdali2015,
	author = {Anagnostopoulou, Elena  and  Christina Sevdali},
	journal = {{Language}},
	pages = {442-481},
	title = {Case Alternations in Ancient Greek Passives and the Typology of Case},
	volume = {91},
	year = {2015}
}

@phdthesis{Keller2000,
  title = {Gradience in Grammar: Experimental and Computational Aspects of Degrees of Grammaticality},
	author = {Keller, Frank},
	school = {University of Edinburgh dissertation},
	year = {2000}
}



@book{Barbosa2013,
	address = {Pro as a minimal pronoun},
	author = {Barbosa, Pilar.},
	publisher = {Towards a unified approach to pro-drop. Ms. University of Minho},
	year = {2013}
}


@incollection{SpyropoulosRevithiadou2009,
	address = {Cambridge, MA},
	author = {Spyropoulos, Vassilios and Anthi Revithiadou},
	booktitle = {Proceedings of the 2007 Workshop in Greek Syntax and Semantics at MIT, MTWPL.},
	editor = {Halpert, C., J. Hartman and D. Hill},
	pages = {293-309}, 
	title = {Subject chains in Greek and PF processing},
	year = {2009}
}



@incollection{Dimitriadis1999,
	address = {Dordrecht},
	author = {Dimitriadis, Alexis},
	booktitle = {Studies in Greek Syntax,},
	editor = {Artemis Alexiadou, Geoffrey Horrocks and Melita Stavrou},
	pages = {95-113},
	publisher = {Kluwer Academic Publishers},
	title = {On Clitics, Prepositions and Case Licensing in Standard and Macedonian Greek},
	year = {1999}
}


@misc{Lechner2007,
	author = {Lechner, Winfried},
	title = {Interpretive effects of Head Movement. Lingbuzz, version 2.0,  March 2007 .},
	year = {2007}
}



@article{Lechner2009,
	author = {Lechner, Winfried},
	pages = {346–356},
	title = {A puzzle for remnant movement analyses of V2. {Linguistic Inquiry}},
	volume = {40},
	year = {2009}
}


@book{Georgala2012,
	address = {Ithaca NY},
	author = {Georgala, Effi.},
	publisher = {Cornell University dissertation},
	title = {Applicatives in their Structural and Thematic Function. A minimalist account of Multitransitivity},
	year = {2012}
}


@book{BakerKramer2015,
	address = {Doubling Clitics are Pronouns},
	author = {Baker, Mark  and  Ruth Kramer.},
	publisher = {Agree, Move, Reduce, and Interpret. Ms. Rutgers University and Georgetown University},
	year = {2015}
}


@book{Jónsson1996,
	address = {Amherst MA},
	author = {Jónsson, Jóhannes Gísli.},
	publisher = {University of Massachusetts Amherst dissertation},
	title = {Clausal architecture and case in Icelandic},
	year = {1996}
}



@article{Beck2006,
	author = {Beck, Sigrid},
	journal = {{Natural Language Semantics} },
	pages = {1–56},
	title = {Intervention effects follow from focus interpretation},
	volume = {14},
	year = {2006}
} 
@article{BardEtAl1996,
	author = {Bard Ellen Gurman, Dan Robertson and Antonella Sorace},
	journal = {Language},
	pages = {32–68},
	title = {Magnitude Estimation of Linguistic Acceptability},
	volume = {72},
	year = {1996}
	}
	

@incollection{CardinalettiStarke1999,
	address = {Berlin/New York},
	author = {Cardinaletti, Anna and Michal Starke},
	booktitle = {Clitics in the languages of Europe,},
	editor = {Henk van Riemsdijk},
	pages = {145-233},
	publisher = {Mouton de Gruyter},
	title = {The typology of structural deficiency: A case study of three classes of pronouns},
	year = {1999}
	}
	


@article{Barbosa2009,
	author = {Barbosa, Pilar},
	journal = {{Studia Linguistica} },
	pages = {2-58},
	title = {Two kinds of subject pro},
	volume = {63},
	}
	


@incollection{AlexiadouAnagnostopoulouSchäfer2006,
	address = {Berlin/ New York},
	author = {Alexiadou, Artemis, Elena Anagnostopoulou  and  Florian Schäfer},
	booktitle = {{Phases of Interpretation},},
	editor = {Mara Frascarelli},
	pages = {187-211},
	publisher = {Mouton de Gruyter},
	title = {The properties of anticausatives crosslinguistically},
	year = {2006}
}


@book{AlexiadouAnagnostopoulouSchäfer2015,
	address = {Oxford},
	author = {Alexiadou, Artemis, Elena Anagnostopoulou  and  Florian Schäfer.},
	publisher = {Oxford University Press},
	title = {{External arguments in transitivity alternations. A layering approach}},
	year = {2015}
}

@article{Matushansky2006,
	author = {Matushansky, Ora},
	journal = {Linguistic Inquiry},
	pages = {69-109},
	title = {Head movement in linguistic theory},
	volume = {37},
	year = {2006}
}


@ARTICLE{AlexiadouAnagnostopoulou1998,
  author = {Alexiadou, Artemis and Anagnostopoulou, Elena},
  title = {{Parametrizing AGR: Word order, V-movement and EPP-checking}},
  journal = {Natural Language \& Linguistic Theory},
  year = {1998},
  volume = {16},
  pages = {491--539}
}

@incollection{Lechner2006,
	address = {Berlin/ New York},
	author = {Lechner, Winfried},
	booktitle = {Phases of Interpretation,},
	editor = {Mara Frascarelli},
	pages = {45-69},
	publisher = {Mouton de Gruyter},
	title = {An interpretive effect of Head Movement},
	year = {2006}
	}
	
@article{Eilam2009,
	author = {Eilam, Aviad},
	journal = {Brill's Annual of Afroasiatic Languages and Linguistics},
	pages = {204--254},
	title = {The Absence of Intervention Effects in {A}mharic: Evidence for a Non-Structural Approach},
	volume = {1},
	year = {2009}
}	

@article{HolmbergHróarsdóttir2003,
	author = {Holmberg, Anders and Thorbjörg  Hróarsdóttir},
	journal = {Lingua},
	pages = {997--1019},
	title = {Agreement and movement in {I}celandic raising constructions},
	volume = {113}
	}
	
	
@article{Zmt1985,
	Author = {Zaenen, Annie and Maling, Joan and Thráinsson, Höskuldur},
	Journal = {Natural Language and Linguistic Theory},
	Pages = {441--483},
	Title = {Case and grammatical functions: The {I}celandic passive},
	Volume = {3},
	Year = {1985}}	
	
@book{Dikken1995,
	title = {Particles: On the syntax of verb-particle, triadic, and causative constructions},
	address={Oxford},
	author = {Den Dikken, Marcel},
	publisher = {Oxford University Press},
	year = {1995}
}	

@article{GurmanEtAl1996,
	author = {Gurman, Bard Ellen and Dan Robertson and Antonella Sorace},
	journal = {Language},
	pages = {32–68},
	title = {Magnitude Estimation of Linguistic Acceptability},
	volume = {72},
	year = {1996}
	}
	
@article{AlexiadouAnagnostopoulou2001,
	author = {Alexiadou, Artemis  and  Elena Anagnostopoulou},
	journal = {{Linguistic Inquiry}},
	pages = {193--231},
	title = {The Subject In-Situ Generalization, and the role of Case in driving computations},
	volume = {32},
	year = {2001}
}	

@article{Matushansky2006,
	author = {Matushansky, Ora},
	journal = {Linguistic Inquiry},
	pages = {69--109},
	title = {Head movement in linguistic theory},
	volume = {37},
	year = {2006}
}
@misc{BakerKramer2015,
	title = {Doubling clitics are pronouns: Agree, Move, Reduce, and Interpret},
	author = {Baker, Mark and Ruth Kramer.},
	note = {Ms. Rutgers University & Georgetown University.},
	year = {2015}
}

@incollection{D’Alessandro2015,
	address = {London},
	author = {D’Alessandro, Roberta},
	booktitle = {Contemporary Linguistic Parameters},
	editor = {Antonio Fábregas and Jaume Mateu and Mike T. Putnam M.},
	publisher = {Bloomsbury},
	title = {Null Subjects},
	year = {2015}
}

@article{Hauser2002,
	author = {Hauser, Marc D. and Chomsky, N.  and  Fitch, Tecumseh W.},
	title={The Faculty of Language: What is it, Who has it, and How did it evolve?},
	journal = {Science},
	pages = {1569--1579},
	volume = {298},
	year = {2002}
}