% Include entries that you actually cite. Do not copy here your whole bib-file.

@incollection{Belletti2004,
  title={Aspects of the low {IP} area},
  author={Belletti, Adriana},
  booktitle={The structure of {CP and IP}},
  series={The cartography of syntactic structures},
  editor={Rizzi, Luigi},
  address={Oxford},
  publisher={Oxford University Press},
  number={2},
  pages={16--51},
  year={2004}
}

@article{KoevaBNC,
  title={{Bulgarian National Corpus Project}},
  author={Koeva, Svetla and Blagoeva, Diana and Kolkovska, Siya},
  journal={Politics},
  volume={207},
  pages={3678-3684},
  year={2010},
}

@article{BrananErlewine2023,
  title={Anti-pied-piping},
  author={Branan, Kenyon and Erlewine, Michael Yoshitaka},
  journal={Language},
  volume={99},
  number={3},
  pages={603-653},
  doi={10.1353/lan.2023.a907013},
  year={2023}
}

@article{BuringHartmann2001,
    author =       {B\"uring, Daniel and Katharina Hartmann},
    title =        "The Syntax and Semantics of Focus-Sensitive Particles in {G}erman",
    journal =      "Natural Language \& Linguistic Theory",
    volume =       "19",
    number =       "2",
    pages =        "229-281",
    year =         "2001",
    DOI =          "10.1023/A:1010653115493",
}

@book{Chomsky1986,
  title={Barriers},
  author={Chomsky, Noam},
  series={Linguistic Inquiry Monograph 13},
  year={1986},
address = {Cambridge, MA},
  publisher={MIT Press}
}

@phdthesis{Erlewine2014,
  title={Movement out of focus},
  author={Erlewine, Michael Yoshitaka},
  year={2014},
  school={Massachusetts Institute of Technology},
address = {Cambridge, MA},
}

@article{Erlewine2017,
  title={Vietnamese focus particles and derivation by phase},
  author={Erlewine, Michael Yoshitaka},
  journal={Journal of East Asian Linguistics},
  volume={26},
  pages={325--349},
  doi={10.1007/s10831-017-9156-y},
  year={2017},
  %publisher={Springer},
}

@incollection{Erlewine2022,
  title={Mandarin exhaustive focus \textit{sh{\`\i}} and the syntax of discourse congruence},
  author={Erlewine, Michael Yoshitaka},
  booktitle={Particles in {G}erman, {E}nglish, and beyond},
  publisher={John Benjamins},
  address={Amsterdam},
  editor={Gergel, Remus and Augustin Speyer and Ingo Reich},
  pages={323--354},
  year={2022},
doi = {10.1075/slcs.224.12erl},
}

@article{Harizanov2019,
  title={Head movement to specifier positions},
  author={Harizanov, Boris},
  journal={Glossa: a journal of general linguistics},
  volume={4},
  number={1},
  year={2019},
pages = {140},
doi = {10.5334/gjgl.871},
}

@Book{Jacobs1983,
  title={Fokus und {S}kalen: {Z}ur {S}yntax und {S}emantik der {G}rad\-par\-ti\-keln im {D}eutschen},
  author={Jacobs, Joachim},
  year={1983},
  address={Tübingen},
  publisher={Max Niemeyer},
  series={Linguistische {A}rbeiten},
  number={138},
}


@incollection{Jasinskaja2016,
    Year = {2016}, 
	Title = {Information structure in {S}lavic}, 
	Editor = {F\'{e}ry, Caroline and Shinichiro Ishihara}, 
	Address = {Oxford}, 
	Pages = {709-732}, 
	Booktitle = {The {O}xford handbook of information structure}, 
	Publisher = {Oxford University Press}, 
	Author = {Jasinskaja, Katja},
	%edition = {},
}

@article{Krapova2002,
  title={On the Left Periphery of the {Bulgarian} sentence},
  author={Krapova, Iliyana},
  journal={University of Venice Working Papers in Linguistics},
  volume={12},
  pages={107--128},
  year={2002}
}

@article{MeyerSauerland2009,
  title={A pragmatic constraint on ambiguity detection: {A} rejoinder to {B{\"u}ring and Hartmann and to Reis}},
  author={Meyer, Marie-Christine and Sauerland, Uli},
  journal={Natural Language \& Linguistic Theory},
  volume={27},
  pages={139--150},
  year={2009},
  doi={10.1007/s11049-008-9060-2},
  %publisher={Springer},
}

@Book{Mursell2021,
  title={The Syntax of Information-structural Agreement},
  author={Mursell, Johannes},
  year={2021},
  publisher={John Benjamins},
  address = {Amsterdam and Philadelphia},
    number = 	 {268},
  series = 	 {Linguistik {A}ktuell/{L}inguistics {T}oday},
}

@inproceedings{Nicolova2000,
  title={{\"U}ber den {K}ontrastfokus mit {P}artikeln im {B}ulgarischen},
  author={Nicolova, Ruselina},
  booktitle={3. Europ{\"a}ische {Konferenz} ``{Formale Beschreibung slavischer Sprachen, Leipzig} 1999"},
  editor={Zybatow, Gerhild and Uwe Junghanns and Grit Mehlhorn and Luka Szucsich},
  pages={103--115},
  year={2000},
  series={Linguistische {A}rbeitsberichte},
  number={75},
}

@article{Reis2005,
  title={On the syntax of so-called focus particles in {G}erman: {A} reply to {B{\"u}ring and Hartmann} 2001},
  author={Reis, Marga},
  journal={Natural Language \& Linguistic Theory},
  volume={23},
  number={2},
  pages={459--483},
  year={2005},
  doi={0.1007/s11049-004-0766-5},
 % publisher={Springer},
}

@phdthesis{Rooth1985,
    author = {Rooth, Mats},
    title = {Association with focus},
    school = {University of Massachusetts, Amherst},
    year = {1985},
}

@article{Rudin1988,
  title={On multiple questions and multiple {WH} fronting},
  author={Rudin, Catherine},
  journal={Natural Language \& Linguistic Theory},
  volume={6},
  pages={445--501},
  year={1988},
  doi={10.1007/BF00134489},
  publisher={Springer}
}

@article{SmeetsWagner2018,
  title={Reconstructing the syntax of focus operators},
  author={Smeets, Liz and Wagner, Michael},
  journal={Semantics and Pragmatics},
  volume={11},
  doi={10.3765/sp.11.6},
  pages={6:1-30},
  year={2018}
}

@incollection{vonStechow2008,
  title={Current issues in the theory of focus},
  author={von Stechow, Arnim},
  booktitle={Semantik/{S}emantics},
  pages={804--825},
  year={2008},
  publisher={De Gruyter Mouton},
  address={Berlin},
  editor={von Stechow, Arnim and Dieter Wunderlich},
  series={Handbücher zur {S}prach- und {K}ommunikationswissenschaft / Handbooks of {L}inguistics and {C}ommunication {S}cience},
  number={6},
  doi={10.1515/9783110126969},
}

@Book{Sudhoff2010,
  author = 	 {Sudhoff, Stefan},
  title = 	 {Focus particles in {G}erman: {S}yntax, prosody, and information structure},
  publisher = 	 {John Benjamins},
  address = {Amsterdam and Philadelphia},
  year = 	 {2010},
  number = 	 {151},
  series = 	 {Linguistik {A}ktuell/{L}inguistics {T}oday},
}

@book{Taglicht1984,
  title={Message and emphasis: {On focus and scope in English}},
  author={Taglicht, Josef},
  series={English language series},
  number={15},
  year={1984},
  publisher={Longman},
  address={London and New York}
}

@incollection{TassevaDubinsky2018,
  title={On the {NP/DP} Frontier: {Bulgarian} as a Transitional Case},
  author={Tasseva-Kurktchieva, Mila and Dubinsky, Stanley},
  editor={Franks, Steven L. and Vrinda Chidambaram and Brian D. Joseph and Iliyana Krapova},
  booktitle={Katerino Mome: {Studies in Bulgarian morphosyntax
in honor of Catherine Rudin}},
   address={Bloomington, IN},
   publisher={Slavica},
  pages={287--312},
  year={2018},
}

@incollection{TishevaDzhonova2003,
    Year = {2003}, 
	Title = {Lexical markers on the information structure level}, 
	Editor = {Birnbaum, David}, 
	Address = {Sofia}, 
	Pages = {1-20}, 
	Booktitle = {Computational approaches to the study of early and modern {S}lavic languages and texts: {P}roceeedings of the "{Electronic} Description and Edition of {Slavic Sources}" conference, 24--26 {S}eptember 2002, {P}omorie, {B}ulgaria}, 
	Publisher = {Boyan Penev Publishing Center}, 
	Author = {Tisheva, Yovka and Marina Dzhonova},
	%edition = {},
}

@article{Titov2020,
  title={Optionality of movement},
  author={Titov, Elena},
  journal={Syntax},
  volume={23},
  number={4},
  pages={347--374},
  year={2020},
  doi={10.1111/synt.12202},
  %publisher={Wiley Online Library}
}

@incollection{Tomaszewicz2013,
    Year = {2013}, 
	Title = {\textit{A\.z/\v cak}: The scalar opposite of scalar \textit{only}}, 
	Editor = {Junghanns, Uwe and Dorothee Fehrmann and Denisa Lenertov\'{a} and Hagen Pitsch}, 
	Address = {Frankfurt am Main}, 
	Pages = {301-323}, 
	Booktitle = {Formal description of {S}lavic languages: {T}he ninth conference. {P}roceedings of {FDSL} 9, {G}\"ottingen 2011}, 
	Publisher = {Peter Lang}, 
	Author = {Tomaszewicz, Barbara},
	%edition = {},
}

@INCOLLECTION{Zanon2018,
  title={Focus association with \textit{only} in {R}ussian},
  author={Zanon, Ksenia},
  booktitle={Annual Workshop on {Formal} Approaches to {Slavic} Linguistics: {The Stanford} Meeting 2018},
    editor = {Vera Gribanova and Sabrina Grimberg and Erika Petersen and Eva Portelance and Brandon Waldon},
publisher = {Michigan Slavic Publications},
address = {Ann Arbor, MI},
  pages={418--437},
doi={10.17863/CAM.101872},
  year={2023},
}