@Book{stoel2005focus,
  author    = {Stoel, Ruben B.},
  title     = {Focus in {Manado Malay}: {G}rammar, particles, and intonation},
  publisher = {CNWS publications},
  address  = {Leiden},
  year      = {2005},
}

@Article{Croft_1995,
  author    = {William Croft},
  title     = {Intonation units and grammatical structure},
  doi       = {10.1515/ling.1995.33.5.839},
  number    = {5},
  volume    = {33},
  journal   = {Linguistics},
  publisher = {De Gruyter},
  year      = {1995},
}



@Article{cole2010signal,
  author    = {Cole, Jennifer and Mo, Yoonsook and Hasegawa-Johnson, Mark},
  title     = {Signal-based and expectation-based factors in the perception of prosodic prominence},
  doi       = {10.1515/labphon.2010.022},
  number    = {2},
  pages     = {425--452},
  volume    = {1},
  journal   = {Laboratory Phonology},
  publisher = {De Gruyter},
  year      = {2010},
}


@Article{krifka2008basic,
  author    = {Krifka, Manfred},
  title     = {Basic notions of information structure},
  doi       = {10.1556/aling.55.2008.3-4.2},
  number    = {3-4},
  pages     = {243--276},
  volume    = {55},
  journal   = {Acta Linguistica Hungarica},
  publisher = {Akadémiai Kiadó},
  year      = {2008},
}


@Article{CHAFE_1988,
  author    = {Wallace L. Chafe},
  title     = {Punctuation and the Prosody of Written Language},
  doi       = {10.1177/0741088388005004001},
  number    = {4},
  pages     = {395--426},
  volume    = {5},
  journal   = {Written Communication},
  publisher = {{SAGE} Publications},
  year      = {1988},
}








@InCollection{himmelmann2006challenges,
  author      = {Nikolaus P. Himmelmann},
  booktitle   = {Essentials of language documentation},
  title       = {The challenges of segmenting spoken language},
  doi         = {10.1515/9783110197730.253},
  editor      = {Jost Gippert and Nikolaus P. Himmelmann and Ulrike Mosel},
  pages       = {253--274},
  publisher   = {De Gruyter Mouton},
  address     = {Berlin, New York},
  lastchecked = {2023-03-02},
  year        = {2006},
}


@Article{Cicourel2007,
  author      = {Aaron V. Cicourel},
  title       = {A personal, retrospective view of ecological validity},
  doi         = {10.1515/TEXT.2007.033},
  number      = {5-6},
  pages       = {735--752},
  volume      = {27},
  journal     = {Text \& Talk},
  lastchecked = {2023-03-16},
  year        = {2007},
}



@Book{Skopeteas.2006b,
  author    = {Skopeteas, Stavros and Fiedler, Ines and Hellmuth, Sam and Schwarz, Anne and Stoel, Ruben and Fanselow, Gisbert and Féry, Caroline and Krifka, Manfred},
  title     = {Questionnaire on information structure {(QUIS)}: {R}efence manual},
  number    = {4},
  publisher = {{Universitätsverlag Potsdam}},
  series    = {ISIS},
  url       = {https://www.eva.mpg.de/lingua/tools-at-lingboard/pdf/Information_Structure_Questionnaire_Manual.pdf},
  address   = {Potsdam},
  year      = {2006},
}

@InProceedings{Lee_2015,
  author={Lee, Yong-cheol and Wang, Bei and Chen, Sisi and Adda-Decker, Martine and Amelot, Angélique and Nambu, Satoshi and Liberman, Mark},
  booktitle = {{International Conference on Acoustics, Speech and Signal Processing ({ICASSP})}},
  title     = {A crosslinguistic study of prosodic focus},
  doi       = {10.1109/icassp.2015.7178873},
  pages     = {4754-4758},
  publisher = {IEEE},
  year      = {2015},
}

@InCollection{Jun_byProm,
  author    = {Jun, Sun-Ah},
  editor    = {Jun, Sun-Ah},
  booktitle = {{Prosodic Typology {II}: {T}he Phonology of Intonation and Phrasing}},
  title     = {Prosodic typology: {by} prominence type, word prosody, and macro-rhythm},
  doi       = {10.1093/acprof:oso/9780199567300.003.0017},
  publisher = {Oxford University Press},
  address   = {Oxford},
  year      = {2014}
}


@InCollection{Himmelmann_Preliminary_2018,
  author    = {Himmelmann, Nikolaus P.},
  booktitle = {Perspectives on information structure in {Austronesian} languages},
  title     = {Some preliminary observations on prosody and information structure in {A}ustronesian languages of {I}ndonesia and {E}ast {T}imor.},
  doi       = {10.5281/zenodo.1402555},
  editor    = {Riesberg, Sonja and Shiohara, Asako and Utsumi, Atsuko},
  pages     = {347--374},
  publisher = {{Language Science Press}},
  address   = {Berlin},
  year      = {2018},
}

@Article{himmelmann2008prosodic,
  author    = {Himmelmann, Nikolaus P. and Ladd, D. Robert},
  title     = {Prosodic description},
  number    = {2},
  pages     = {244--274},
  subtitle  = {An introduction for fieldworkers},
  volume    = {2},
  journal   = {Language Documentation \& Conservation},
  handle    = {10125/4345},
  publisher = {University of Hawai'i Press},
  year      = {2008},
}



@InCollection{Chafe_1987,
  author    = {Wallace L. Chafe},
  title     = {Cognitive constraints on information flow},
  booktitle = {Coherence and Grounding in Discourse, },
  doi       = {10.1075/tsl.11.03cha},
  editor    = {Tomlin, Russell S.},
  number    = {11},
  pages     = {21--51},
  publisher = {John Benjamins},
  address   = {Amsterdam},
  series    = {Typological Studies in Language},
  year      = {1987},
}


@PhdThesis{schwiertz2009intonation,
  author = {Schwiertz, Gabriele},
  title  = {{Intonation \& Prosodic Structure in {Beaver} (Athabaskan)--Explorations on the language of the Danezaa}},
  url    = {http://kups.ub.uni-koeln.de/id/eprint/2935},
  school = {Universität zu Köln},
  year   = {2009},
}

@Book{chafe1994discourse,
  author    = {Chafe, Wallace L.},
  title     = {Discourse, consciousness, and time: {The} flow and displacement of conscious experience in speaking and writing},
  publisher = {University of Chicago Press},
  address   = {Chicago},
  year      = {1994},
}

@Article{mo2008naive,
  author  = {Mo, Yoonsook and Cole, Jennifer and Lee, Eun-Kyung},
  title   = {Na{\"\i}ve listeners’ prominence and boundary perception},
  pages   = {735--738},
  address = {Campinas, Brazil},
  journal = {Proceedings of Speech Prosody},
  url     = {https://www.isca-speech.org/archive/speechprosody_2008/mo08_speechprosody.html},
  year    = {2008}
}

@InCollection{dubois1993,
  author    = {Du Bois, John W and Schuetze-Coburn, Stephan Mark and Cumming, Susanna and Paolino, Danae},
  booktitle = {Talking data: {T}ranscription and coding in discourse research},
  title     = {Outline of discourse transcription},
  editor    = {Edwards, Jane A. and Lampter, Martin D.},
  pages     = {45--89},
  publisher = {Psychology Press},
  address   = {New York},
  year      = {1993},
}




@Article{dubois1992,
  author    = {Du Bois, John W and Cumming, Susanna and Schuetze-Coburn, Stephan Mark and Paolino, Danae},
  title     = {Discourse transcription},
  volume    = {4},
  address   = {Santa Barbara},
  journal   = {Santa Barbara papers in linguistics},
  publisher = {Department of Linguistics, University of California},
  year      = {1992},
}




@InCollection{Focus_Tagalog,
  author    = {Naonori Nagaya and Hyun Kyung Hwang},
  booktitle = {Perspectives on information structure in {Austronesian} languages},
  title     = {Focus and prosody in {T}agalog},
  doi       = {10.5281/zenodo.1402557},
  editor    = {Riesberg, Sonja and Shiohara, Asako and Utsumi, Atsuko},
  pages     = {375--388},
  publisher = {{Language Science Press}},
  address   = {Berlin},
  year      = {2018},
}



@Article{goedemans2007stress,
  author    = {Goedemans, Rob and van Zanten, Ellen},
  title     = {Stress and accent in {Indonesian}},
  pages     = {35--62},
  volume    = {9},
  journal   = {LOT {O}ccasional {s}eries},
  publisher = {LOT, {N}etherlands {G}raduate {S}chool of {L}inguistics},
  year      = {2007},
  url      =  {https://dspace.library.uu.nl/bitstream/handle/1874/296762/bookpart.pdf?sequence=2&isAllowed=y},
  handle   =  {1874/296762}
}




@Book{turk2020speech,
  author    = {Turk, Alice and Shattuck-Hufnagel, Stefanie},
  title     = {Speech Timing},
  doi       = {10.1093/oso/9780198795421.001.0001},
  publisher = {Oxford University Press},
  address   = {Oxford},
  subtitle  = {Implications for Theories of Phonology, Phonetics, and Speech Motor Control},
  year      = {2020},
}


@InCollection{Levinson.1992c,
  author    = {Levinson, Stephen C. and Brown, Penelope and Danzinger, Eve and de León, Lourdes and Haviland, John B. and Pederson, Eric and Senft, Gunter},
  booktitle = {Space stimuli kit 1.2},
  title     = {Man and Tree \& Space Games},
  doi       = {10.17617/2.2458804},
  editor    = {Levinson, Stephen C.},
  pages     = {7--14},
  publisher = {{Max Planck Institute for Psycholinguistics}},
  address   = {Nijmegen},
  year      = {1992},
}

@Article{Ots_2019,
  author    = {Nele Ots and Eva Liina Asu},
  title     = {The perception of prominence},
  subtitle  = {A Rapid Prosody Transcription study with {Estonian} listeners},
  doi       = {10.12697/jeful.2019.10.1.08},
  number    = {1},
  pages     = {145--165},
  volume    = {10},
  journal   = {Eesti ja soome-ugri keeleteaduse ajakiri. Journal of Estonian and Finno-Ugric Linguistics},
  publisher = {University of Tartu Press},
  year      = {2019},
}

@InProceedings{bracks2022totoli,
  author    = {Bracks, Christoph and Moss, Fabian C.},
  booktitle = {Proceedings of the {10th International Workshop on Folk Music Analysis}},
  title     = {Totoli's Art of {L}elegesan},
  doi       = {10.31219/osf.io/5tsxa},
  subtitle  = {Analyzing Sociocultural Context and Musical Content},
  year      = {2022},
}

@InCollection{Himmelmann_Kaufmann_Prosody,
  author    = {Nikolaus P. Himmelmann and Daniel Kaufman},
  booktitle = {The {Oxford} Handbook of Language Prosody},
  title     = {Austronesia},
  doi       = {10.1093/oxfordhb/9780198832232.013.28},
  editor    = {Gussenhoven, Carlos and Chen, Aoju},
  pages     = {370--383},
  publisher = {Oxford University Press},
  address  =  {Oxford},
  year      = {2020},
}


@PhdThesis{riehl2008phonology,
  author = {Riehl, Anastasia},
  title  = {The phonology and phonetics of nasal-obstruent sequences},
  doi = {10.5281/zenodo.3976876},
  school = {Cornell University},
  year   = {2008}
}



@InCollection{arvaniti2020autosegmental,
  author = {Arvaniti, Amalia and Fletcher, Janet},
  booktitle = {The {Oxford} Handbook of Language Prosody},
  title     = {The Autosegmental-Metrical theory of intonational phonology},
  editor    = {Gussenhoven, Carlos and Chen, Aoju},
  pages     = {78--95},
  publisher = {Oxford University Press},
  address   = {Oxford},
  doi = {10.1093/oxfordhb/9780198832232.013.4},
  year      = {2020},
}






@Article{riesberg2020,
  author    = {Riesberg, Sonja and Kalbertodt, Janina and Baumann, Stefan and Himmelmann, Nikolaus P.},
  title     = {Using Rapid Prosody Transcription to probe little-known prosodic systmes},
  doi       = {10.5334/labphon.192},
  pages     = {1--35},
  subtitle  = {{The} case of {Papuan Malay}},
  volume    = {11},
  number   =  {1},
  journal   = {Labratory Phonology},
  year      = {2020},
}

@Article{Wouk1998,
  author   = {Fay Wouk},
  title    = {Solidarity in {Indonesian} conversation},
  doi      = {10.1515/mult.1998.17.4.379},
  number   = {4},
  pages    = {379--406},
  subtitle = {The discourse marker \textit{kan}},
  volume   = {17},
  journal  = {Multilingua},
  year     = {1998},
}


@Book{marina1986prosodic,
  author      = {Marina Nespor and Irene Vogel},
  title       = {Prosodic Phonology},
  doi         = {10.1515/9783110977790},
  publisher   = {De Gruyter Mouton},
  address     = {Berlin, Boston},
  lastchecked = {2023-03-02},
  year        = {1986},
}


@InCollection{Riad2018,
  author      = {Tomas Riad},
  booktitle   = {Phonological typology},
  title       = {The phonological typology of {N}orth {G}ermanic accent},
  doi         = {10.1515/9783110451931-010},
  editor      = {Larry M. Hyman and Frans Plank},
  pages       = {341--388},
  publisher   = {Mouton De Gruyter},
  address     = {Berlin, Boston},
  lastchecked = {2023-03-21},
  year        = {2018},
}




@InCollection{Reid_ProtoA_NC,
  author    = {Lawrence A. Reid},
  title     = {Sources of {Proto-Oceanic} Initial Prenasalization},
  booktitle = {Grammatical analysis: {M}orphology, syntax, and semantics, studies in honor of {Stanley Starosta}},
  editor    = {De Guzman, Videa P.  and Byron Bender},
  number    = {29},
  pages     = {30--45},
  subtitle  = {The View from Outside {Oceanic}},
  series   = {Oceanic Linguistics Special Publications},
  publisher = {University of Hawai'i Press},
  address   = {Honolulu},
  year      = {2000},
}




@InProceedings{you2012determining,
  author    = {You, Hie-Jung},
  booktitle = {Proceedings of {S}peech {P}rosody},
  title     = {Determining prominence and prosodic boundaries in {Korean} by non-expert rapid prosody transcription},
  pages     = { 318–321},
  url       = {https://www.isca-speech.org/archive/speechprosody_2012/you12_speechprosody.html},
  year      = {2012},
}


@InCollection{himmelmann2010notes,
  author    = {Himmelmann, Nikolaus P.},
  booktitle = {East {N}usantara: {T}ypological and areal analyses},
  title     = {Notes on {Waima'a} intonational structure},
  doi       = {10.15144/PL-618},
  editor    = {Ewing, Michael C. and Klamer, Marian},
  pages     = {47--69},
  publisher = {Pacific Linguistics, Australian National University},
  address   = {Canberra},
  year      = {2010},
}

@Book{Tao_1996,
  author    = {Hongyin Tao},
  title     = {Units in {Mandarin} Conversation},
  doi       = {10.1075/sidag.5},
  publisher = {John Benjamins Publishing Company},
  subtitle  = {Prosody, discourse, and grammar},
  address   = {Amsterdam},
  year      = {1996},
}



@InCollection{chafe1993prosodic,
  author    = {Chafe, Wallace L.},
  booktitle = {Talking data: {T}ranscription and coding in discourse research},
  title     = {Prosodic and functional units of language},
  editor    = {Edwards, Jane A. and Lampter, Martin D.},
  pages     = {33--44},
  publisher = {Psychology Press},
  address   = {New York},
  year      = {1993},
}




@Article{Blust2004,
  author  = {Blust, Robert},
  title   = {Austronesian Nasal Substitution},
  subtitle = {A Survey},
  doi     = {10.1353/ol.2004.0004},
  number  = {1},
  pages   = {73--148},
  volume  = {43},
  journal = {Oceanic Linguistics},
  year    = {2004},
}

@Book{Matsumoto_2003,
  author    = {Kazuko Matsumoto},
  title     = {Intonation Units in {Japanese} Conversation},
  doi       = {10.1075/slcs.65},
  publisher = {John Benjamins},
  address   = {Amsterdam},
  subtitle  = {Syntactic, informational and functional structures},
  year      = {2003},
}



@Book{crystal1969prosodic,
  author    = {Crystal, David},
  title     = {Prosodic Systems and Intonation in {English}},
  number    = {1},
  publisher = {Cambridge University Press},
  address   = {Cambridge},
  series    = {Cambridge Studies in Linguistics},
  lccn      = {69013792},
  year      = {1976},
}

@InCollection{riesberg2018perception,
  author    = {Riesberg, Sonja and Kalbertodt, Janina and Baumann, Stefan and Himmelmann, Nikolaus P.},
  booktitle = {Perspectives on information structure in {Austronesian} languages},
  title     = {On the perception of prosodic prominences and boundaries in {Papuan} {Malay}},
  doi       = {10.5281/zenodo.1402559},
  editor    = {Riesberg, Sonja and Shiohara, Asako and Utsumi, Atsuko},
  pages     = {389--414},
  publisher = {{Language Science Press}},
  address   = {Berlin},
  year      = {2018},
}


@Article{Turkish_Intonation,
  author  = {Ipek,Canan and Jun,Sun-Ah},
  title   = {Towards a model of intonational phonology of {Turkish}},
  subtitle= {Neutral intonation},
  doi     = {10.1121/1.4799755},
  number  = {1},
  pages   = {060230},
  volume  = {19},
  journal = {Proceedings of Meetings on Acoustics},
  year    = {2013},
}





@InCollection{phonology2005and,
  author    = {Jun, Sun-Ah},
  booktitle = {Prosodic typology: {The} phonology of intonation and phrasing},
  title     = {Korean intonational phonology and prosodic transcription},
  doi       = {10.1093/acprof:oso/9780199249633.003.0008},
  editor    = {Jun, Sun-Ah},
  pages     = {201--229},
  publisher = {Oxford University Press},
  address   = {Oxford},
  year      = {2005}
}

@Article{Hyman_1987,
  author    = {Hyman, Larry M. and Katamba, Francis and Walusimbi, Livingstone},
  title     = {Luganda and the Strict Layer Hypothesis},
  doi       = {10.1017/S0952675700000786},
  pages     = {87--108},
  volume    = {4},
  journal   = {Phonology Yearbook},
  publisher = {Cambridge University Press},
  year      = {1987},
}

@Article{Matsumoto_2000,
  author    = {Kazuko Matsumoto},
  title     = {Japanese intonation units and syntactic structure},
  doi       = {10.1075/sl.24.3.03mat},
  number    = {3},
  pages     = {515--564},
  volume    = {24},
  journal   = {Studies in Language},
  publisher = {John Benjamins Publishing Company},
  year      = {2000},
}






@InCollection{jun2006_typo,
  author    = {Jun, Sun-Ah},
  booktitle = {Prosodic typology: {The} phonology of Intonation and phrasing},
  title     = {Prosodic Typology},
  doi       = {10.1093/acprof:oso/9780199249633.003.0016},
  editor    = {Jun, Sun-Ah},
  pages     = {430--458},
  publisher = {Oxford University Press},
  address   = {Oxford},
  year      = {2005}
}

@InProceedings{IwasakiTao1993comparative,
  author    = {Iwasaki, Shoichi and Tao, Hongyin},
  booktitle = {Annual meeting of the {Linguistic Society of America}},
  title     = {A comparative study of the structure of the intonation unit in {English}, {Japanese}, and {Mandarin} {Chinese}},
  year      = {1993},
}




@Manual{R_manual,
  author       = {R Core Team},
  title        = {R},
  subtitle     = {A language and environment for statistical computing},
  organization = {R Foundation for Statistical Computing},
  url          = {https://www.R-project.org/},
  address      = {Vienna, Austria},
  year         = {2017},
}


@Article{journalpone0216859,
  author    = {Roessig, Simon AND Mücke, Doris AND Grice, Martine},
  title     = {The dynamics of intonation},
  subtitle  = {Categorical and continuous variation in an attractor-based model},
  doi       = {10.1371/journal.pone.0216859},
  number    = {5},
  pages     = {1--32},
  volume    = {14},
  journal   = {PLoS ONE},
  publisher = {Public Library of Science},
  year      = {2019},
}

@Article{Iwasaki1996Thai,
  author  = {Iwasaki, Shoichi},
  title   = {The syntactic and functional structures of intonation unit in {Thai}},
  pages   = {750--762},
  volume  = {2},
  journal = {Pan-Asiatic Linguistics},
  year    = {1996},
}

@InProceedings{dombrowski2010shaping,
  author    = {Dombrowski, Ernst and Niebuhr, Oliver},
  booktitle = {Proceedings of {Speech} {Prosody}},
  title     = {Shaping phrase-final rising intonation in {G}erman},
  year      = {2010},
  address   = {Chicago, USA},
  url       = {https://www.isca-speech.org/archive/pdfs/speechprosody_2010/dombrowski10_speechprosody.pdf}
}




@Book{Talking_data,
  title     = {Talking data},
  doi       = {10.4324/9781315807928},
  editor    = {Edwards, Jane A. and Lampter, Martin D.},
  publisher = {Erlbaum},
  subtitle  = {Transcription and coding in discourse research},
  address   = {New York},
  year      = {1993},
}



@Book{Herbert_markedness,
  author    = {Robert K. Herbert},
  title     = {Language Universals, Markedness Theory, and Natural Phonetic Processes},
  doi       = {10.1515/9783110865936},
  publisher = {De Gruyter Mouton},
  address   = {Berlin, New York},
  year      = {1986},
}




@Article{himmelmann_IP_Universal,
  author    = {Himmelmann, Nikolaus P. and Sandler, Meytal and Strunk, Jan and Unterladstetter, Volker},
  title     = {On the universality of intonational phrases},
  subtitle     = {A cross-linguistic interrater study},
  doi       = {10.1017/S0952675718000039},
  number    = {2},
  pages     = {207--245},
  volume    = {35},
  journal   = {Phonology},
  publisher = {Cambridge University Press},
  year      = {2018},
}



@Article{cole2017crowd,
  author  = {Cole, Jennifer and Mahrt, Timothy and Roy, Joseph},
  title   = {Crowd-sourcing prosodic annotation},
  doi     = {10.1016/j.csl.2017.02.008},
  pages   = {300--325},
  volume  = {45},
  journal = {Computer Speech \& Language},
  year    = {2017},
}



@Book{statitstics_dict,
  author    = {Cramer, Duncan and Howitt, Dennis},
  title     = {The {SAGE} dictionary of statistics},
  edition   = {1},
  language  = {English},
  publisher = {SAGE},
  subtitle  = {a practical resource for students in the social sciences},
  address   = {London},
  year      = {2004},
}

@InCollection{RiesbergMalcherHimmelmann,
  author      = {Sonja Riesberg and Kurt Malcher and Nikolaus P. Himmelmann},
  booktitle   = {Valency over time},
  title       = {The many ways of transitivization in Totoli},
  doi         = {10.1515/9783110755657-008},
  editor      = {Silvia Luraghi and Elisa Roma},
  pages       = {235--264},
  publisher   = {De Gruyter Mouton},
  address     = {Berlin, Boston},
  lastchecked = {2023-03-13},
  year        = {2021},
}

@Article{Tallman,
  author  = {Tallman, Adam J. R.},
  title   = {Beyond grammatical and phonological words},
  doi     = {10.1111/lnc3.12364},
  eprint  = {https://compass.onlinelibrary.wiley.com/doi/pdf/10.1111/lnc3.12364},
  number  = {2},
  pages   = {e12364},
  volume  = {14},
  journal = {Language and Linguistics Compass},
  year    = {2020},
}

@PhdThesis{lieberman1966intonation,
  author = {Lieberman, Philip},
  title  = {Intonation, perception, and language.},
  school = {Massachusetts Institute of Technology},
  doi    = {1721.1/12996},
  year   = {1966},
}





@Article{landis1977measurement,
  author    = {Landis, J. Richard and Koch, Gary G.},
  title     = {The Measurement of Observer Agreement for Categorical Data},
  number    = {1},
  pages     = {159--174},
  volume    = {33},
  journal   = {Biometrics},
  publisher = {[Wiley, International Biometric Society]},
  doi       = {10.2307/2529310},
  year      = {1977},
}




@Article{truckenbrodt1999relation,
  author    = {Truckenbrodt, Hubert},
  title     = {On the relation between syntactic phrases and phonological phrases},
  doi       = {10.1162/002438999554048},
  number    = {2},
  pages     = {219--255},
  volume    = {30},
  journal   = {Linguistic Inquiry},
  publisher = {MIT Press},
  year      = {1999},
}

@Book{jun_2014,
  title     = {Prosodic Typology {II}},
  doi       = {10.1093/acprof:oso/9780199567300.001.0001},
  editor    = {Sun-Ah Jun},
  publisher = {Oxford University Press},
  address   = {Oxford},
  year      = {2014}
}






@Book{2021_Handbook_pros,
  editor    = {Gussenhoven, Carlos and Chen, Aoju},
  title     = {The {Oxford} Handbook of Language Prosody},
  doi       = {10.1093/oxfordhb/9780198832232.001.0001},
  publisher = {Oxford University Press},
  address   = {Oxford},
  year      = {2020}
}


@InCollection{Grice_English,
  author    = {Grice, Martine and German, James Sneed and Warren, Paul},
  booktitle = {The {O}xford Handbook of Language Prosody},
  title     = {Intonation Systems Across Varieties of {E}nglish},
  editor = {Gussenhhoven, Carlos and Chen, Aoju},
  doi       = {10.1093/oxfordhb/9780198832232.013.18},
  publisher = {Oxford University Press},
  address   = {Oxford},
  year      = {2020},
  pages    =  {285–-302}
}





@Article{lieberman1970articulatory,
  author    = {Lieberman, Philip and Masayuki Sawashima and Katherine S. Harris and Thomas Gay},
  title     = {The Articulatory Implementation of the Breath-Group and Prominence},
  doi       = {10.2307/412281},
  number    = {2},
  pages     = {312--327},
  subtitle  = {Crico-Thyroid Muscular Activity in Intonation},
  volume    = {46},
  journal   = {Language},
  publisher = {Linguistic Society of America},
  year      = {1970}
}



@Article{Halliday_1967,
  author    = {Halliday, M. A. K.},
  title     = {Notes on transitivity and theme in {E}nglish},
  doi       = {10.1017/S0022226700016613},
  number    = {2},
  pages     = {199--244},
  subtitle  = {Part 2},
  volume    = {3},
  journal   = {Journal of Linguistics},
  publisher = {Cambridge University Press},
  address   = {Cambridge},
  year      = {1967},
}

@InCollection{Bickel_2009,
  author    = {Bickel, Balthasar and Zúñiga, Fernando},
  booktitle = {The {Oxford} Handbook of Polysynthesis},
  title     = {The `Word’ in polysynthetic languages},
  doi       = {10.1093/oxfordhb/9780199683208.013.52},
  editor    = {Fortescue, Michael and Mithun, Marianne and Evans, Nicholas},
  pages     = {158--185},
  publisher = {Oxford University Press},
  address  = {Oxford},
  subtitle  = {Phonological and syntactic challenges},
  year      = {2017},
}




@Misc{Praat,
  author  = {Boersma, Paul and Weenink, David},
  title   = {Praat},
  subtitle   = {Doing phonetics by computer},
  url     = {http://www.praat.org/},
  edition = {6.3.09},
  year    = {2023},
}


@Misc{Statistics_TolUt_2019,
  author   = {{BPS Tolitoli}},
  title    = {Kecamatan {Tolitoli} {Utara} dalam angka 2019},
  language = {Indonesian},
  url      = {https://tolitolikab.bps.go.id/publication/2019/09/26/6d4cf9debe2e88ee8a38a48e/kecamatan-tolitoli-utara-dalam-angka-2019.html},
  urldate  = {2023-01-03},
  school   = {UD. RIO},
  year     = {2019},
}

@Article{bracksphonol,
  author    = {Bracks, Christoph},
  title     = {Illustrations of the {IPA}: {T}otoli},
  journal   = {Journal of the International Phonetic Association},
  publisher = {Cambridge University Press},
  pubstate  = {submitted},
}

@Article{soundgen_R,
  author  = {Andrey Anikin},
  title   = {Soundgen: {An} open-source tool for synthesizing nonverbal vocalizations},
  doi     = {10.3758/s13428-018-1095-7},
  number  = {2},
  pages   = {778--792},
  volume  = {51},
  journal = {Behavior Research Methods},
  year    = {2019},
}






@InCollection{Vogel_2019,
  author    = {Irene Vogel},
  booktitle = {Prosodic Studies: {C}hallenges and prospects},
  title     = {Life after the strict layer hypothesis},
  doi       = {10.4324/9781351212878-2},
  editor    = {Zhang, Hongming and Qian, Youyong},
  pages     = {9--60},
  publisher = {Routledge},
  address   = {London},
  year      = {2019},
}

 
@Misc{Albert_cangemi_Ellison_Grice_2022,
  author    = {Albert, Aviad and Cangemi, Francesco and Ellison, T. Mark and Grice, Martine},
  title     = {{ProPer}},
  doi       = {10.17605/OSF.IO/28EA5},
  subtitle  = {PROsodic analysis with PERiodic energy},
  url       = {osf.io/28ea5},
  publisher = {OSF},
  year      = {2022},
}



@Book{Ladd_2008,
  author     = {Ladd, D. Robert},
  title      = {Intonational Phonology},
  doi        = {10.1017/CBO9780511808814},
  edition    = {2},
  publisher  = {Cambridge University Press},
  series     = {Cambridge Studies in Linguistics},
  collection = {Cambridge Studies in Linguistics},
  address      = {Cambridge},
  year       = {2008},
}



@InProceedings{stoel2006intonation,
  author    = {Stoel, Ruben B},
  booktitle = {Proceedings of {S}peech {P}rosody},
  title     = {The intonation of {Banyumas} {Javanese}},
  url       = {https://www.isca-speech.org/archive/speechprosody_2006/stoel06_speechprosody.html},
  pages     = {827--830},
  year      = {2006},
}


@Article{lme4,
  author  = {Douglas Bates and Martin Mächler and Ben Bolker and Steve Walker},
  title   = {Fitting Linear Mixed-Effects Models Using {lme4}},
  doi     = {10.18637/jss.v067.i01},
  number  = {1},
  pages   = {1--48},
  volume  = {67},
  journal = {Journal of Statistical Software},
  year    = {2015},
}



@Article{Croft_2007,
  author    = {William Croft},
  title     = {{Intonation Units} and Grammatical Structure in {Wardaman} and in Cross-linguistic Perspective},
  doi       = {10.1080/07268600601172934},
  number    = {1},
  pages     = {1--39},
  volume    = {27},
  journal   = {Australian Journal of Linguistics},
  publisher = {Informa {UK} Limited},
  year      = {2007},
}


@Book{himmelmann_source_book,
  author    = {Nikolaus P. Himmelmann},
  subtitle     = {{G}eneral information and word lists},
  doi       = {10.15144/PL-511},
  publisher = {Pacific Linguistics, Research School of Pacific and Asian Studies, The Australian National University},
  address = {Canberra},
  title  = {Sourcebook on {Tomini-Tolitoli} languages},
  year      = {1991},
}


@Article{THLVries2005,
  author    = {de Vries, Lourens},
  title     = {Towards a typology of tail–head linkage in {Papuan} languages},
  doi       = {10.1075/sl.29.2.04vri},
  number    = {2},
  pages     = {363--384},
  volume    = {29},
  journal   = {Studies in Language},
  publisher = {John Benjamins},
  type      = {Journal Article},
  year      = {2005},
}

@PhdThesis{Schuetze-Coburn1994,
  author   = {Schuetze-Coburn, Stephan Mark},
  title    = {Prosody, syntax and discourse pragmatics},
  subtitle = {assessing information flow in {German} conversation},
  school   = {University of California, Los Angeles},
  year     = {1994},
}

@Article{berkovits1993utterance,
  author    = {Berkovits, Rochele},
  title     = {Utterance-final lengthening and the duration of final-stop closures},
  number    = {4},
  pages     = {479--489},
  volume    = {21},
  doi       = {10.1016/S0095-4470(19)30231-1},
  journal   = {Journal of Phonetics},
  publisher = {Elsevier},
  year      = {1993},
}


@Book{altenberg1987prosodic,
  author    = {Altenberg, Bengt},
  title     = {Prosodic patterns in spoken {English}},
  publisher = {Lund University Press},
  subtitle  = {{Studies} in the correlation between prosody and grammar for text-to-speech conversion},
  address   = {Lund, Sweden},
  year      = {1987},
}

@Article{KALAND2023101200,
  author   = {Constantijn Kaland and Marc Swerts and Nikolaus P. Himmelmann},
  title    = {Red and blue bananas},
  doi      = {10.1016/j.wocn.2022.101200},
  pages    = {1--20},
  subtitle = {Time-series f0 analysis of contrastively focused noun phrases in {P}apuan {M}alay and {D}utch},
  volume   = {96},
  journal  = {Journal of Phonetics},
  year     = {2023},
}



@InCollection{selkirk201114,
  author    = {Selkirk, Elisabeth O.},
  booktitle = {The Handbook of Phonological Theory},
  title     = {The Syntax-Phonology Interface},
  doi       = {10.1002/9781444343069.ch14},
  editor    = {Goldsmith, John and Riggle, Jason and Yu, Alan C. L.},
  pages     = {435--485},
  publisher = {John Wiley \& Sons, Ltd},
  address   = {London},
  year      = {2011},
}

@Article{Schuetze-Coburn1991,
  author  = {Stephan Mark Schuetze-Coburn and Marian Shapley and Elizabeth G. Weber},
  title   = {Units of Intonation in Discourse: {A} Comparison of Acoustic and Auditory Analyses},
  doi     = {10.1177/002383099103400301},
  number  = {3},
  pages   = {207--234},
  volume  = {34},
  journal = {Language and Speech},
  year    = {1991},
}



@Article{mathot2012opensesame,
  author   = {Mathôt, Sebastiaan and Schreij, Daniel and Theeuwes, Jan},
  title    = {{OpenSesame}},
  doi      = {10.3758/s13428-011-0168-7},
  number   = {2},
  pages    = {314--324},
  subtitle = {{An} open-source, graphical experiment builder for the social sciences},
  volume   = {44},
  journal  = {Behavior Research Methods},
  year     = {2012},
}




@Book{brown2015questions,
  author    = {Brown, Gillian and Currie, Karen and Kenworthy, Joanne},
  title     = {Questions of Intonation},
  doi       = {10.4324/9781315688664},
  publisher = {Routledge},
  address   = {London},
  series    = {Routledge Library Editions: The English Language},
  year      = {2015},
}


@Misc{Pitt.2007,
  author    = {Pitt, Mark A. and Dilley, Laure and Johnson, Keith and Kieslin, Scott and Raymond, William and Elizabeth, Hume and Fosler-Lussier, E},
  title     = {Buckeye corpus of conversational speech.},
  url       = {www.buckeyecorpus.osu.edu},
  address   = {Columbus, OH},
  publisher = {{Department of Psychology, Ohio State University}},
  year      = {2007},
}

@Book{chomsky1968sound,
  author    = {Chomsky, Noam and Halle, Morris},
  title     = {The sound pattern of {English}},
  publisher = {Harper \& Row},
  address   = {New York},
  year      = {1968},
}

@Book{Riesberg_2014_Symmetrical_Voice,
  author    = {Sonja Riesberg},
  title     = {Symmetrical Voice and Linking in {Western Austronesian} Languages},
  doi       = {10.1515/9781614518716},
  publisher = {{De Gruyter Mouton}},
  series    = {Pacific Linguistics},
  number    = {646},
  address  =  {Berlin, Boston},
  year      = {2014},
}





@Article{schiering2010prosodic,
  author    = {Schiering, René and Bickel, Balthasar and Hildebrandt, Kristine A.},
  title     = {The prosodic word is not universal, but emergent},
  doi       = {10.1017/S0022226710000216},
  number    = {3},
  pages     = {657--709},
  volume    = {46},
  journal   = {Journal of Linguistics},
  publisher = {Cambridge University Press},
  year      = {2010},
}



@Book{Gussenhoven_1984,
  author      = {Carlos Gussenhoven},
  title       = {On the Grammar and Semantics of Sentence Accents},
  doi         = {10.1515/9783110859263},
  publisher   = {De Gruyter Mouton},
  address     = {Berlin, Boston},
  lastchecked = {2023-03-02},
  year        = {1984},
}

@InProceedings{albert2018using,
  author    = {Albert, Aviad and Cangemi, Francesco and Grice, Martine},
  booktitle = {{P}roceedings of {S}peech {P}rosody},
  title     = {Using periodic energy to enrich acoustic representations of pitch in speech},
  subtitle     = {A demonstration},
  pages     = {804--808},
  doi       = {10.21437/SpeechProsody.2018-162},
  address   = {Poznań, Poland},
  year      = {2018},
}

@Article{riesberg2019fern,
  author    = {Riesberg, Sonja},
  title     = {‘{F}ern leaf, so you are challenging me?’{Some} observations on the {Lelegesan}, a form of verbal combat in {Totoli}},
  doi       = {10.15026/93966},
  volume    = {66},
  pages     = {83--96},
  journal   = {NUSA: Linguistic studies of languages in and around indonesia},
  publisher = {東京外国語大学アジア・アフリカ言語文化研究所},
  year      = {2019},
}


@Book{Downing_2017,
  author    = {Laura J. Downing and Al Mtenje},
  title     = {The Phonology of {Chichewa}},
  doi       = {10.1093/oso/9780198724742.001.0001},
  publisher = {Oxford University Press},
  address   = {Oxford},
  year      = {2017},
}


@InCollection{Ford_Thompson_1996,
  author    = {Ford, Cecilia E. and Thompson, Sandra A.},
  booktitle = {Interaction and grammar},
  title     = {Interactional units in conversation},
  doi       = {10.1017/CBO9780511620874.003},
  editor    = {Ochs, Elinor and Schegloff, Emanuel A. and Thompson, Sandra A.},
  pages     = {134--184},
  publisher = {{Cambridge University Press}},
  series    = {Studies in Interactional Sociolinguistics},
  number    = {13},
  subtitle  = {syntactic, intonational, and pragmatic resources for the management of turns},
  address   = {New York and Cambridge},
  year      = {1996},
}

@Article{grice_ladd_arvaniti_2000,
  author    = {Grice, Martine and Ladd, D. Robert and Arvaniti, Amalia},
  title     = {On the place of phrase accents in intonational phonology},
  doi       = {10.1017/S0952675700003924},
  number    = {2},
  pages     = {143--185},
  volume    = {17},
  journal   = {Phonology},
  publisher = {Cambridge University Press},
  year      = {2000},
}

@Book{bolinger1986intonation,
  author    = {Bolinger, Dwight Le Merton},
  title     = {Intonation and its parts: {Melody} in spoken {English}},
  publisher = {Stanford University Press},
  address   = {Stanford},
  year      = {1986},
}

@Article{Miller_1994,
  author    = {George A. Miller},
  title     = {The magical number seven, plus or minus two},
  doi       = {10.1037/0033-295x.101.2.343},
  number    = {2},
  pages     = {343--352},
  subtitle  = {Some limits on our capacity for processing information.},
  volume    = {101},
  journal   = {Psychological Review},
  publisher = {American Psychological Association ({APA})},
  year      = {1994},
}

@PhdThesis{pierrehumbert1980phonology,
  author = {Pierrehumbert, Janet Breckenridge},
  title  = {The phonology and phonetics of {English} intonation},
  doi    = {1721.1/16065},
  school = {Massachusetts Institute of Technology},
  year   = {1980},
}



@Article{Kreckel_1981,
  author    = {Marga Kreckel},
  title     = {Tone units as message blocks in natural discourse},
  doi       = {10.1016/0378-2166(81)90029-1},
  number    = {5},
  pages     = {459--476},
  subtitle  = {{Segmentation} of face-to-face interaction by naive, native speakers},
  volume    = {5},
  journal   = {Journal of Pragmatics},
  publisher = {Elsevier {BV}},
  year      = {1981},
}

@Article{MUCKE201447,
  author  = {Doris Mücke and Martine Grice},
  title   = {The effect of focus marking on supralaryngeal articulation – {Is} it mediated by accentuation?},
  doi     = {10.1016/j.wocn.2014.02.003},
  pages   = {47--61},
  volume  = {44},
  journal = {Journal of Phonetics},
  year    = {2014}
}





@InCollection{Downing,
  author      = {Laura J. Downing},
  booktitle   = {The Internal Organization of Phonological Segments},
  title       = {On the ambiguous segmental status of nasals in homorganic {NC} sequences},
  doi         = {10.1515/9783110890402.183},
  editor      = {Marc van Oostendorp and Jeroen van de Weijer},
  pages       = {183--216},
  publisher   = {De Gruyter Mouton},
  address     = {Berlin, Boston},
  lastchecked = {2023-03-16},
  year        = {2005},
}

@Article{Maskikit_Essed_2016,
  author    = {Maskikit-Essed, Raechel and Gussenhoven, Carlos},
  title     = {No stress, no pitch accent, no prosodic focus},
  doi       = {10.1017/s0952675716000154},
  number    = {2},
  pages     = {353--389},
  subtitle  = {the case of {Ambonese} {M}alay},
  volume    = {33},
  journal   = {Phonology},
  publisher = {Cambridge University Press},
  year      = {2016},
}


@InCollection{Joe.2004,
  author    = {Pater, Joe},
  booktitle = {Optimality Theory in Phonology: {A} Reader},
  title     = {Austronesian Nasal Substitution and Other {NC} Effects},
  editor    = {McCarthy, John J.},
  pages     = {269--289},
  publisher = {John Wiley \& Sons, Ltd},
  address   = {Malden, USA},
  chapter = {14},
  doi       = {10.1002/9780470756171.ch14},
  year      = {2004},
}


@Book{selkirk1986,
  author    = {Selkirk, Elisabeth O.},
  title     = {Phonology and syntax},
  publisher = {MIT press},
  address  =  {Cambridge, MA},
  subtitle  = {The relationship between sound and structure},
  year      = {1986},
}






@InCollection{nespor1983prosodic,
  author    = {Nespor, Marina and Vogel, Irene},
  booktitle = {Prosody: {M}odels and measurements},
  title     = {Prosodic structure above the word},
  doi       = {10.1007/978-3-642-69103-4_10},
  editor    = {Cutler, Anne and Ladd, D. Robert},
  pages     = {123--140},
  publisher = {Springer},
  address   = {Berlin, Heidelberg},
  year      = {1983},
}

@InCollection{Fenk_Oczlon_2002,
  author    = {Gertraud Fenk-Oczlon and August Fenk},
  booktitle = {The Evolution of Language out of Pre-language},
  title     = {The clausal structure of linguistic and pre-linguistic behavior},
  doi       = {10.1075/tsl.53.11fen},
  editor    = {Givón T., Malle, Betram F.},
  number    = {53},
  pages     = {215--229},
  publisher = {John Benjamins},
  address   = {Amsterdam},
  series    = {Typological Studies in Language},
  year      = {2002},
}


@Book{Hart_1990,
  author     = {'t Hart, Johan and Collier, René and Cohen, Antonie},
  sortname   = {t Hart, Johan and Collier, René and Cohen, Antonie},
  publisher  = {{Cambridge University Press}},
  title      = {A Perceptual Study of Intonation},
  year       = {1990},
  series     = {Cambridge Studies in Speech Science and Communication},
  collection = {Cambridge Studies in Speech Science and Communication},
  doi        = {10.1017/CBO9780511627743},
  keywords   = {Intonation (Phonetics)},
  address      = {Cambridge},
  subtitle   = {An Experimental-Phonetic Approach to Speech Melody},
}

@Article{du1987discourse,
  author  = {Du Bois, John W},
  title   = {The discourse basis of ergativity},
  doi     = {10.2307/415719},
  number  = {4},
  pages   = {805--855},
  volume  = {63},
  journal = {Language},
  year    = {1987},
}




@Article{byrd2006far,
  author    = {Byrd,Dani and Krivokapić,Jelena and Lee,Sungbok},
  title     = {How far, how long},
  doi       = {10.1121/1.2217135},
  number    = {3},
  pages     = {1589--1599},
  subtitle  = {On the temporal scope of prosodic boundary effects},
  volume    = {120},
journal   = {The {J}ournal of the {A}coustical {S}ociety of {A}merica},
  publisher = {Acoustical {S}ociety of {A}merica},
  year      = {2006},
}







@Article{0023830919880217,
  author  = {Heather Kember and Jiyoun Choi and Jenny Yu and Anne Cutler},
  title   = {The Processing of Linguistic Prominence},
  doi     = {10.1177/0023830919880217},
  number  = {2},
  pages   = {413--436},
  volume  = {64},
  journal = {Language and Speech},
  year    = {2021},
}


@Book{Roessig2021,
  author    = {Roessig, Simon},
  title     = {Categoriality and continuity in prosodic prominence},
  doi       = {10.5281/zenodo.4121875},
  number    = {10},
  publisher = {Language Science Press},
  series    = {Studies in Laboratory Phonology},
  address   = {Berlin},
  year      = {2021},
}


@InCollection{Focus_Tagalog_Kaufmann,
  author    = {Daniel Kaufman},
  booktitle = {The Many Faces of {Austronesian} Voice Systems: Some New Empirical Studies},
  title     = {Aspects of pragmatic focus in {T}agalog},
  doi       = {10.15144/PL-571},
  editor    = {Malcom Ross and Arka, I Wayan},
  pages     = {175--196},
  publisher = {Pacific Linguistics, Research School of Pacific and Asian Studies, The Australian National University},
  address = {Canberra},
  year      = {2005},
}




@InProceedings{cole2014listening,
  author    = {Cole, Jennifer and Mahrt, Timothy and Hualde, José I.},
  booktitle = {{P}roceedings of{ S}peech {P}rosody},
  title     = {Listening for sound, listening for meaning},
  doi       = {10.21437/SpeechProsody.2014-160},
  pages     = {859--863},
  subtitle  = {{Task} effects on prosodic transcription},
  year      = {2014}
}

@Article{Arnhold2017Model,
  author  = {Arnhold, Anja and Kyröläinen, Aki-Juhani},
  title   = {Modelling the Interplay of Multiple Cues in Prosodic Focus Marking},
  doi     = {10.5334/labphon.78},
  note    = {4},
  number  = {1},
  volume  = {8},
  journal = {Laboratory Phonology},
  year    = {2017},
}


@Article{cho2005prosodic,
  author    = {Cho, Taehong},
  title     = {Prosodic strengthening and featural enhancement},
  subtitle  = {Evidence from acoustic and articulatory realizations of /ɑ, i/ in {E}nglish},
  number    = {6},
  pages     = {3867--3878},
  volume    = {117},
journal   = {The {J}ournal of the {A}coustical {S}ociety of {A}merica},
  publisher = {Acoustical {S}ociety of {A}merica},
  doi       = {10.1121/1.1861893},
  year      = {2005},
}

@Article{fougeron1997articulatory,
  author    = {Fougeron, Cécile and Keating, Patricia A},
  title     = {Articulatory strengthening at edges of prosodic domains},
  doi       = {10.1121/1.418332},
  number    = {6},
  pages     = {3728--3740},
  volume    = {101},
journal   = {The {J}ournal of the {A}coustical {S}ociety of {A}merica},
  publisher = {Acoustical {S}ociety of {A}merica},
  year      = {1997},
}


@Misc{haspelmath2014leipzig,
  author   = {Haspelmath, Martin},
  title    = {The {L}eipzig {G}lossing {R}ules},
  subtitle = {Conventions for interlinear morpheme-by-morpheme glosses},
  url      = {https://www.eva.mpg.de/lingua/pdf/Glossing-Rules.pdf},
  year     = {2015},
}

@Misc{TotoliLAC,
  author       = {Bracks, Christoph and Bardají i Farré, Maria and Hassan, Datra and Pogi, Sumitro and Himmelmann, Nikolaus P.},
  title        = {Totoli {D}ocumentation {C}orpus 2},
  howpublished = {Data Center for the Humanities},
  doi          = {10.18716/dch/a.00000014},
  year         = {2023}
}


@Article{_t_Hart_1981,
  author    = {'t Hart, Johan},
  sortname  = {t Hart, Johan},
journal   = {The {J}ournal of the {A}coustical {S}ociety of {A}merica},
  publisher = {Acoustical {S}ociety of {A}merica},
  title     = {Differential sensitivity to pitch distance, particularly in speech},
  year      = {1981},
  number    = {3},
  pages     = {811--821},
  volume    = {69},
  doi       = {10.1121/1.385592},
}


@Article{Wouk_2008,
  author    = {Fay Wouk},
  title     = {The syntax of intonation units in {Sasak}},
  doi       = {10.1075/sl.32.1.06wou},
  number    = {1},
  pages     = {137--162},
  volume    = {32},
  journal   = {Studies in Language},
  publisher = {John Benjamins Publishing Company},
  year      = {2008},
}







@Article{Baumann_2018,
  author   = {Stefan Baumann and Bodo Winter},
  title    = {What makes a word prominent? {Predicting} untrained {German} listeners' perceptual judgments},
  doi      = {10.1016/j.wocn.2018.05.004},
  pages    = {20--38},
  volume   = {70},
  journal  = {Journal of Phonetics},
  keywords = {Prominence, Intonation, Perception, Random forests, Individual differences, German},
  year     = {2018},
}




@Article{Riesberg_2019,
  author    = {Sonja Riesberg and Kurt Malcher and Nikolaus P. Himmelmann},
  title     = {How universal is agent-first? {Evidence} from symmetrical voice languages},
  doi       = {10.1353/lan.2019.0055},
  number    = {3},
  pages     = {523--561},
  volume    = {95},
  journal   = {Language},
  publisher = {Project Muse},
  year      = {2019},
}


@Article{Cole2016,
  author    = {Cole, Jennifer and Shattuck-Hufnagel, Stefanie},
  title     = {New Methods for Prosodic Transcription},
  doi       = {10.5334/labphon.29},
  number    = {1},
  pages     = {1--29},
  subtitle  = {{C}apturing Variability as a Source of Information},
  volume    = {7},
  journal   = {Laboratory Phonology},
  publisher = {Ubiquity Press, Ltd.},
  year      = {2016},
}





@Article{Allen_Dench_MLU_2015,
  author  = {Allen, Shanley E. M. and Dench, Catherine},
  title   = {Calculating mean length of utterance for eastern {Canadian} {Inuktitut}},
  doi     = {10.1177/0142723715596648},
  number  = {4-5},
  pages   = {377--406},
  volume  = {35},
  journal = {First Language},
  year    = {2015},
}



@Misc{OSF,
  author       = {Bracks, Christoph},
  title        = {Compound Intonation Units in {T}otoli},
  howpublished = {OSF},
  subtitle     = {Postlexical prosody and the prosody-syntax interface},
  doi          = {10.17605/OSF.IO/8CMQ4},
  year         = {2023},
}

@Book{jun2006,
  editor    = {Jun, Sun-Ah},
  title     = {Prosodic typology},
  doi       = {10.1093/acprof:oso/9780199249633.001.0001},
  publisher = {Oxford University Press},
  address   = {Oxford},
  subtitle  = {The phonology of intonation and phrasing},
  year      = {2005},
}


@Book{chafe1980pear,
  title     = {The pear stories},
  editor    = {Chafe, Wallace L.},
  publisher = {Ablex Publ. Co.},
  subtitle  = {{Cognitive}, cultural, and linguistic aspects of narrative production},
  address   = {Norwood, NJ},
  year      = {1980},
}

@Article{Cohen_1960,
  author    = {Cohen, Jacob},
  title     = {A Coefficient of Agreement for Nominal Scales},
  doi       = {10.1177/001316446002000104},
  number    = {1},
  pages     = {37--46},
  volume    = {20},
  journal   = {Educational and Psychological Measurement},
  publisher = {{SAGE} Publications},
  year      = {1960},
}





@Article{Chen_1987,
  author    = {Chen, Matthew Y.},
  title     = {The Syntax of {Xiamen} Tone Sandhi},
  doi       = {10.1017/S0952675700000798},
  pages     = {109--149},
  volume    = {4},
  journal   = {Phonology Yearbook},
  publisher = {Cambridge University Press},
  year      = {1987},
}

@Misc{mahrt2016lmeds,
  author = {Mahrt, Tim},
  title  = {{LMEDS}: {Language} markup and experimental design software},
  url    = {http://prosody.beckman.illinois.edu/lmeds.html},
  year   = {2016},
}

@Book{quirk1985comprehensive,
  author    = {Quirk, Randolph and Sidney Greenbaum and Geoffrey Leech and Jan Svartvik},
  title     = {A Comprehensive grammar of the {E}nglish language},
  publisher = {Longman},
  address   = {London},
  series    = {General Grammar Series},
  year      = {1985}
}

@Article{Fleiss_1971,
  author    = {Joseph L. Fleiss},
  title     = {Measuring nominal scale agreement among many raters.},
  doi       = {10.1037/h0031619},
  number    = {5},
  pages     = {378--382},
  volume    = {76},
  journal   = {Psychological Bulletin},
  publisher = {American Psychological Association ({APA})},
  year      = {1971},
}

@Article{Himmelmann_2013_symm_voice,
  author    = {Nikolaus P. Himmelmann and Sonja Riesberg},
  title     = {Symmetrical Voice and Applicative Alternations: {E}vidence from {Totoli}},
  doi       = {10.1353/ol.2013.0021},
  number    = {2},
  pages     = {396--422},
  volume    = {52},
  journal   = {Oceanic Linguistics},
  publisher = {Project Muse},
  year      = {2013},
}



@Book{cruttenden1997intonation,
  author     = {Cruttenden, Alan},
  title      = {Intonation},
  doi        = {10.1017/CBO9781139166973},
  edition    = {2},
  publisher  = {Cambridge University Press},
  series     = {Cambridge Textbooks in Linguistics},
  collection = {Cambridge Textbooks in Linguistics},
  address      = {Cambridge},
  year       = {1997},
}

@Article{Park_2002,
  author    = {Joseph Sung-Yul Park},
  title     = {Cognitive and interactional motivations for the intonation unit},
  doi       = {10.1075/sl.26.3.07par},
  number    = {3},
  pages     = {637--680},
  volume    = {26},
  journal   = {Studies in Language},
  publisher = {John Benjamins Publishing Company},
  year      = {2002},
}





@InCollection{Jun_2000,
  author    = {Sun-Ah Jun and Cécile Fougeron},
  booktitle = {Intonation: {A}nalysis, Modelling and Technology},
  title     = {A Phonological Model of {French} Intonation},
  doi       = {10.1007/978-94-011-4317-2_10},
  editor    = {Botinis, Antonis},
  number    = {15},
  pages     = {209--242},
  publisher = {Springer Netherlands},
  series    = {Text, Speech and Language Technology (TLTB)},
  address   = {Dordrecht},
  year      = {2000},
}


@Misc{Totoli_Dobes,
  author = {Leto, Claudia and Alamudi, Winarno S. and Himmelmann, Nikolaus P. and Kuhnt-Saptodewo, Jani and Riesberg, Sonja and Basri, Hasan},
  title  = {{DoBeS} {Totoli} Documentation},
  url    = {https://dobes.mpi.nl/projects/totoli/},
  year   = {2005--2010},
}


@Article{SWERTS2002629,
  author  = {Marc Swerts and Emiel Krahmer and Cinzia Avesani},
  title   = {Prosodic marking of information status in {D}utch and {I}talian: {A} comparative analysis},
  doi     = {10.1006/jpho.2002.0178},
  number  = {4},
  pages   = {629--654},
  volume  = {30},
  journal = {Journal of Phonetics},
  year    = {2002},
}


@Book{Fery_2016,
  author     = {Féry, Caroline},
  title      = {Intonation and Prosodic Structure},
  doi        = {10.1017/9781139022064},
  publisher  = {Cambridge University Press},
  address    = {Cambridge},
  collection = {Key Topics in Phonology},
  address      = {Cambridge},
  year       = {2016},
}



@InProceedings{baumann2006prosodic,
  author    = {Baumann, Stefan and Grice, Martine and Steindamm, Susanne},
  booktitle = {Proceedings of {Speech} {Prosody}},
  title     = {Prosodic marking of focus domains - {C}ategorical or gradient},
  pages     = {301--304},
  address   = {Dresden, Germany},
  year      = {2006},
  url       = {https://www.isca-speech.org/archive/speechprosody_2006/baumann06_speechprosody.html}
}


@InCollection{wagner_2012,
  author    = {Wagner, Michael},
  booktitle = {Contrasts and positions in information structure},
  title     = {Focus and givenness: {A} unified approach},
  doi       = {10.1017/CBO9780511740084.007},
  editor    = {Kučerová, Ivona and Neeleman, Ad},
  pages     = {102--147},
  publisher = {Cambridge University Press},
  address    = {Cambridge},
  year      = {2012},
}


@Article{maatta1993prosodic,
  author  = {Määttä, Taisto},
  title   = {Prosodic structure indices in a folk tale},
  pages   = {107--120},
  volume  = {2},
  journal = {Phonum},
  year    = {1993},
}
