% Include entries that you actually cite. Do not copy here your whole bib-file.

@Book{Bar1995,
  author    = {Barić, Eugenija and Mijo Lončarić and Dragica Malić and Slavko Pavešić and Mirko Peti and Vesna Zečević and Marija Znika},
  sortname  = {Baric, Eugenija and Mijo Loncaric and Dragica Malic and Slavko Pavesic and Mirko Peti and Vesna Zecevic and Marija Znika},
  title     = {Hrvatska gramatika \textnormal{[{Croatian} grammar]}},
  year      = {1997},
  publisher = {Školska knjiga},
  address   = {Zagreb},
%  isbn      = {953167132X, 9789531671323},
}

@Article{bates2015fitting,
    title = {Fitting Linear Mixed-Effects Models Using \{lme4\}},
    author = {Douglas Bates and Martin M{\"a}chler and Ben Bolker and Steve Walker},
    journal = {Journal of Statistical Software},
    year = {2015},
    volume = {67},
    number = {1},
    pages = {1--48},
    doi = {10.18637/jss.v067.i01},
}

@incollection{bobaljik2008paradigms,
  author    = {Bobaljik, Jonathan},
  title     = {Paradigms (Optimal and Otherwise): {A} Case for Skepticism},
  booktitle = {Inflectional Identity},
  editor    = {Bachrach, Asaf and Nevins, Andrew},
  publisher = {Oxford University Press},
  address   = {Oxford},
  year      = {2008},
  pages     = {29--54}
}

@article{hudevcek2022podravki,
  title     = {O Podravki koja radi u {Podravci}, {Pepeljugi} i {Branki}},
  author    = {Hudeček, Lana},
  sortname  = {Hudecek, Lana},
  journal   = {Hrvatski jezik: znanstveno-popularni Časopis za kulturu hrvatskoga jezika},
  volume    = {9},
  number    = {4},
  pages     = {28--32},
  year      = {2022},
  publisher = {Institut za hrvatski jezik i jezikoslovlje}
}

@article{levcic2015morphological,
  author    = {Lečić, Dario},
  sortname  = {Lecic, Dario},
  title     = {Morphological doublets in {Croatian}: {The} case of the instrumental singular},
  journal   = {Russian Linguistics},
  volume    = {39},
  pages     = {375--393},
  year      = {2015},
  doi       = {10.1007/s11185-015-9152-7},
}

@phdthesis{lecic2016morphological,
  author    = {Lečić, Dario},
  sortname  = {Lecic, Dario},
  title     = {Morphological Doublets in {Croatian}: {A} multi-methodological analysis},
  year      = {2016},
  school    = {University of Sheffield},
  address   = {Sheffield}
}

@inproceedings{ljub-klub14,
  author    = {Ljubešić, Nikola and Klubička, Filip},
  sortname  = {Ljubesic, Nikola and Klubicka, Filip},
  year      = {2014},
  title     = {{bs,hr,sr}{WaC} - Web Corpora of {Bosnian}, {Croatian} and {Serbian}},
  booktitle = {Proceedings of the 9th {Web} as {Corpus} {Workshop} ({WaC-9})},
  editor    = {Bildhauer, Felix and Schäfer, Roland},
  address   = {Gothenburg, Sweden},
  publisher = {Association for Computational Linguistics},
  pages     = {29--35},
  doi       = {10.3115/v1/W14-0405},
}

@Manual{sjplot,
  title = {sjPlot: Data Visualization for Statistics in Social Science},
  author = {Daniel Lüdecke},
  year = {2024},
  note = {R package version 2.8.16},
  url = {https://CRAN.R-project.org/package=sjPlot},
}

@book{maretic1963gramatika,
  author    = {Maretić, Tomislav},
  sortname  = {Mareti, Tomislav},
  title     = {Gramatika hrvatskoga ili srpskoga književnog jezika},
  year      = {1963},
  publisher = {Matica hrvatska},
  address   = {Zagreb}
}

@book{Markovic2018,
  author    = {Marković, Ivan},
  sortname  = {Markovic, Ivan},
  title     = {Hrvatska morfonologija \textnormal{[Croatian morphonology]}},
  year      = {2018},
  publisher = {Disput},
  address   = {Zagreb}
}

@inproceedings{martinovic2012interaction,
  author    = {Martinović, Martina},
  sortname  = {Martinović, Martina},
  year      = {2012},
  title     = {The Interaction of Animacy with Phonetic and Phonological Factors in {Neoštokavian} Pitch Accents},
  booktitle = {Proceedings of the 29th {West} {Coast} {Conference} on {Formal} {Linguistics}},
  pages     = {161--168},
  editor    = {Jaehoon Choi and E. Alan Hogue and Jeffrey Punske and Deniz Tat and Jessamyn Schertz and Alex Trueman},
  organization = {Cascadilla Proceedings Project},
  address   =  {Somerville, MA}
}

@book{pevsikan2010pravopis,
  author    = {Pešikan, Mitar and Jerković, Jovan and Pižurica, Mate},
  sortname  = {Pesikan, Mitar and Jerkovic, Jovan and Pizurica, Mate},
  title     = {Pravopis srpskoga jezika, izmenjeno i dopunjeno izdanje \textnormal{[{Orthography} of {Serbian}: {Revised} and expanded edition]}},
  address   = {Novi Sad},
  publisher = {Matica srpska},
  year      = {2010}
}

@book{guduric2010fonologija,
  author    = {Petrović, Dragoljub and Gudurić, Snežana},
  sortname  = {Petrovic, Dragoljub and Guduric, Snezana},
  title     = {Fonologija srpskog jezika \textnormal{[{Phonology} of {Serbian}]}},
  year={2010},
  publisher = {Institut za srpski jezik SANU / Beogradska knjiga / Matica Srpska},
  address   = {Beograd}
}

@misc{Simonovic2024,
  author       = {Marko Simonović},
  title        = {{Sibilarisation in the Dative/Locative Singular in BCMS (Data from hrWaC and srWac) [Data set]}},
  year         = {2024},
  publisher    = {Zenodo},
  doi          = {10.5281/zenodo.13825333},
}

@article{tezak1986sibilarizacija,
  author    = {Težak, Stjepko},
  sortname  = {Tezak, Stjepan},
  title     = {Sibilarizacija u suvremenomu hrvatskom književnom jeziku},
  journal   = {Filologija},
  volume    = {14},
  pages     = {395--402},
  year      = {1986}
}

@book{tevzak1992gramatika,
  title     = {Gramatika hrvatskoga jezika: Priručnik za osnovno jezično obrazovanje},
  author    = {Težak, Stjepko and Babić, Stjepan},
  sortname  = {Tezak, Stjepko and Babic, Stjepan},
  year      = {1992},
  publisher = {Školska knjiga}
}

@incollection{thornton2019overabundance,
  author    = {Thornton, Anna M.},
  title     = {Overabundance: {A} canonical typology},
  booktitle = {Competition in inflection and word-formation},
  editor    = {Franz Rainer and Francesco Gardani and Wolfgang U. Dressler and Hans Christian Luschützky},
  publisher = {Springer},
  address   = {Cham},
  year      = {2019},
  pages     = {223--258},
  series    = {Studies in Morphology},
  number    = {5}
}

