@book{langsci-current-book, author = {G. Tucker Childs}, title = {{A grammar of Sherbro}}, year = {2025}, series = {African Language Grammars and Dictionaries}, number = {7}, location = {Berlin}, publisher = {Language Science Press}, options = {dataonly=true} } 
