@misc{Abraham2003,
	author = {Arthur Abraham},
	publisher = {Edwin Mellen Press},
	title = {An Introduction to Pre-Colonial History of the {Mende} of {Sierra Leone}},
	year = {2003}
}


@phdthesis{Rogers1967,
	address = {New Haven},
	author = {Rogers, Henry E.},
	school = {Yale},
	title = {The phonology and morphology of {Sherbro}},
	year = {1967}
}

@phdthesis{Ménard2015,
	address = {Halle / Saale},
	author = {Ménard, Anaïs},
	publisher = {Max Planck Institute for Social Anthropology},
	sortname = {Menard, Anais},
	title = {Beyond Autochthony Discourses: {S}herbro Identity and the (Re-)Construction of Social and National Cohesion in {Sierra Leone}},
	year = {2015}
}

@phdthesis{Childs1988,
	author = {Childs, G. Tucker},
	school = {University of California, Berkeley},
	title = {The phonology and morphology of {Kisi}},
	year = {1988}
}

@misc{Vydrin2012,
	author = {Vydrin, Valentin F.},
	note = {The Niger-Congo International Congress, 18-21 September 2012, LLACAN, Paris},
	title = {Towards Proto-{Mande}},
	year = {2012}
}

@misc{ReedRobinson2013,
	author = {Reed, Tristan, and James A Robinson},
	note = {\biberror{Cambridge, 143}},
	title = {History of the Chiefdoms of {Sierra Leone}},
	year = {2013}
}

@misc{NurseEtAl2013,
	author = {Nurse, Derek and Sarah Rose and John Hewson and Christa Beaudoin-Lietz},
	note = {Working Paper},
	title = {Tense and aspect systems of {Niger}-{Congo}},
	year = {2013}
}

@misc{Joaque2017,
	author = {Joaque, Zainab},
	note = {Sierra Leone News. Awoko.},
	title = {Overfishing and inaction threatens fisheries},
	year = {2017}
}

@misc{Ighobor2017,
	author = {Ighobor, Kingsley},
	ids = {Ighobor1917},
	note = {African Renewal Online May-July 2017.},
	title = {Overfishing destroying livelihoods},
	year = {2017}
}

@misc{Childs2017,
	address = {Tokyo},
	author = {Childs, G. Tucker},
	booktitle = {World Conference on {African} Linguistics 8},
	editor = {S. Kaji and T. Kamiya and Y. Kimoto},
	pages = {289--312},
	title = {What’s really areal?},
	year = {2017}
}

@misc{Childs2016,
	author = {Childs, G. Tucker},
	note = {Paper presented at Towards Proto-Niger-Congo: Comparison and Reconstruction, 2nd International Congress, Paris},
	title = {Reconstruction of the definite article in {Mel}},
	year = {2016}
}

@misc{Childs2003a,
	author = {Childs, G. Tucker},
	note = {Paper presented at the World Conference on African Linguistics 4 / Annual Conference on African Linguistics 34, Rutgers University},
	title = {Genetic or Areal? {T}he {S-Aux-O-V} syntagm in the {Atlantic} languages},
	year = {2003}
}

@misc{Childs2002b,
	author = {Childs, G. Tucker},
	note = {Paper presented at the Annual Meeting of the Society of Pidgin and Creole Linguistics (SPCL), January 4-5, 2002. San Francisco.},
	title = {Further evidence for a {Guinea} {Pidgin} {French}},
	year = {2002}
}

@misc{Childs1999,
	author = {Childs, G. Tucker},
	note = {Paper presented at the Ninth International Colloquium on Creole Studies (9o Colloque International des Études Créoles), Aix-en-Provence.},
	title = {A first pass at {Guinea} {French}},
	year = {1999}
}

@book{Yanker2016,
	address = {Shenge, Sierra Leone},
	author = {Yanker, Albert},
	publisher = {MS},
	title = {Brief history of the chieftaincy staff of {Kagboro Chiefdom}},
	year = {2016}
}

@book{White1862,
	address = {Good Hope},
	author = {White, Rev. John},
	publisher = {Mendi Missionary Press},
	title = {Sherbro and {English} {Book}, {No} 1, containing the elements of grammar, a few easy lessons, and a copious vocabulary},
	year = {1862}
}

@book{White1860,
	address = {Good Hope},
	author = {White, Rev. John},
	publisher = {Mendi Missionary Press},
	title = {{Rai} Tammo {Lai} `{Y}our child's book' ({A} {Sherbro} Primer)},
	year = {1860}
}

@book{Welmers1973,
	address = {Los Angeles and Berkeley},
	author = {Welmers, William E.},
	publisher = {University of California Press},
	title = {{African} Language Structures},
	year = {1973}
}

@book{UNESCOAdHocExpertGrouponEndangeredLanguages2003,
	address = {New York},
	author = {UNESCO Ad Hoc Expert Group on Endangered Languages},
	publisher = {United Nations},
	shortauthor = {UNESCO},
	title = {Language vitality and endangerment: {D}ocument adopted by the {International} Expert Meeting on {UNESCO} Programme Safeguarding of Endangered Languages},
	year = {2003}
}

@book{TheInstituteforSierraLeoneLanguagesTISLL1979,
	address = {Freetown},
	author = {The Institute for Sierra Leone Languages (TISLL)},
	publisher = {The Institute for Sierra Leonean Languages},
	sortname = {The Institute for Sierra Leone Languages (TISLL)},
	title = {{Nthaɛ maMbolomdɛ} ({Bolom} ({Sherbro}) proverbs), \biberror{Test edition} 79:5},
	year = {1979}
}

@book{Sumner1921,
	address = {London},
	author = {Sumner, The Rev. A. T.},
	publisher = {The Crown Agents for the Colonies for the Government of Sierra Leone},
	title = {A Handbook of the Sherbro Language},
	year = {1921}
}

@book{StatisticsSierraLeone2016,
	address = {Freetown, Sierra Leone},
	author = {Statistics Sierra Leone},
	publisher = {Statistics Sierra Leone},
	title = {{Sierra Leone} 2015 Population and Housing Census},
	year = {2016}
}

@book{ShackSkinner1979,
	address = {Berkeley, CA},
	booktitle = {Strangers in {{African} Societies}},
	editor = {Shack, William and Elliott Skinner},
	publisher = {University of California Press},
	title = {Strangers in {{African} Societies}},
	year = {1979}
}

@book{Segerer2016,
	address = {Berkeley, CA},
	author = {Segerer, Guillaume},
	booktitle = {Proceedings of the Thirty-Sixth Annual Meeting of the {Berkeley} Linguistics Society},
	editor = {N. Rolle and J. Steffman and {\biberror{Sylak-Glassman}}},
	pages = {368-381},
	publisher = {Berkeley Linguistics Society},
	title = {Some hypotheses about possible isolates within the {{{Atlantic}}} branch of the {{Niger-{Congo}} phylum}},
	year = {2016}
}

@book{Sasse1992,
	address = {Berlin},
	author = {Sasse, Hans-Jürgen},
	booktitle = {Language Death: {P}ractical and Theoretical Explorations with Special Reference to {East} {Africa}},
	editor = {M. Brenzinger},
	pages = {7--30},
	publisher = {Mouton de Gruyter},
	sortname = {Sasse, Hans-Jurgen},
	title = {Theory of language death},
	year = {1992}
}

@book{Rodney1970,
	address = {Oxford, UK},
	author = {Rodney, Walter},
	publisher = {Clarendon Press},
	title = {A History of the {Upper {Guinea} Coast}, 1545-1800},
	year = {1970}
}

@book{Pichl1967,
	address = {Pittsburgh},
	author = {Pichl, Walter J.},
	publisher = {Duquesne University Press},
	title = {{Sherbro}-{English} Dictionary},
	year = {1967}
}

@book{Ohala1975,
	address = {Stanford},
	author = {Ohala, John J.},
	booktitle = {Nasálfest: {P}apers from a Symposium on Nasals and Nasalization},
	editor = {C. A. Ferguson and L. M. Hyman and J. J. Ohala},
	pages = {289--316},
	publisher = {Stanford Universals Project},
	title = {Phonetic explanations for nasal sound patterns},
	year = {1975}
}

@book{Nurse2008,
	address = {Oxford, UK},
	author = {Nurse, Derek},
	publisher = {Oxford University Press},
	title = {Tense and Aspect in {Bantu}},
	year = {2008}
}

@book{Nurse2007,
	address = {London},
	author = {Nurse, Derek},
	booktitle = {{Bantu} in Bloomsbury: {S}pecial issue on {Bantu} linguistics},
	editor = {N. C. Kula and L. Marten},
	number = {15},
	pages = {239--256},
	publisher = {Department of Linguistics, School of Oriental and African Studies, University of London},
	series = {SOAS Working Papers in Linguistics},
	title = {Did the Proto-{Bantu} verb have a synthetic or analytical structure? },
	year = {2007}
}

@book{Matisoff1975,
	address = {Stanford},
	author = {Matisoff, James A.},
	booktitle = {Nasálfest: {P}apers from a Symposium on Nasals and Nasalization},
	editor = {C. A. Ferguson and L. M. Hyman and J. J. Ohala},
	pages = {265--287},
	publisher = {Stanford Universals Project},
	title = {Rhinoglottophilia: {T}he mysterious connection between nasality and glottality},
	year = {1975}
}

@book{MacCormack1982,
	address = {New York},
	author = {MacCormack, Carol P.},
	booktitle = {Ethnography of fertility and birth},
	editor = {C. P. MacCormack},
	pages = {115--139},
	publisher = {Academic Press},
	title = {Health, fertility and birth in {Moyamba} {District}, {Sierra Leone}},
	year = {1982}
}

@book{Lüpke2020,
	address = {Oxford},
	booktitle = {Atlantic},
	editor = {Lüpke, Friederike},
	pages = {439--450},
	publisher = {Oxford University Press},
	sortname = {Lupke, Friederike},
	title = {Atlantic},
	year = {2020}
}

@book{Lüpke2013,
	address = {Berlin},
	author = {Lüpke, Friederike},
	booktitle = {Repertoires and Choices in {African} Languages},
	editor = {F. Lüpke and A. Storch},
	pages = {13--76},
	publisher = {De Gruyter Mouton},
	sortname = {Lupke, Friederike},
	title = {Multilingualism on the ground},
	year = {2013}
}

@book{Lowther2011,
	address = {Charleston, SC},
	author = {Lowther, Kevin},
	publisher = {University of South Carolina Press},
	title = {The {African} Odyssey of {John} {Kizell}: {T}he Life and Times of a {South} {Carolina} Slave who returned to fight the slave trade in his {African} homeland},
	year = {2011}
}

@book{Kuryłowicz1964,
	address = {Heidelberg},
	author = {Kuryłowicz, J.},
	publisher = {Carl Winter Universitätsverlag},
	sortname = {Kurylowicz, J.},
	title = {The inflectional categories of {Indo}-{European}},
	year = {1964}
}

@book{Jones1983,
	address = {Wiesbaden},
	author = {Jones, Adam},
	publisher = {Franz Steiner Verlag},
	title = {From Slaves to Palm Kernels: {A} History of the {Galinhas Country} ({West} {Africa}), 1730-1890},
	year = {1983}
}

@book{IversonCameron1986,
	address = {Freetown, Sierra Leone},
	author = {Iverson, Janelle and Barbara Cameron},
	publisher = {Institute for Sierra Leonean Languages},
	title = {A sociolinguistic survey of the {Bullom} languages of {Sierra Leone}},
	year = {1986}
}

@book{Innes1962,
	address = {London},
	author = {Innes, Gordon},
	publisher = {Macmillan},
	title = {A {Mende} Grammar},
	year = {1962}
}

@book{Hyman2014,
	address = {Amsterdam},
	author = {Hyman, Larry M.},
	booktitle = {Paradigm Change: {I}n the Transeurasian languages and beyond},
	editor = {M. Robbeets and W. Bisang},
	pages = {103–126},
	publisher = {John Benjamins},
	title = {Reconstructing the {Niger}-{Congo} Verb Extension Paradigm: {W}hat’s Cognate, Copied or Renewed?},
	year = {2014}
}

@book{Hyman2007,
	address = {\biberror{no address}},
	author = {Hyman, Larry M.},
	booktitle = {Selected proceedings of the 37th Annual Conference on {African} Linguistics},
	editor = {D. L. Payne and J. Peña},
	pages = {149--163},
	publisher = {Cascadilla Press},
	title = {{Niger}-{Congo} verb extensions: {O}verview and discussion},
	year = {2007}
}

@book{Hyman1993,
	address = {Amsterdam},
	author = {Hyman, Larry M.},
	booktitle = {Topics in {African} Linguistics},
	editor = {S. S. Mufwene and L. Moshi},
	pages = {3--34},
	publisher = {John Benjamins},
	title = {Conceptual issues in the comparative study of the {Bantu} verb stem},
	year = {1993}
}

@book{Holmes1877,
	address = {Barnabas Root Knox College, Galesburg, Illinois},
	author = {Holmes, Jesse R.},
	publisher = {Privately published},
	title = {Knox Missionaries, Rev},
	year = {1877}
}

@book{Harrison2007,
	address = {Oxford},
	author = {Harrison, K. David},
	publisher = {Oxford University Press},
	title = {When Languages Die: {T}he Extinction of the World's Languages and the Erosion of Human Knowledge},
	year = {2007}
}

@book{Hanson1979b,
	address = {Freetown},
	author = {Hanson, Walter R.},
	publisher = {The Institute for Sierra Leone Languages (TISLL)},
	title = {A guide for writing the {Sherbro} language},
	year = {1979}
}

@book{Hanson1979a,
	address = {Freetown},
	author = {Hanson, Walter R.},
	publisher = {The Institute for Sierra Leone Languages (TISLL)},
	title = {Collected notes towards a phonology of the {Sherbro} language},
	year = {1979}
}

@book{Greenberg1978,
	address = {Stanford},
	author = {Greenberg, Joseph H.},
	booktitle = {Universals of Human Language},
	editor = {J. H. Greenberg and C. A. Ferguson and E. A. Moravcsik},
	pages = {47--82},
	publisher = {Stanford University Press},
	title = {How does a language acquire gender markers?},
	year = {1978}
}

@book{Economist2017,
	address = {\biberror{no address}},
	author = {Economist},
	note = {The Economist. December 14, 2017. London.},
	publisher = {\biberror{no publisher}},
	title = {Foreign trawlers are plundering unguarded {West} {African} waters: {W}hy {Sierra Leone} is running out of fish},
	year = {2017}
}

@book{Dwyer1998,
	address = {Trenton},
	author = {Dwyer, David J.},
	booktitle = {Language History and Linguistic Description in {Africa}},
	editor = {I. Maddieson and T. J. Hinnebusch},
	pages = {27--36},
	publisher = {Africa World Press},
	title = {The Place of {Mande} in {Niger}-{Congo}},
	year = {1998}
}

@book{Dwyer1989,
	address = {Lanham},
	author = {Dwyer, David J.},
	booktitle = {The {Niger}-{Congo} Languages},
	editor = {J. Bendor-Samuel},
	pages = {47--66},
	publisher = {University Press of America, Inc},
	title = {Mande},
	year = {1989}
}

@book{Dixon1997,
	address = {Cambridge, UK},
	author = {Dixon, R. M. W.},
	publisher = {Cambridge University Press},
	title = {The Rise and Fall of Languages},
	year = {1997}
}

@book{Dingemanse2009,
	address = {London},
	author = {Dingemanse, Mark},
	publisher = {School of Oriental and African Studies, University of London},
	title = {How to do things with ideophones},
	year = {2009}
}

@book{DennyCreider1986,
	address = {Amsterdam},
	author = {Denny, J. Peter and Chet A. Creider},
	booktitle = {Noun Classes and Categorization},
	editor = {C. Craig},
	pages = {217--40},
	publisher = {John Benjamins},
	title = {The semantics of noun classes in {Proto}-{Bantu}},
	year = {1986}
}

@book{CreiderDenny1975,
	address = {Columbus},
	author = {Creider, Chet A. and J. Peter Denny},
	booktitle = {Patterns in Language, Culture, and Society: {S}ub-{Saharan} {Africa} (Proceedings of the Symposium on {A}frican Language, Culture, and Society, {Columbus})},
	editor = {R. K. Herbert},
	pages = {142--163},
	publisher = {Ohio State University},
	title = {The semantics of noun classes in {Proto}-{Bantu}},
	year = {1975}
}

@book{Craig1997,
	address = {Oxford},
	author = {Craig, Colette Grinevald},
	booktitle = {Handbook of Sociolinguistics},
	editor = {F. Coulmas},
	pages = {257--270},
	publisher = {Blackwell},
	title = {Language contact and language degeneration},
	year = {1997}
}

@phdthesis{Corcoraninprep,
	address = {Chicago},
	author = {Corcoran, Chris},
	school = {University of Chicago},
	title = {Lexico-grammatical categoriality and the noun classes of {Sherbro} ({Bolom}), a {Mel} language of {Sierra Leone}},
	year = {in prep}
}


@inproceedings{Childs2020a,
    author = {Childs, G. Tucker},
    title = {Bom-{Kim}},
    booktitle = {The {Oxford} Handbook of {African} Languages},
    editor = {G. J. Dimmendaal and R. Vossen},
    publisher = {Oxford University Press},
    address = {Oxford, UK},
    pages = {439--50},
    year = {2020}
}

@book{Childs2020c,
	address = {Oxford, UK},
	author = {Childs, G. Tucker},
	booktitle = {The {Oxford} Guide to the {Atlantic} Languages of {West} {Africa}},
	editor = {F. Lüpke},
	pages = {19.450--19.468},
	publisher = {Oxford University Press},
	title = {Kisi},
	year = {2024}
}

@book{Childs2020b,
	address = {Oxford, UK},
	author = {Childs, G. Tucker},
	booktitle = {The {Oxford} Guide to the {Atlantic} Languages of {West} {Africa}},
	editor = {F. Lüpke},
	pages = {3.51--3.62},
	publisher = {Oxford University Press},
	title = {Genetically motivated clusters within {Atlantic}},
	year = {2024}
}

@book{Childs2020d,
	address = {Oxford, UK},
	author = {Childs, G. Tucker},
	booktitle = {The {Oxford} Guide to the {Atlantic} Languages of {West} {Africa}},
	editor = {F. Lüpke},
	pages = {20.469--20.474},
	publisher = {Oxford University Press},
	title = {{Bom-Kim}},
	year = {2024}
}

@book{Childs2019,
	address = {Amsterdam},
	author = {Childs, G. Tucker},
	booktitle = {Ideophones and Linguistic Theory},
	editor = {K. Akita and P. Pardeshi},
	pages = {351--70},
	publisher = {John Benjamins},
	title = {Ideophones as a measure of multilingualism},
	year = {2019}
}

@book{Childs2015,
	address = {Oxford},
	author = {Childs, G. Tucker},
	booktitle = {The {Oxford} Handbook of The Word},
	editor = {J. R. Taylor},
	pages = {284--302},
	publisher = {Oxford University Press},
	title = {Sound symbolism},
	year = {2015}
}

@book{Childs2011,
	address = {New York},
	author = {Childs, G. Tucker},
	publisher = {de Gruyter},
	title = {A Grammar of {Mani}},
	year = {2011}
}

@book{Childs2003b,
	address = {Amsterdam},
	author = {Childs, G. Tucker},
	publisher = {John Benjamins},
	title = {An Introduction to {African} Languages},
	year = {2003}
}

@book{Childs1998,
	address = {Thousand Oaks},
	author = {Childs, G. Tucker},
	booktitle = {The Sociolinguistics of Language and Society: {S}elected Papers from {S}{S} {I}{X}},
	editor = {M. K. Verma},
	pages = {36--46},
	publisher = {Sage Publishers},
	title = {Ideophone variation is tied to local identity},
	year = {1998}
}

@book{Childs1997,
	address = {Berkeley, CA},
	author = {Childs, G. Tucker},
	booktitle = {Proceedings of the Twenty-third Annual Meeting of the {Berkeley} Linguistics Society (February 14-17, 1997), Special Session on Syntax and Semantics in {Africa}},
	editor = {A. C. Bailey and K. E. Moore and J. L. Moxley},
	pages = {47--58},
	publisher = {Berkeley Linguistics Society},
	title = {Predicate clefting in Kisi},
	year = {1997}
}

@book{Childs1995,
	address = {Berlin and New York},
	author = {Childs, G. Tucker},
	publisher = {Mouton de Gruyter},
	title = {A Grammar of Kisi: {A} {Southern} {Atlantic} Language},
	year = {1995}
}

@book{Childs1994,
	address = {Cambridge, UK},
	author = {Childs, G. Tucker},
	booktitle = {Sound Symbolism},
	editor = {L. Hinton and J. Nichols and J. J. Ohala},
	pages = {247--79},
	publisher = {Cambridge University Press},
	title = {{African} ideophones},
	year = {1994}
}

@book{Childs1989,
	address = {Urbana-Champaign},
	author = {Childs, G. Tucker},
	booktitle = {The Contribution of {African} Linguistics to Linguistic Theory: {P}roceedings of the 20th Annual Conference on {African} Linguistics},
	editor = {E. G. Bokamba},
	number = {1},
	pages = {57--78},
	publisher = {Department of Linguistics, University of Illinois},
	series = {Studies in the Linguistic Sciences},
	title = {Where do ideophones come from?},
	year = {1989}
}

@book{Childs1987,
	address = {Dordrecht},
	author = {Childs, G. Tucker},
	booktitle = {Current Approaches to {African} Linguistics},
	editor = {D. Odden},
	pages = {73--91},
	publisher = {Foris Publications},
	title = {Verb extension renewal in {Kisi}},
	year = {1987}
}

@book{Childs1983,
	address = {Dordrecht},
	author = {Childs, G. Tucker},
	booktitle = {Current Approaches to {African} Linguistics 2},
	editor = {J. D. Kaye and H. Koopman and D. Sportiche and A. Dugas},
	pages = {17--29},
	publisher = {Foris Publications},
	title = {Noun class affix renewal in {Southern} {West} {Atlantic}},
	year = {1983}
}

@book{Caulker-Burnett2010,
	address = {The Caulkers of Sierra Leone},
	author = {Caulker-Burnett, Imodale},
	publisher = {Xlibris},
	title = {A Story of a Ruling Family and Their Times},
	year = {2010}
}

@book{CampbellMuntzel1989,
	address = {Cambridge},
	author = {Campbell, Lyle and Martha C. Muntzel},
	booktitle = {Investigating Obsolescence: {S}tudies in Language Contraction and Death},
	editor = {Nancy C. Dorian},
	pages = {181--196},
	publisher = {Cambridge University Press},
	title = {The structural consequences of language death},
	year = {1989}
}

@book{Calvet1974,
	address = {Paris},
	author = {Calvet, Louis-Jean},
	publisher = {Payot},
	title = {Linguistique et colonialisme: {P}etit traité de glottophagie},
	year = {1974}
}

@book{Brooks1993,
	address = {Boulder},
	author = {Brooks, George E.},
	publisher = {Westview Press},
	title = {Landlords and Strangers: {E}cology, Society, and Trade in {Western} {Africa}, 1000-1630},
	year = {1993}
}

@book{BadoeDiakité2001,
	address = {Toronto},
	author = {Badoe, Adwoa and Baba Wagué Diakité},
	publisher = {Groundwood Books / House of Anansi Press},
	sortname = {Badoe, Adwoa and Baba Wague Diakite},
	title = {The Pot of Wisdom: {A}nanse stories},
	year = {2001}
}

@book{Alie1990,
	address = {Oxford},
	author = {Alie, Joe A. D.},
	publisher = {Macmillan Education},
	title = {A New History of {Sierra Leone}},
	year = {1990}
}

@article{Wilson1968,
	author = {Wilson, W. A. A.},
	journal = {Journal of West African Languages},
	pages = {5--12},
	title = {An interpretation of the {Temne} tone system},
	volume = {5},
	year = {1968}
}

@article{Vydrin2004,
	author = {Vydrin, Valentin F.},
	journal = {Journal of West African Languages},
	pages = {113--125},
	title = {Areal and genetic features in {West} {Mande} and {South} {Mande} phonology: {I}n what sense did {Mande} languages evolve?},
	volume = {30},
	year = {2004}
}

@article{Singler1988b,
	author = {Singler, John Victor},
	journal = {Studies in Language},
	pages = {123--44},
	title = {The story of ``{O}''},
	volume = {12},
	year = {1988}
}

@article{Singler1988a,
	author = {Singler, John Victor},
	journal = {Language},
	pages = {27--51},
	title = {The homogeneity of the substrate as a factor in pidgin/creole genesis},
	volume = {64},
	year = {1988}
}

@article{Rogers1970,
	author = {Rogers, Henry E.},
	journal = {African Language Review},
	number = {9},
	pages = {27--33},
	title = {The {Sherbro} noun class system},
	volume = {71},
	year = {1970}
}

@article{Rodney1967,
	author = {Rodney, Walter},
	journal = {Journal of African History},
	pages = {219--46},
	title = {A reconsideration of the {Mane} invasions of {Sierra Leone}},
	volume = {8},
	year = {1967}
}

@article{Nykl1926,
	author = {Nykl, A. R.},
	journal = {Language},
	pages = {165--173},
	title = {The Quinary-Vigesimal System of Counting in {Europe}, {Asia}, and {America}},
	volume = {2},
	year = {1926}
}

@article{Hoffer1975,
	address = {Berlin},
	author = {Hoffer, Carol P.},
	booktitle = {Being Female: {R}eproduction, Power, and Change},
	editor = {D. Raphael},
	journal = {\biberror{no journal}},
	pages = {333--34},
	publisher = {De Gruyter Mouton},
	title = {Bundu: {P}olitical Implications of Female Solidarity in a Secret Society},
	volume = {171-87},
	year = {1975}
}

@article{Hyman2004,
	author = {Hyman, Larry M.},
	journal = {Journal of West African Languages},
	pages = {69--88},
	title = {How to become a `{Kwa}' verb},
	volume = {30},
	year = {2004}
}

@article{Greenberg1977,
	author = {Greenberg, Joseph H.},
	journal = {Studies in African Linguistics},
	pages = {97--104},
	title = {Niger-{Congo} noun class markers: {P}refixes, suffixes, both or neither},
	volume = {7},
	year = {1977}
}

@article{DorjahnFyfe1962,
	author = {Dorjahn, V. R. and Christopher Fyfe},
	journal = {The Journal of African History},
	pages = {391--97},
	title = {Landlord and Stranger: {C}hange in Tenancy Relations in {Sierra Leone}},
	volume = {3},
	year = {1962}
}

@article{Dorian1978,
	author = {Dorian, Nancy C.},
	journal = {Language},
	pages = {590--609},
	title = {The fate of morphological complexity in language death: {E}vidence from {E}ast {Sutherland} {Gaelic}},
	volume = {54},
	year = {1978}
}

@article{Day1983,
	author = {Day, Lynda Rose},
	journal = {Africana Research Bulletin},
	pages = {82--107},
	title = {Afro-{British} integration on the {Sherbro Coast}, 1665-1795},
	volume = {12},
	year = {1983}
}

@article{Childs2009,
	author = {Childs, G. Tucker},
	journal = {Studies in African Linguistics},
	pages = {113--30},
	title = {What happens to class when a language dies? {L}anguage change vs. {L}anguage death},
	volume = {38},
	year = {2009}
}

@article{Childs2005,
	author = {Childs, G. Tucker},
	journal = {Studies in African Linguistics},
	pages = {1--41},
	title = {The {S-{AUX}-O-V} syntagm in the {Atlantic} languages},
	volume = {33},
	year = {2005}
}

@article{Childs2004,
	author = {Childs, G. Tucker},
	journal = {Journal of West African Languages},
	pages = {29--40},
	title = {The {Atlantic} and {Mande} groups of {Niger}-{Congo}: {A} study in contrasts, a study in interaction},
	volume = {30},
	year = {2004}
}

@article{Childs2002a,
	author = {Childs, G. Tucker},
	journal = {Journal of West African Languages},
	pages = {81--120},
	title = {Borrowings into Kisi as evidence of {Mande} expansionism and influence},
	volume = {29},
	year = {2002}
}