@book{langsci-current-book, editor = {Geoffrey Williams and Mathilde Le Meur and Andrés Echavarría Peláez}, title = {{West meets East}}, subtitle = {{Papers in historical lexicography and lexicology from across the globe}},year = {2025}, series = {World Histories of Lexicography and Lexicology}, number = {1}, location = {Berlin}, publisher = {Language Science Press}, options = {dataonly=true} } 
