
@incollection{alston_note_1968,
	location = {Menston},
	title = {Note},
	series = {English Linguistics 1500-1800},
	pages = {page number not indicated},
	number = {108},
	booktitle = {Promptorium Parvulorum 1499},
	publisher = {The Scolar Press Limited.},
	author = {Alston, R. C.},
	date = {1968}
}

@book{starnes_english_1991,
	location = {Amsterdam},
	title = {The English Dictionary from Cawdrey to Johnson, 1604-1755 (reissued edition) (introduction by Gabriele Stein)},
	isbn = {978-90-272-4544-1},
	publisher = {John Benjamins Publishing},
	author = {Starnes, {DeWitt} Talmage and Noyes, Gertrude Elizabeth},
	date = {1991},
	langid = {english}
}

@book{starnes_english_1946,
	location = {Chapel Hill},
	title = {The English Dictionary from Cawdrey to Johnson, 1604-1755},
	isbn = {978-0-8078-0471-1},
	publisher = {University of North Carolina Press},
	author = {Starnes, {DeWitt} Talmage and Noyes, Gertrude Elizabeth},
	date = {1946},
	langid = {english}
}

@book{stein_english_1985,
	location = {Tübingen},
	title = {The English Dictionary Before Cawdrey},
	isbn = {978-3-484-30909-8},
	publisher = {Max Niemeyer Verlag},
	author = {Stein, Gabriele},
	date = {1985},
	langid = {english}
}

@book{stein_john_1997,
	location = {Oxford and New York},
	title = {John Palsgrave as Renaissance Linguist: A Pioneer in Vernacular Language Description},
	shorttitle = {John Palsgrave as Renaissance Linguist},
	publisher = {Oxford University Press},
	author = {Stein, Gabriele},
	date = {1997},
	langid = {english}
}

@book{hullen_english_2006,
	location = {Oxford and New York},
	edition = {paperback edition},
	title = {English Dictionaries, 800-1700: The Topical Tradition},
	publisher = {Oxford University Press},
	author = {Hüllen, Werner},
	date = {2006},
	langid = {english}
}

@book{johnson_dictionary_1983,
	location = {Tokyo},
	edition = {Facsimile reprint of 1st Edition},
	title = {A Dictionary of the English Language (Facsimile reprint of 1st edition 1755)},
	publisher = {Yushodo},
	author = {Johnson, Samuel},
	date = {1983}
}

@article{mcdermott_introduction_2005,
	title = {Introduction: Johnson in Context},
	volume = {18},
	pages = {153--156},
	number = {2},
	journaltitle = {International Journal of Lexicography},
	author = {{McDermott}, Anne and Moon, Rosamund},
	date = {2005}
}

@collection{franzen_ashgate_2012,
	location = {Farnham and Burlington},
	title = {Ashgate Critical Essays on Early English Lexicography, Volume 2: Middle English},
	isbn = {978-1-4094-2661-5},
	publisher = {Ashgate},
	editor = {Franzen, Christine},
	date = {2012},
	langid = {english}
}

@collection{franzen_ashgate_2012-1,
	location = {Farnham and Burlington},
	title = {Ashgate Critical Essays on Early English Lexicography, Volume 1: Old English},
	isbn = {978-0-7546-5691-3},
	publisher = {Ashgate},
	editor = {Franzen, Christine},
	date = {2012},
	langid = {english}
}

@incollection{bately_bilingual_2009,
	location = {Oxford and New York},
	edition = {A. P. Cowie},
	title = {Bilingual and Multilingual Dictionaries of the Renaissance and Early Seventeenth Century},
	volume = {1},
	pages = {41--64},
	booktitle = {The Oxford History of English Lexicography},
	publisher = {Oxford University Press},
	author = {Bately, Janet},
	date = {2009},
	langid = {english}
}

@incollection{sauer_glosses_2009,
	location = {Oxford and New York},
	edition = {A. P. Cowie},
	title = {Glosses, Glossaries and Dictionaries in the Medieval Period},
	volume = {1},
	pages = {17--40},
	booktitle = {The Oxford History of English Lexicography},
	publisher = {Oxford University Press},
	author = {Sauer, Hans},
	date = {2009},
	langid = {english}
}

@collection{cowie_oxford_2009,
	location = {Oxford and New York},
	title = {The Oxford History of English Lexicography},
	volume = {1},
	isbn = {978-0-19-155807-8},
	publisher = {Oxford University Press},
	editor = {Cowie, A. P.},
	date = {2009}
}

@article{wheatley_esq_chronological_1865,
	title = {Chronological Notices of the Dictionaries of the English Language},
	volume = {10},
	doi = {10.1111/j.1467-968X.1865.tb00472.x},
	pages = {218--293},
	number = {1},
	journaltitle = {Transactions of the Philological Society},
	author = {Wheatley Esq, Henry B.},
	urldate = {2023-04-12},
	date = {1865},
	langid = {english}
}

@book{mayhew_promptorium_nodate,
	location = {London},
	edition = {ed. 1908},
	title = {The Promptorium parvulorum. The first English-Latin dictionary. c.1440 A.D. (Ed. from the manuscript in the Chapter Library at Winchester, with introduction, notes, and glossaries) (Early English Text Society, extra ser., 102)},
	url = {https://onlinebooks.library.upenn.edu/webbin/book/lookupid?key=ha001057904},
	publisher = {Kegan Paul, Trench: Trübner \& Co},
	author = {Mayhew, Anthony Lawson}
}

@book{wells_dictionaries_1973,
	location = {The Hague and Paris},
	title = {Dictionaries and the Authoritarian Tradition: A Study in English Usage and Lexicography},
	publisher = {Mouton \& Co. N.V., Publishers},
	author = {Wells, Ronald A.},
	date = {1973},
	langid = {english}
}

@book{tietze_tarihi_2016,
	location = {Ankara},
	title = {Tarihî ve Etimolojik Türkiye Türkçesi Lugati},
	publisher = {Türkiye Bilimler Akademisi},
	author = {Tietze, Andreas},
	editor = {Tezcan, Semih},
	date = {2016},
	langid = {turkish}
}

@book{sanal_mehter_1964,
	location = {İstanbul},
	title = {Mehter Musikisi: Bestekâr Mehterler, Mehter havaları},
	shorttitle = {Mehter musikisi},
	publisher = {Millı̂ Eǧitim Basımevi},
	author = {Sanal, Haydar},
	date = {1964},
	langid = {turkish}
}

@online{noauthor_turk_nodate,
	title = {Türk Dil Kurumu Sözlükleri},
	url = {https://sozluk.gov.tr/},
	shorttitle = {{TDK} Sözlükleri},
	urldate = {2023-03-15},
	langid = {turkish}
}

@book{doroszewski_elementy_1970,
	location = {Warszawa},
	title = {Elementy leksykologii i semiotyki},
	publisher = {Państwowe Wydawnictwo Naukowe},
	author = {Doroszewski, Witold},
	date = {1970},
	langid = {polish}
}

@book{araci_donizetti_2006,
	location = {İstanbul},
	title = {Donizetti Paşa: Osmanlı Sarayının İtalyan Maestrosu},
	isbn = {978-975-08-1153-1},
	shorttitle = {Donizetti Paşa},
	publisher = {Yapı Kredi Yayınları},
	author = {Aracı, Emre},
	date = {2006},
	langid = {turkish}
}

@book{uz_talim-i_1892,
	location = {Constantinople},
	title = {Taʾlim-i Musiki, yahut, Musiki Istılahatı},
	url = {https://catalog.hathitrust.org/Record/008962258},
	publisher = {Matbaa-yı Ebüzziya},
	author = {Uz, İsmail Kâzim},
	urldate = {2023-04-17},
	date = {1892}
}

@book{tinghir_fransizcadan_1891,
	location = {Constantinople},
	title = {Fransızcadan Türkçeye ıṣṭılāḥāt luġati. Dictionnaire français-turc des termes techniques des sciences, des lettres et des arts.},
	shorttitle = {Fransızǧadan Türkǧeye iṣṭilāḥāt luġatı},
	publisher = {Impr. de K. Bagdadlian},
	author = {Tinghir, Anton B. and Sinapian, Krikor},
	date = {1891},
	langid = {french}
}

@book{noauthor_turkceosmanlica-ingilizce_2017,
	location = {İstanbul},
	edition = {21},
	title = {Türkçe/Osmanlıca-İngilizce Redhouse Sözlüğü: Turkish/Ottoman-English Redhouse Dictionary},
	isbn = {978-975-8176-11-3},
	shorttitle = {Redhouse Sözlüğü},
	publisher = {{SEV} Yayıncılık Eğitim ve Ticaret A.Ş.},
	date = {2017},
	langid = {english}
}

@online{noauthor_online_2011,
	title = {The Online Liddell-Scott-Jones Greek-English Lexicon},
	url = {https://stephanus.tlg.uci.edu/lsj/},
	shorttitle = {{LSJ} Online},
	urldate = {2023-03-15},
	date = {2011}
}

@online{noauthor_kubbealti_nodate,
	title = {Kubbealtı Lugati},
	url = {http://lugatim.com/},
	urldate = {2023-03-15}
}

@book{stachowski_lexique_2002,
	location = {Kraków},
	title = {Lexique turc dans le Vocabulaire de P.F. Viguier (1790)},
	isbn = {978-83-7188-570-9},
	publisher = {Księgarnia Akademicka},
	author = {Stachowski, Stanisław},
	date = {2002},
	langid = {french}
}

@book{sami_dictionnaire_1885,
	location = {Constantinople},
	title = {Dictionnaire turc-franc̜ais},
	publisher = {Imprimerie Mihran},
	author = {Sāmī, Şemseddīn (Ch. Samy-Bey Fraschery)},
	date = {1885},
	langid = {turkish}
}

@book{redhouse_lexicon_1861,
	location = {London},
	title = {A Lexicon, English and Turkish: Shewing in Turkish the Literal, Incidental, Figurative, Colloquial and Technical Significations of the English Terms},
	shorttitle = {A Lexicon, English and Turkish},
	publisher = {Oriental Literature Society},
	author = {Redhouse, James W.},
	date = {1861}
}

@book{meninski_thesaurus_1680,
	location = {Vienna},
	title = {Thesaurus Linguarum Orientalium, Turcicae, Arabicae, Persicae...},
	publisher = {na},
	author = {Meniński, Franciscus à Mesgnien},
	date = {1680},
	langid = {latin}
}

@book{korabinsky_versuch_1788,
	title = {Versuch Eines Kleinen Türkischen Wörterbuchs Mit Beygesetzten Deutsch-Ungarisch Und Böhmischen Bedeutungen, Und Einer Kurzgefassten Türkischen Sprachlehre},
	url = {https://www.digitalniknihovna.cz/mzk/view/uuid:2912c65a-ef72-4eea-99c2-abc06295dbd8?page=uuid:e0746b2c-c64e-43dc-a732-28afc612ba2a},
	publisher = {Pressburg},
	author = {Korabinsky, Johann Matthias},
	urldate = {2023-04-17},
	date = {1788}
}

@book{kieffer_dictionnaire_1835,
	location = {Paris},
	title = {Dictionnaire turc-français},
	publisher = {Impr. royale},
	author = {Kieffer, Jean Daniel and Bianchi, Thomas Xavier},
	date = {1835},
	langid = {french}
}

@book{danet_pierre_nouveau_1745,
	location = {À Varsovie},
	title = {Nouveau grand dictionnaire ... francois, latin \& polonois, enrichi des mellieurs françons [sic] de parler. Avec des notes de critique \& de grammaire sur ces trois langues. Tome second},
	publisher = {dans l'imprimerie Royalle de la Republique aux Ecolles Pieuses},
	author = {{Danet, Pierre} and [Kola, Dymitr F.]},
	date = {1745},
	langid = {english}
}

@book{kaliszewski_recueil_1795,
	title = {Recueil des mots ... Zebranie słow ...},
	publisher = {W Drukarni J. K. Mci i Rzeczypospolitey u {XX}. Scholarum Piarum},
	author = {Kaliszewski, Adam Piotr},
	date = {1795},
	langid = {english}
}

@book{boyer_complete_1756,
	location = {London},
	title = {The Complete French Master for Ladies and Gentlemen ...: For the Use of His Late Highness the Duke of Glocester},
	shorttitle = {The Complete French Master for Ladies and Gentlemen ...},
	publisher = {S. and E. Ballard},
	author = {Boyer, Abel},
	date = {1756},
	langid = {french}
}

@book{boyer_dictionnaire_1780,
	location = {A Lyon},
	edition = {Nouvelle édition},
	title = {Dictionnaire royal françois-anglais et anglois-françois...},
	publisher = {chez Jean-Marie Bruyset père et fils},
	author = {Boyer, Abel},
	date = {1780},
	langid = {french}
}

@incollection{podhajecka_slownik_2018,
	title = {Słownik Jana Józefa Baranowskiego w świetle jego korespondencji: między teorią a praktyką},
	isbn = {978-83-235-3549-2},
	series = {1},
	shorttitle = {Słownik Jana Józefa Baranowskiego w świetle jego korespondencji},
	pages = {205--230},
	booktitle = {Biblioteka Prac Filologicznych},
	author = {Podhajecka, Mirosława},
	date = {2018-01-01},
	doi = {10.31338/uw.9788323535492}
}

@book{rykaczewski_complete_1849,
	location = {Berlin},
	title = {A Complete Dictionary English and Polish and Polish and English… / Dokładny słownik polsko-angielski...},
	volume = {1-2},
	publisher = {B. Behr},
	author = {Rykaczewski, Erazm},
	date = {1849},
	langid = {english}
}

@book{trotz_nouveau_1744,
	location = {Leipzig},
	title = {Nouveau Dictionnaire françois, allemand et polonais...},
	volume = {2},
	shorttitle = {Nouveau Dictionnaire françois, allemand et polonais},
	publisher = {Gleditsch},
	author = {Trotz, Michał Abraham},
	date = {1744},
	langid = {french}
}

@incollection{grafenauer_jeram_2013,
	location = {Ljubljana},
	edition = {Slovenska akademija znanosti in umetnosti, Znanstvenoraziskovalni center {SAZU}},
	title = {Jeram, Peter Josip (okoli 1865–okoli 1897) - Slovenska biografija},
	url = {https://www.slovenska-biografija.si/oseba/sbi255628/#slovenski-biografski-leksikon},
	booktitle = {Slovenska biografija},
	author = {Grafenauer, Ivan},
	date = {2013}
}

@article{klemencic_research_1986,
	title = {Research on Slovene Immigration to the United States: Past Achievements and Future Directions.},
	volume = {8},
	url = {https://journals.lib.washington.edu/index.php/ssj/article/view/3630},
	doi = {10.7152/ssj.v8i2.3630},
	shorttitle = {Research on Slovene Immigration to the United States},
	pages = {9--14},
	number = {2},
	journaltitle = {Slovene Studies: Journal of the Society of Slovene Studies},
	author = {Klemenčič, Matjaž},
	urldate = {2023-04-17},
	date = {1986}
}

@article{mazi-leskovar_domestication_2003,
	title = {Domestication and Foreignization in Translating American Prose for Slovenian Children},
	volume = {48},
	url = {https://www.erudit.org/fr/revues/meta/2003-v48-n1-2-meta550/006972ar/},
	doi = {10.7202/006972ar},
	pages = {250--265},
	number = {1},
	journaltitle = {Meta : journal des traducteurs / Meta: Translators' Journal},
	shortjournal = {meta},
	author = {Mazi-Leskovar, Darja},
	urldate = {2022-07-10},
	date = {2003},
	langid = {english},
	note = {\biberror{Publisher: Les Presses de l'Université de Montréal}}
}

@article{zhou_approaches_2015,
	title = {Approaches to Language Teaching and Learning},
	volume = {6},
	url = {http://www.academypublication.com/issues2/jltr/vol06/04/11.pdf},
	doi = {10.17507/jltr.0604.11},
	pages = {798},
	number = {4},
	journaltitle = {Journal of Language Teaching and Research},
	shortjournal = {{JLTR}},
	author = {Zhou, Gang and Niu, Xiaochun},
	urldate = {2023-04-11},
	date = {2015-07-02},
	langid = {english}
}

@incollection{gobetz_slovenian_2014,
	title = {Slovenian Americans},
	volume = {4},
	url = {https://go.gale.com/ps/i.do?p=GPS&u=wikipedia&id=GALE|CX3273300166&v=2.1&it=r&sid=GPS&asid=e849a75f},
	pages = {223--239},
	booktitle = {Gale Encyclopedia of Multicultural America},
	author = {Gobetz, Edward},
	editor = {Riggs, Thomas},
	urldate = {2022-07-09},
	date = {2014}
}

@online{allcock_slovenia_2022,
	title = {Slovenia},
	url = {https://www.britannica.com/place/Slovenia},
	titleaddon = {Encyclopaedia Brittanica},
	author = {Allcock, John B. and Barker, Thomas M. and Gosar, Anton and Lavrencic, Karl},
	urldate = {2022-07-16},
	date = {2022}
}

@incollection{thebaud-sorger_spectacles_2015,
	location = {Paris, France},
	edition = {Pestre Dominique (ed)},
	title = {Spectacles de sciences},
	isbn = {978-2-02-107676-9},
	booktitle = {Histoire des sciences et des savoirs},
	publisher = {Éditions du Seuil},
	author = {Thébaud-Sorger, Marie},
	translator = {Poncharal, Bruno and Muller, Agnès},
	date = {2015}
}

@book{simon_lettres_1730,
	location = {Amsterdam},
	title = {Lettres choisies de M. Simon. Où l'on trouve un grand nombre de faits anecdotes de literature. Nouvelle edition, revuë, corrigée \& augmentée d'un volume; \& de la vie de l'auteur par M. Bruzen La Martiniere. Tome premier.},
	publisher = {P. Mortier},
	author = {Simon, Richard},
	editor = {Bruzen de La Martinière, Antoine-Augustin},
	date = {1730}
}

@book{leca-tsiomis_guerre_2023,
	location = {Paris, France},
	title = {La guerre des dictionnaires: le Trévoux aux sources de l'Encyclopédie},
	isbn = {978-2-271-13854-5},
	shorttitle = {La guerre des dictionnaires},
	publisher = {{CNRS} éditions},
	author = {Leca-Tsiomis, Marie},
	date = {2023}
}

@book{laplanche_bible_1994,
	location = {Paris, France},
	title = {La Bible en France entre mythe et critique: ({XVIe}-{XIXe} siècle)},
	isbn = {978-2-226-07461-4},
	shorttitle = {La Bible en France entre mythe et critique},
	publisher = {A. Michel},
	author = {Laplanche, François},
	date = {1994}
}

@article{stolzenberg__2015,
	title = {Les « langues orientales » et les racines de l’orientalisme académique : une enquête préliminaire},
	volume = {268},
	url = {https://www.cairn.info/revue-dix-septieme-siecle-2015-3-page-409.htm},
	doi = {10.3917/dss.153.0409},
	shorttitle = {Les « langues orientales » et les racines de l’orientalisme académique},
	pages = {409--426},
	number = {3},
	journaltitle = {Dix-septième siècle},
	shortjournal = {Dix-septième siècle},
	author = {Stolzenberg, Daniel},
	urldate = {2023-04-17},
	date = {2015},
	langid = {french},
	note = {\biberror{Place: Paris cedex 14 Publisher: Presses Universitaires de France}}
}

@article{tambrun_tradition_2020,
	title = {La Tradition sans l’exclusion. Richard Simon, Bossuet et le socinianisme face aux critères de l’authenticité},
	volume = {95},
	url = {https://www.cairn.info/revue-etudes-theologiques-et-religieuses-2020-2-page-249.htm},
	doi = {10.3917/etr.952.0249},
	pages = {249--273},
	number = {2},
	journaltitle = {Études théologiques et religieuses},
	shortjournal = {Études théologiques et religieuses},
	author = {Tambrun, Brigitte},
	urldate = {2023-04-17},
	date = {2020},
	langid = {french},
	note = {\biberror{Place: Montpellier Publisher: Institut protestant de théologie}}
}

@article{wionet_du_1998,
	title = {Du colinguisme dans le Dictionnaire universel dit de Trévoux},
	volume = {83},
	url = {https://www.persee.fr/doc/lsoc_0181-4095_1998_num_83_1_2815},
	doi = {10.3406/lsoc.1998.2815},
	pages = {97--111},
	number = {1},
	journaltitle = {Langage \& société},
	author = {Wionet, Chantal},
	urldate = {2023-04-17},
	date = {1998},
	note = {\biberror{Publisher: Persée - Portail des revues scientifiques en {SHS}}}
}

@article{wionet_esprit_2006,
	title = {L'esprit des langues dans le Dictionnaire universel de Trévoux (1704-1771)},
	volume = {38},
	url = {https://www.cairn.info/revue-dix-huitieme-siecle-2006-1-page-283.htm},
	doi = {10.3917/dhs.038.0283},
	pages = {283--302},
	number = {1},
	journaltitle = {Dix-huitième siècle},
	shortjournal = {Dix-huitième siècle},
	author = {Wionet, Chantal},
	urldate = {2023-04-17},
	date = {2006},
	langid = {french},
	note = {\biberror{Publisher: Société Française d'Étude du Dix-Huitième Siècle}}
}

@thesis{graveleau_heresies_2018,
	title = {"Les hérésies sont d'utiles ennemies". : itinéraire d'Henri Basnage de Beauval (1656-1710), avocat de la République des Lettres et penseur de la tolérance civile.},
	url = {https://theses.hal.science/tel-02157922},
	shorttitle = {"Les hérésies sont d'utiles ennemies".},
	institution = {Université d'Angers ; Universität Bayreuth},
	type = {phdthesis},
	author = {Graveleau, Sara},
	urldate = {2023-04-17},
	date = {2018-12-01},
	langid = {french}
}

@article{brun_lantiaugustinisme_2012,
	title = {L’antiaugustinisme de Richard Simon},
	url = {https://journals.openedition.org/rhr/7899},
	doi = {10.4000/rhr.7899},
	pages = {257--273},
	number = {2},
	journaltitle = {Revue de l’histoire des religions},
	author = {Brun, Jacques Le},
	urldate = {2023-04-17},
	date = {2012-06-01},
	langid = {french}
}

@misc{marmontel_definition_1782,
	title = {\biberror{définition}},
	publisher = {Charles Joseph Panckoucke},
	author = {Marmontel, Jean François},
	date = {1782},
	pages = {572–575},
	location = {Paris},
	booktitle  ={\biberror{Encyclopédie méthodique: Grammaire et littérature,}}
}

@book{marmontel_oeuvres_1787,
	location = {Paris},
	edition = {2},
	title = {Oeuvres complettes de M. Marmontel},
	shorttitle = {Oeuvres},
	publisher = {Née de la Rochelle},
	author = {Marmontel, Jean François},
	date = {1787},
	langid = {french}
}

@incollection{cernuschi_cultural_2021,
	location = {Toronto},
	title = {The cultural and esthetic challenges of translating English and German articles on the performing arts in French eighteenth-century encyclopedias},
	pages = {40--57},
	booktitle = {Translation and Transfer of Knowledge in Encyclopedic Compilations, 1680-1830},
	publisher = {University of Toronto Press},
	author = {Cernuschi, Alain},
	date = {2021},
	langid = {english}
}

@article{coste_air_2009,
	title = {Air, the making of},
	url = {https://journals.openedition.org/rde/4551},
	doi = {10.4000/rde.4551},
	shorttitle = {Making air},
	pages = {9--14},
	number = {44},
	journaltitle = {Recherches sur Diderot et sur l'Encyclopédie},
	author = {Coste, Alain},
	urldate = {2023-03-26},
	date = {2009-10},
	langid = {french}
}

@misc{dalembert_definition_1754,
	title = {Définition},
	publisher = {Antoine-Claude Briasson; Michel-Antoine David l'aîné; André-François le Breton; and Laurent Durand},
	editor = {d'Alembert, Jean le Rond and Formey, Jean-Henri-Samuel and Mallet, Edme-François and Marmontel, Jean François},
	date = {1754},
	note = {\biberror{Pages: 746–749 Place: Paris Publication Title: Encyclopédie, ou Dictionnaire raisonné des sciences, des arts et des métiers Volume: 4}}
}

@book{dalembert_preliminary_1995,
	location = {Chicago},
	title = {Preliminary Discourse to the Encyclopedia of Diderot},
	isbn = {978-0-226-13476-5},
	shorttitle = {Preliminary Discourse},
	publisher = {University of Chicago Press},
	author = {d'Alembert, Jean Le Rond},
	translator = {Schwab, Richard N.},
	date = {1995},
	langid = {english}
}

@incollection{bocast_cyclopaedia_2023,
	location = {Paris},
	title = {La Cyclopædia d’Ephraïm Chambers et les réseaux lexicographiques du {XVIIIe} siècle},
	shorttitle = {La Cyclopædia d’Ephraïm Chambers},
	booktitle = {Dictionnaires et réseaux de lexicographes au {XVIIe} et {XVIIIe} siècles},
	publisher = {Honoré Champion},
	author = {Bocast, Alexander K},
	editor = {{Geoffrey Williams}},
	date = {2023-06},
	langid = {french}
}

@book{savile_ladys_1756,
	location = {London},
	edition = {14},
	title = {The Lady's New-year's Gift: or, Advice to a Daughter},
	shorttitle = {Advice to a Daughter},
	publisher = {R. \& J. Dodsley; and A. Ward},
	author = {Savile, George},
	date = {1756},
	langid = {english}
}

@book{savile_miscellanies_1704,
	location = {London},
	edition = {2},
	title = {Miscellanies by the Late Lord Marquis of Halifax},
	url = {http://archive.org/details/miscbyla00hali},
	shorttitle = {Miscellanies},
	publisher = {W. Rogers; Benj. Tooke; and D. Midwinter \& T. Leigh},
	author = {Savile, George},
	urldate = {2022-07-23},
	date = {1704},
	langid = {english}
}

@book{wolff_vernunfftige_1722,
	location = {Halle im Magdeburg},
	edition = {2},
	title = {Vernünfftige Gedancken von Gott, der Welt und der Seele des Menschen, auch allen Dingen überhaupt, den Liebhabern der Wahrheit},
	shorttitle = {Vernünfftige Gedancken von Gott},
	publisher = {Rengerischen Buchhandlung},
	author = {Wolff, Christian},
	date = {1722},
	langid = {german}
}

@book{kafker_encyclopedists_1988,
	location = {Oxford},
	title = {The Encyclopedists as Individuals: A Biographical Dictionary of the Authors of the Encyclopédie},
	isbn = {978-0-7294-0368-9},
	url = {https://artflsrv03.uchicago.edu/philologic4/kafker/navigate/1/50/},
	series = {{SVEC}},
	shorttitle = {The Encyclopedists},
	number = {257},
	publisher = {Voltaire Foundation},
	author = {Kafker, Frank A. and Kafker, Serena L.},
	date = {1988},
	langid = {english}
}

@book{savile_ladys_1741,
	location = {London},
	edition = {12},
	title = {The Lady's New-year's Gift: or, Advice to a Daughter},
	shorttitle = {Advice to a Daughter},
	publisher = {D. Midwinter; and A. Ward},
	author = {Savile, George},
	date = {1741},
	langid = {english}
}

@book{savile_etrennes_1692,
	location = {London},
	title = {Etrennes, ou conseils d'un homme de qualité a sa fille},
	shorttitle = {Etrennes},
	publisher = {Jaques Partridge; and Matieu Gilliflower},
	author = {Savile, George},
	translator = {{unknown}},
	date = {1692},
	langid = {french}
}

@book{savile_conseils_1699,
	location = {La Haye (Den Haag)},
	title = {Conseils d'un homme de qualité a sa fille},
	shorttitle = {Conseils a sa fille},
	publisher = {Louis \& Henri van Dole},
	author = {Savile, George},
	date = {1699},
	langid = {french}
}

@book{savile_ladys_1752,
	location = {Berlin},
	title = {The Lady's New-Year's Gift: or, Advice to a Daughter // Conseils d'un homme de qualité à sa fille},
	shorttitle = {Conseils à sa fille},
	publisher = {Haude \& Spener},
	author = {Savile, George},
	editor = {Formey, Jean-Henri-Samuel},
	date = {1752},
	langid = {english}
}

@book{savile_conseils_1698,
	location = {La Haye (Den Haag)},
	title = {Conseils d'un homme de qualité à sa fille},
	shorttitle = {Conseils à sa fille},
	publisher = {Louis \& Henri van Dole},
	author = {Savile, George},
	date = {1698},
	langid = {french}
}

@book{savile_miscellanies_1717,
	location = {London},
	edition = {3},
	title = {Miscellanies by the most Noble George Lord Saville, late Marquis and Earl of Halifax},
	shorttitle = {Miscellanies},
	publisher = {B. Tooke; D. Midwinter; and J. Hooke},
	author = {Savile, George},
	date = {1717},
	langid = {english}
}

@book{savile_miscellanies_1700,
	location = {London},
	edition = {1},
	title = {Miscellanies by the Right Noble Lord, the Late Lord Marquess of Halifax},
	shorttitle = {Miscellanies by Halifax},
	publisher = {Matt. Gillyflower},
	author = {Savile, George},
	date = {1700},
	langid = {english}
}

@book{luzacs_bibliotheque_1752,
	location = {Leide (Leiden)},
	title = {Bibliothèque impartiale},
	publisher = {Elie Luzac fils},
	author = {{Luzac's}},
	date = {1752},
	langid = {french}
}

@misc{roe_cyclopaedia_2021,
	title = {From Cyclopaedia to Encyclopédie: experiments in machine translation and sequence alignment},
	url = {https://voltairefoundation.wordpress.com/2021/09/23/from-cyclopaedia-to-encyclopedie-experiments-in-machine-translation-and-sequence-alignment/},
	shorttitle = {From Cyclopaedia to Encyclopédie},
	author = {Roe, Glenn and Olsen, Mark},
	urldate = {2022-03-25},
	date = {2021-09},
	langid = {english},
	note = {\biberror{Publication Title: Voltaire Foundation}}
}

@book{krauss_studien_1963,
	location = {Berlin},
	title = {Studien zur Deutschen und Französischen Aufkläring},
	series = {Neue Beiträge zur Literaturwissenschaft},
	number = {16},
	publisher = {Rutten \& Loening},
	author = {Krauss, Werner},
	date = {1963},
	langid = {german}
}

@book{savile_conseils_1748,
	location = {Lausanne},
	edition = {nouvelle},
	title = {Conseils d'un homme de qualité à sa fille},
	shorttitle = {Conseils à sa Fille},
	publisher = {J. Christ. Sievert},
	author = {Savile, George},
	date = {1748},
	langid = {french}
}

@book{savile_ladys_1688,
	location = {London},
	edition = {1},
	title = {The Lady's New-years Gift: or, Advice to a Daughter},
	shorttitle = {Advice to a Daughter},
	publisher = {Randal Taylor},
	author = {Savile, George},
	date = {1688},
	langid = {english}
}

@incollection{lough_encyclopeand_1980,
	location = {Oxford},
	title = {The Encyclopédie and Chambers's Cyclopaedia},
	pages = {221--224},
	number = {185},
	booktitle = {Studies on Voltaire and the Eighteenth Century},
	publisher = {The Voltaire Foundation at the Taylor Institution},
	author = {Lough, John},
	date = {1980},
	langid = {english}
}

@incollection{krauss_akademiesekretar_1963,
	location = {Berlin},
	title = {Ein Akademiesekretär vor 200 Jahren: Samuel Formey},
	pages = {53--62},
	booktitle = {Studien zur Deutschen und Französischen Aufklärung},
	publisher = {Rutten \& Loening},
	author = {Krauss, Werner},
	editor = {Krauss, Werner},
	date = {1963},
	langid = {german}
}

@article{kafker_notices_1989,
	title = {Notices sur les auteurs des dix-sept volumes de « discours » de l'Encyclopédie.},
	volume = {7},
	url = {https://www.persee.fr/doc/rde_0769-0886_1989_num_7_1_1036},
	shorttitle = {Notices sur les auteurs},
	pages = {125--150},
	number = {1},
	journaltitle = {Recherches sur Diderot et sur l'Encyclopédie},
	author = {Kafker, Frank A.},
	urldate = {2022-03-03},
	date = {1989},
	langid = {french}
}

@misc{thomson_formey_1980,
	title = {Formey, Jean-Henri-Samuel},
	url = {https://dictionnaire-journalistes.gazettes18e.fr/journaliste/310-jean-henri-formey},
	shorttitle = {Formey},
	author = {Thomson, Ann},
	urldate = {2022-03-04},
	date = {1980},
	langid = {french},
	note = {\biberror{Publication Title: Dictionnaire des journalistes (1600-1789)}}
}

@article{fischer_encyclopepresente-t-elle_1994,
	title = {L'Encyclopédie présente-t-elle une pré-science des monstres ?},
	volume = {16},
	url = {https://www.persee.fr/doc/rde_0769-0886_1994_num_16_1_1252},
	doi = {10.3406/rde.1994.1252},
	pages = {133--152},
	number = {1},
	journaltitle = {Recherches sur Diderot et sur l'Encyclopédie},
	author = {Fischer, Jean-Louis},
	urldate = {2022-03-03},
	date = {1994},
	langid = {french}
}

@book{condillac_traite_1749,
	location = {La Haye (Den Haag)},
	title = {Traité des systèmes},
	publisher = {Neaulme},
	author = {Condillac, Étienne Bonnot de},
	date = {1749},
	langid = {french}
}

@article{duc_leibniz_2013,
	title = {Leibniz dans l’Encyclopédie},
	volume = {48},
	url = {https://journals.openedition.org/rde/5036},
	doi = {10.4000/rde.5036},
	pages = {123--142},
	journaltitle = {Recherches sur Diderot et sur l'Encyclopédie},
	author = {Duc, Khanh Dao},
	urldate = {2022-03-02},
	date = {2013},
	langid = {french}
}

@misc{dalembert_definition_2016,
	title = {definition in mathematics},
	url = {http://hdl.handle.net/2027/spo.did2222.0003.206},
	publisher = {Michigan Publishing, University of Michigan Library},
	author = {{d'Alembert}},
	translator = {Bocast, Alexander K},
	date = {2016},
	langid = {english},
	note = {\biberror{Place: Ann Arbor, Michigan Publication Title: The Encyclopedia of Diderot \& d'Alembert Collaborative Translation Project}}
}

@misc{formey_definition_2016,
	title = {definition in logic},
	url = {http://hdl.handle.net/2027/spo.did2222.0003.206},
	publisher = {Michigan Publishing, University of Michigan Library},
	author = {Formey, Jean-Henri-Samuel},
	translator = {Bocast, Alexander K},
	date = {2016},
	langid = {english},
	note = {\biberror{Place: Ann Arbor, Michigan Publication Title: The Encyclopedia of Diderot \& d'Alembert Collaborative Translation Project}}
}

@article{roth_samuel_1954,
	title = {Samuel Formey et son Projet D'«Encyclopédie Réduite»},
	volume = {54},
	pages = {317--374},
	journaltitle = {Revue d'histoire littéraire de la France},
	author = {Roth, Georges},
	date = {1954},
	langid = {french}
}

@misc{mallet_definition_2016,
	title = {definition in rhetoric},
	url = {http://hdl.handle.net/2027/spo.did2222.0003.206},
	publisher = {Michigan Publishing, University of Michigan Library},
	author = {Mallet, Edme-François and Marmontel, Jean François},
	translator = {Bocast, Alexander K},
	date = {2016},
	langid = {english},
	note = {\biberror{Place: Ann Arbor, Michigan Publication Title: The Encyclopedia of Diderot \& d'Alembert Collaborative Translation Project}}
}

@misc{unknown_error_2013,
	title = {"Error"},
	url = {http://hdl.handle.net/2027/spo.did2222.0002.683},
	shorttitle = {Error},
	publisher = {Michigan Publishing, University of Michigan Library},
	author = {{unknown}},
	translator = {Bringman, Gregory},
	urldate = {2022-03-01},
	date = {2013},
	langid = {english},
	note = {\biberror{Place: Ann Arbor Publication Title: The Encyclopedia of Diderot \& d'Alembert Collaborative Translation Project}}
}

@collection{holmberg_stranded_2021,
	location = {Cham, Switzerland},
	title = {Stranded Encyclopedias, 1700–2000},
	shorttitle = {Stranded Encyclopedias},
	publisher = {Palgrave Macmillan (Springer)},
	editor = {Holmberg, Linn and Simonsen, Maria},
	date = {2021},
	langid = {english}
}

@incollection{montoya_building_2021,
	location = {Leiden},
	title = {Building the Bibliothèque Choisie, from Jean Le Clerc to Samuel Formey: Library Manuals, Review Journals and Auction Catalogues in the Long Eighteenth Century},
	isbn = {978-90-04-42223-0},
	doi = {10.1163/9789004422247_016},
	shorttitle = {Building the Bibliothèque Choisie},
	pages = {426--462},
	booktitle = {Early Modern Book Trade Catalogues},
	publisher = {Brill},
	author = {Montoya, Alicia C.},
	date = {2021},
	langid = {english}
}

@book{formey_conseils_1750,
	location = {Berlin},
	edition = {2},
	title = {Conseils pour former une bibliotheque peu nombreuse mais choisie},
	shorttitle = {Conseils pour former une bibliothèque},
	publisher = {Ambrosius Haude \& Johann Cart Spener},
	author = {Formey, Jean-Henri-Samuel},
	date = {1750},
	langid = {french}
}

@book{formey_conseils_1746,
	location = {Berlin},
	edition = {1},
	title = {Conseils pour former une bibliothèque peu nombreuse mais choisie},
	shorttitle = {Conseils pour former une bibliothèque},
	publisher = {Ambrosius Haude \& Johann Cart Spener},
	author = {Formey, Jean-Henri-Samuel},
	date = {1746},
	langid = {french}
}

@article{moureau_encyclopeapres_1987,
	title = {L'Encyclopédie d'après les correspondants de Formey},
	volume = {3},
	url = {www.persee.fr/doc/rde_0769-0886_1987_num_3_1_928},
	doi = {10.3406/rde.1987.928},
	pages = {125--145},
	journaltitle = {Recherches sur Diderot et sur l'Encyclopédie},
	author = {Moureau, François},
	date = {1987},
	langid = {french}
}

@incollection{grosse_stranding_2021,
	title = {Stranding in the Encyclopédie: The Case of Samuel Formey’s Philosophical Dictionary, 1742–1747},
	isbn = {978-3-030-64299-0},
	shorttitle = {Stranding in the Encyclopédie},
	pages = {37--72},
	booktitle = {Stranded Encyclopedias, 1700–2000},
	publisher = {Springer International Publishing},
	author = {Grosse, Annelie},
	date = {2021},
	langid = {english}
}

@thesis{grosse_self-_2018,
	location = {Florence},
	title = {The (Self-) Fashioning of an Eighteenth-Century Christian Philosopher: Religion, Science and Morality in the Writings and Life of Jean Henri Samuel Formey (1711-1797)},
	shorttitle = {Writings of Formey},
	institution = {European University Institute},
	type = {dissertation},
	author = {Grosse, Annelie},
	date = {2018},
	langid = {english}
}

@article{marcu_encyclopediste_1953,
	title = {Un Encyclopédiste oublié: Formey},
	volume = {53},
	url = {https://www.jstor.org/stable/40521108},
	pages = {296--305},
	number = {3},
	journaltitle = {Revue d'Histoire littéraire de la France},
	author = {Marcu, Eva Dorothea},
	date = {1953},
	langid = {french}
}

@book{wilson_diderot_1957,
	location = {New York},
	title = {Diderot: The Testing Years, 1713-1759},
	url = {http://archive.org/details/diderotthetestin001232mbp},
	shorttitle = {Diderot: The Testing Years},
	publisher = {Oxford University Press},
	author = {Wilson, Arthur {McCandless}},
	urldate = {2022-02-26},
	date = {1957},
	langid = {english}
}

@misc{roe_emilie_2015,
	title = {Émilie du Châtelet, forgotten encyclopédiste?},
	url = {https://voltairefoundation.wordpress.com/2015/09/17/emilie-du-chatelet-forgotten-encyclopediste/},
	shorttitle = {Émilie du Châtelet},
	author = {Roe, Glenn},
	date = {2015},
	langid = {english},
	note = {\biberror{Publication Title: Voltaire Foundation}}
}

@article{chouillet_documents_1994,
	title = {Documents sur le projet d'Encyclopédie réduite de Formey},
	volume = {16},
	url = {www.persee.fr/doc/rde_0769-0886_1994_num_16_1_1254},
	pages = {154--159},
	journaltitle = {Recherches sur Diderot et sur l'Encyclopédie},
	author = {Chouillet, Anne-Marie},
	date = {1994},
	langid = {french}
}

@book{locke_du_1691,
	location = {Amsterdam},
	edition = {1},
	title = {Du Gouvernement Civil, où l'on traitte de l'Origine, des Fondemens, de la Nature, du Pouvoir, \& des Fins des Sociétez Politiques},
	shorttitle = {Du Gouvernement Civil},
	publisher = {Abraham Wolfgang},
	author = {Locke, John},
	translator = {Mazel, David},
	date = {1691},
	langid = {french}
}

@article{soulard_loeuvre_2011,
	title = {L'œuvre des premiers traducteurs français de John Locke : Jean Le Clerc, Pierre Coste et David Mazel},
	volume = {253},
	url = {https://www.cairn.info/revue-dix-septieme-siecle-2011-4-page-739.htm},
	doi = {10.3917/dss.114.0739},
	shorttitle = {L'œuvre des premiers traducteurs français de John Locke},
	pages = {739--762},
	number = {4},
	journaltitle = {Dix-septieme siecle},
	author = {Soulard, Delphine},
	urldate = {2022-01-23},
	date = {2011-12},
	langid = {french}
}

@article{hubac_review_2007,
	title = {Review of Lettres de l'Angleterre à Jean Henri Samuel Formey à Berlin, de Jean Des Champs, David Durand, Matthieu Maty et d'autres correspondants (1737-1788)},
	volume = {153},
	url = {http://www.jstor.org/stable/24309307},
	pages = {137--139},
	journaltitle = {Bulletin de la Société de l'Histoire du Protestantisme Français (1903-2015)},
	author = {Hubac, Jean},
	urldate = {2022-01-25},
	date = {2007},
	langid = {french}
}

@book{locke_education_1695,
	location = {Amsterdam},
	edition = {1},
	title = {De l'education des enfans},
	publisher = {Antoine Schelte},
	author = {Locke, John},
	translator = {Coste, Pierre},
	date = {1695},
	langid = {french}
}

@book{formey_abrege_1764,
	location = {Berlin},
	edition = {1},
	title = {Abrégé de toutes les sciences a l'usage des adolescens, et de tous ceux qui veulent s'instruire},
	shorttitle = {Abrégé de toutes les sciences},
	publisher = {Joachim Pauli},
	author = {Formey, Jean-Henri-Samuel},
	urldate = {2022-01-16},
	date = {1764},
	langid = {french}
}

@book{formey_abrege_1760,
	location = {Bruxelles (Brussels)},
	edition = {nouvelle},
	title = {Abrégé de toutes les sciences à l'usage des enfants},
	publisher = {Antoine du Pont},
	author = {Formey, Jean-Henri-Samuel},
	date = {1760},
	langid = {french}
}

@book{formey_abrege_1761,
	location = {Berlin},
	edition = {revue},
	title = {Abrégé de toutes les sciences, à l'usage des enfans de six ans jusqu'à douze},
	shorttitle = {Abrégé de toutes les sciences},
	publisher = {Joachim Pauli},
	author = {Formey, Jean-Henri-Samuel},
	date = {1761},
	langid = {french}
}

@book{formey_conseils_1755,
	location = {Berlin},
	edition = {3},
	title = {Conseils pour former une bibliothèque peu nombreuse, mais choisie},
	url = {http://archive.org/details/conseilspourform00form},
	shorttitle = {Conseils pour former une bibliothèque},
	publisher = {Haude \& Spener},
	author = {Formey, Jean-Henri-Samuel},
	urldate = {2022-01-16},
	date = {1755},
	langid = {french}
}

@article{fischer_john_1975,
	title = {John Locke in the German Enlightenment: An Interpretation},
	volume = {36},
	url = {http://www.jstor.org/stable/2708655},
	doi = {10.2307/2708655},
	shorttitle = {Locke in the German Enlightenment},
	pages = {431--446},
	number = {3},
	journaltitle = {Journal of the History of Ideas},
	author = {Fischer, Klaus P.},
	urldate = {2021-12-11},
	date = {1975},
	langid = {english}
}

@misc{bocast_sources_2019,
	title = {Sources of the text of the article \textbf{{\textbackslash}textless}span style="font-variant:small-caps;"{\textbackslash}textgreaterdefinition{\textbackslash}textless/span{\textbackslash}textgreater in Ephraim Chambers’s \textit{Cyclopaedia}},
	shorttitle = {Sources of Chambers's Article on Definition},
	author = {Bocast, Alexander K},
	date = {2019-06},
	langid = {english},
	note = {\biberror{Place: Leeuwarden Type: conference presentation}}
}

@collection{panckoucke_encyclopemethodique_1782,
	location = {Paris \& Liège},
	title = {Encyclopédie méthodique, ou par ordre de matières},
	url = {http://archive.org/details/encyclopdiemtho04surggoog},
	shorttitle = {Encyclopédie méthodique},
	publisher = {Charles-Joseph Panckoucke (1782-1794), Henri Agasse (1794-1813), Thérèse-Charlotte Agasse (Mme veuve Agasse) (1813-1832) (Paris); and Clement Plomteux (Liège)},
	editor = {Panckoucke, Charles-Joseph and Agasse, Henri and Agasse, Thérèse-Charlotte},
	urldate = {2016-10-11},
	date = {1782},
	langid = {french}
}

@book{chambers_cyclopaedia_1741,
	location = {London},
	edition = {4},
	title = {Cyclopaedia: or, An Universal Dictionary of Arts and Sciences},
	url = {http://link.gale.com/apps/doc/CW0106121838/ECCO?sid=bookmark-ECCO&xid=19ec48f4&pg=1},
	shorttitle = {Cyclopædia},
	publisher = {D. Midwinter; J. Senex; R. Gosling; W. Innys; C. Rivington; A. Ward; J. \& P. Knapton; E. Symon; S. Birt; D. Brown; T. Longman; R. Hett; C. Hitch; J. Shuckburgh; J. Pemberton; A. Millar; and the Executors of J. Darby},
	author = {Chambers, Ephraim},
	urldate = {2021-10-13},
	date = {1741},
	langid = {english}
}

@collection{panckoucke_encyclopemethodique_1782-1,
	location = {Paris},
	title = {Encyclopédie méthodique, ou par ordre de matières, par une société de gens de lettres, de savans et d'artistes},
	url = {http://archive.org/details/encyclopediemeth00unse},
	shorttitle = {Prospectus for Encyclopédie méthodique},
	publisher = {Charles Joseph Panckoucke},
	editor = {Panckoucke, Charles Joseph},
	urldate = {2018-05-01},
	date = {1782},
	langid = {french}
}

@book{condillac_essai_1746,
	location = {Amsterdam},
	edition = {1},
	title = {Essai sur l'origine des connoissances humaines},
	url = {http://gallica.bnf.fr/ark:/12148/btv1b8626251z},
	shorttitle = {Essai},
	publisher = {Pierre Mortier},
	author = {Condillac, Étienne Bonnot de},
	urldate = {2016-10-03},
	date = {1746},
	langid = {french}
}

@book{chambers_chambers_2016,
	location = {{McLean}},
	edition = {1},
	title = {Chambers on definition},
	isbn = {978-1-945208-00-3},
	publisher = {Berkeley Bridge Press},
	author = {Chambers, Ephraim},
	editor = {Bocast, Alexander K},
	date = {2016},
	langid = {english}
}

@book{de_colonia_arte_1710,
	location = {Lugduni (Lyon)},
	edition = {2},
	title = {De arte rhetorica},
	shorttitle = {Arte rhetorica},
	publisher = {Antoni Molin},
	author = {de Colonia, Dominique},
	date = {1710},
	langid = {latin}
}

@book{formey_belle_1741,
	location = {La Haye (Den Haag)},
	title = {La belle Wolfienne},
	publisher = {Charles le Vier (1741); Jean Neaulme (1743-1753)},
	author = {Formey, Jean-Henri-Samuel},
	date = {1741},
	langid = {french}
}

@book{wolff_philosophisches_1737,
	location = {Bayreuth},
	title = {Philosophisches Lexicon: darinnen die Erklärungen aus Christian Wolffens teutschen Schrifften seines philosophischen Systematis},
	shorttitle = {Philosophisches Lexicon},
	publisher = {Johann Gottlieb Vierling},
	author = {Wolff, Christian},
	editor = {Meißner, Heinrich Adam},
	date = {1737},
	langid = {german}
}

@book{wolff_mathematisches_1716,
	location = {Leipzig},
	title = {Mathematisches Lexicon},
	publisher = {Johann Friedrich Gleditsch seel. Sohn},
	author = {Wolff, Christian},
	date = {1716},
	langid = {german}
}

@book{wolff_vollstandiges_1747,
	location = {Leipzig},
	edition = {2},
	title = {Vollständiges Mathematisches Lexicon},
	shorttitle = {Mathematisches Lexicon},
	publisher = {Johann Friedrich Gleditsch seel. Sohn},
	author = {Wolff, Christian},
	date = {1747},
	langid = {german}
}

@article{adams_formey_1992,
	title = {Formey continuateur de l'Encyclopédie},
	volume = {13},
	doi = {10.3406/rde.1992.1189},
	pages = {117--129},
	journaltitle = {Recherches sur Diderot et sur l'Encyclopédie},
	author = {Adams, David J.},
	date = {1992-10},
	langid = {french}
}

@book{de_colonia_arte_1739,
	location = {Hagae Comitis (Den Hague)},
	edition = {19},
	title = {De arte rhetorica},
	shorttitle = {Arte rhetorica},
	publisher = {Pierre Paupie},
	author = {de Colonia, Dominique},
	date = {1739},
	langid = {latin}
}

@book{locke_essai_1700,
	location = {Amsterdam},
	edition = {1},
	title = {Essai philosophique concernant l'entendement humain},
	shorttitle = {Essai philosophique},
	publisher = {Henri Schelte},
	author = {Locke, John},
	translator = {Coste, Pierre},
	date = {1700},
	langid = {french}
}

@misc{bocast_condillacs_2014,
	title = {Condillac’s Contributions to Formey’s Article on ‘{DÉFINITION}’ in Diderot’s Encyclopédie},
	url = {http://www.berkeleybridgepress.com/research-papers.html; https://www.researchgate.net/publication/273805565},
	publisher = {Berkeley Bridge Press},
	author = {Bocast, Alexander K},
	date = {2014},
	langid = {english}
}

@article{passeron_quelles_2006,
	title = {Quelle(s) édition(s) de la Cyclopædia les encyclopédistes ont-ils utilisée(s) ?},
	volume = {40-41},
	url = {http://rde.revues.org/4342},
	doi = {10.4000/rde.4342},
	shorttitle = {Quelle édition},
	pages = {287--292},
	issue = {October},
	journaltitle = {Recherches sur Diderot et sur l'Encyclopédie},
	author = {Passeron, Irène},
	urldate = {2015-01-20},
	date = {2006},
	langid = {french}
}

@book{locke_essai_1729,
	location = {Amsterdam},
	edition = {2},
	title = {Essai philosophique concernant l'entendement humain},
	publisher = {Pierre Mortier},
	author = {Locke, John},
	translator = {Coste, Pierre},
	date = {1729},
	langid = {french}
}

@article{quintili_alembert_1996,
	title = {D'Alembert « traduit » Chambers: Les articles de mécanique de la Cyclopædia à l'Encyclopédie},
	volume = {21},
	doi = {10.3406/rde.1996.1347},
	shorttitle = {D'Alembert traduit Chambers},
	pages = {75--90},
	number = {1},
	journaltitle = {Recherches sur Diderot et sur l'Encyclopédie},
	author = {Quintili, Paolo},
	date = {1996},
	langid = {french}
}

@book{formey_dictionnaire_1767,
	location = {Halle},
	title = {Dictionnaire instructif},
	publisher = {Jean Justin Gebauer},
	author = {Formey, Jean-Henri-Samuel},
	date = {1767},
	langid = {french}
}

@book{condillac_essay_1756,
	location = {London},
	title = {An Essay on the Origin of Human Knowledge: Being a Supplement to Mr. Locke's Essay on the Human Understanding},
	shorttitle = {Essay},
	publisher = {J. Nourse},
	author = {Condillac, Étienne Bonnot de},
	translator = {Nugent, Thomas},
	date = {1756},
	langid = {english}
}

@collection{diderot_encyclope_1751,
	location = {Paris},
	title = {Encyclopédie, ou Dictionnaire raisonné des sciences, des arts et des métiers},
	url = {http://artflsrv02.uchicago.edu/cgi-bin/philologic/getobject.pl?c.14:2565.encyclopedie0513.7832259},
	shorttitle = {Encyclopédie},
	publisher = {Antoine-Claude Briasson; Michel-Antoine David l'aîné; André-François le Breton; and Laurent Durand},
	editor = {Diderot, Denis and d'Alembert, Jean le Rond},
	urldate = {2014-07-15},
	date = {1751},
	langid = {french}
}

@book{cru_diderot_1913,
	location = {New York},
	title = {Diderot as a Disciple of English Thought},
	url = {http://archive.org/details/diderotasdiscipl01crur},
	publisher = {Columbia University Press},
	author = {Cru, Robert Loyalty},
	urldate = {2014-10-14},
	date = {1913},
	langid = {english}
}

@book{wolff_philosophia_1736,
	location = {Frankfurt},
	title = {Philosophia Prima, sive Ontologia},
	shorttitle = {Philosophia prima},
	publisher = {Officina Libraria Rengeriana},
	author = {Wolff, Christian},
	date = {1736},
	langid = {latin}
}

@book{buffier_traite_1724,
	location = {Paris},
	edition = {1},
	title = {Traité des premiéres veritez, et de la source de nos jugemens, où L'on examine le sentiment des Philo[so]phes de ce temps, sur les premiéres notions des choses},
	shorttitle = {Traité des premiéres veritez},
	publisher = {la veuve Maugé},
	author = {Buffier, Claude},
	date = {1724},
	langid = {french}
}

@article{gergonne_essai_1818,
	title = {Essai sur la théorie des définitions},
	volume = {{IX}},
	shorttitle = {Essay on Definition},
	pages = {1--35},
	number = {1},
	journaltitle = {Annales de Mathématiques Pures et Appliquées},
	author = {Gergonne, Joseph Diaz},
	date = {1818},
	langid = {french}
}

@book{accademia_della_crusca_vocabolario_1612,
	location = {Venezia},
	title = {Vocabolario degli Accademici della Crusca},
	url = {http://www.accademiadellacrusca.it/en/digital-shelves/crusca-online},
	publisher = {Giouvanni Alberti},
	author = {Accademia della Crusca},
	date = {1612}
}

@book{estienne_dictionnaire_1539,
	location = {Paris},
	title = {Dictionnaire francois latin contenant les motz et manières de parler francois, tournez en latin ([Reprod.])},
	url = {http://gallica.bnf.fr/ark:/12148/bpt6k505878},
	publisher = {R. Estienne},
	author = {Estienne, Robert (1503?-1559)},
	urldate = {2017-11-22},
	date = {1539}
}

@book{cawdrey_first_1604,
	location = {Oxford},
	edition = {2007},
	title = {The First English Dictionary: A table alphabeticall},
	publisher = {Bodleian Library},
	author = {Cawdrey, Robert},
	editor = {Simpson, John},
	date = {1604}
}

@book{yong_chinese_2008,
	location = {Oxford},
	title = {Chinese Lexicography: A History from 1046 {BC} to {AD} 1911},
	publisher = {Oxford University Press},
	author = {Yong, Heming and Peng, Jing},
	date = {2008}
}

@collection{xu_lin__podreczny_2010,
	location = {Beijing},
	title = {Podręczny słownik języka chińskiego 汉语800字},
	publisher = {外语教学与研究出版社 (Foreign Language Teaching and Research Press)},
	editor = {{Xu Lin (许琳)} and {Yao Xishuang (姚喜双)} and {others}},
	translator = {Szpakowska, Justyna},
	date = {2010}
}

@misc{anonymous_slownika_nodate,
	title = {Do Słownika Angielsko-Polskiego Dodatek którego układanie przedsięwzięte zostało Roku 1799 Dnia 17 stycznia},
	author = {Anonymous}
}

@book{antonowicz_grammatyka_1788,
	location = {Warszawa},
	title = {Grammatyka dla Polaków chcących się uczyć angielskiego ięzyka…},
	publisher = {W Drukarni Nadworney J. K. Mci i P. K. Edu.},
	author = {Antonowicz, Julian},
	date = {1788}
}

@collection{bailey_compleat_1777,
	location = {Leipzig-Züllichau},
	edition = {4th},
	title = {A Compleat English Dictionary: oder vollständiges englisch-deutsches Wörterbuch…},
	publisher = {Wansenhaus und Frommanninschen Handlung},
	editor = {Bailey, Nathan and Klausing, Anton E.},
	date = {1777}
}

@book{lach-szyrma_slownik_1828,
	location = {Warszawa},
	title = {Słownik angielsko-polski ułożony… dla użytku młodzieży…},
	publisher = {Drukarnia Gałęzowskiego i Komp},
	author = {Lach-Szyrma, Krystyn},
	date = {1828}
}

@inproceedings{reich_lockss_2000,
	location = {York, England, United Kingdom},
	title = {{LOCKSS} (Lots Of Copies Keep Stuff Safe)},
	volume = {6},
	url = {https://web.archive.org/web/20020714133456/http://www.rlg.ac.uk:80/events/pres-2000/reich.html},
	doi = {10.1080/13614530009516806},
	pages = {155--161},
	booktitle = {New Review of Academic Librarianship},
	publisher = {Taylor \& Francis},
	author = {Reich, Vicky and Rosenthal, David S. H.},
	date = {2000-12},
	langid = {english}
}

@online{noauthor_lockss_nodate,
	title = {{LOCKSS}},
	url = {https://lockss.org/},
	urldate = {2023-05-14}
}

@online{noauthor_clockss_nodate,
	title = {{CLOCKSS}},
	url = {https://clockss.org/},
	urldate = {2023-05-14}
}

@article{lea_dictionary-making_2009,
	title = {Dictionary-Making in the Third Reich: The Case of \textit{Trübners Deutsches Wörterbuch}},
	volume = {45},
	doi = {10.3138/seminar.45.4.369},
	pages = {369--386},
	number = {4},
	journaltitle = {Seminar: A Journal of Germanic Studies},
	author = {Lea, Henry A.},
	date = {2009}
}

@online{victor_web_2015,
	title = {The Web of Alexandria},
	url = {http://worrydream.com/TheWebOfAlexandria},
	author = {Victor, Bret},
	urldate = {2023-05-14},
	date = {2015-05-25}
}

@article{simpson_what_2012,
	title = {What has the {OED} become?},
	url = {https://tidsskrift.dk/nsil/article/view/19131},
	number = {11},
	journaltitle = {Nordiske studier i Leksikografi},
	author = {Simpson, John},
	date = {2012-01}
}

@book{lighter_random_1994,
	location = {New York},
	title = {Random House Historical Dictionary of American Slang},
	publisher = {Random House},
	author = {Lighter, Jonathan E.},
	date = {1994}
}

@collection{dalzell_new_2005,
	location = {London},
	title = {The New Partridge Dictionary of Slang and Unconventional English},
	isbn = {978-0-415-21258-8},
	publisher = {Routledge},
	editor = {Dalzell, Tom and Victor, Terry},
	date = {2005}
}

@article{allen_stanford_2002,
	title = {The Stanford Encyclopedia of Philosophy: A Developed Dynamic Reference Work},
	volume = {33},
	doi = {10.1111/1467-9973.00225},
	pages = {210--228},
	number = {1},
	author = {Allen, Colin and Nodelman, Uri and Zalta, Edward N.},
	date = {2002}
}

@article{hammer_solution_1997,
	title = {A Solution to the Problem of Updating Encyclopedias},
	volume = {31},
	url = {http://www.jstor.org/stable/30200416},
	doi = {10.1023/A:1000418920193},
	pages = {47--60},
	number = {1},
	journaltitle = {Computers and the Humanities},
	author = {Hammer, Eric M. and Zalta, Edward N.},
	urldate = {2023-05-14},
	date = {1997},
	note = {\biberror{Publisher: Springer}}
}

@article{zalta_stanford_2006,
	title = {The Stanford Encyclopedia of Philosophy: A university/library partnership in support of scholarly communication and open access},
	volume = {67},
	doi = {10.5860/crln.67.8.7670},
	pages = {502--504},
	number = {8},
	journaltitle = {College \& Research Libraries News},
	author = {Zalta, Edward},
	date = {2006}
}

@online{stanford_university_librariesconsortia_nodate,
	title = {Libraries/Consortia Supporting the {SEP} Financially},
	url = {https://plato.stanford.edu/support/commitments.html},
	author = {{Stanford University}},
	urldate = {2023-01-31}
}

@online{universitat_regensburg_datenbank-infosystem_nodate,
	title = {Datenbank-Infosystem: Gesamtbestand im {DBIS}},
	url = {https://dbis.ur.de/},
	author = {{Universität Regensburg}},
	urldate = {2023-05-14}
}

@unpublished{mugglestone_closure_2022,
	title = {On Closure and Its Challenges: History, Historical Principles, and the Final Stages of {OED}1},
	author = {Mugglestone, Lynda},
	date = {2022}
}

@book{landau_dictionaries_2001,
	location = {New York/Cambridge},
	edition = {2nd},
	title = {Dictionaries: The art and craft of lexicography.},
	publisher = {Cambridge University Press},
	author = {Landau, S.I.},
	date = {2001}
}

@collection{van_de_velde_broadening_2021,
	location = {Newcastle upon Tyne},
	title = {Broadening Perspectives in the History of Dictionaries and Word Studies},
	publisher = {Cambridge Scholars Publishing},
	editor = {Van de Velde, Hans and Dolezal, Fredric},
	date = {2021}
}

@book{dal_explanatory_1966,
	location = {Moscow},
	title = {Explanatory Dictionary of the Living Great Russian Language},
	volumes = {4},
	publisher = {Russian Language Media},
	author = {Dal, Vladimir Ivanovich},
	date = {1966}
}

@incollection{townend_contacts_2006,
	location = {Oxford},
	title = {Contacts and conflicts: Latin, Norse, and French},
	pages = {61--85},
	booktitle = {The Oxford History of English},
	publisher = {Oxford University Press},
	author = {Townend, Matthew},
	editor = {Mugglestone, Lynda},
	date = {2006}
}

@article{sylvester_bilingual_2017,
	title = {A Bilingual Thesaurus of Everyday Life in Medieval England: Some Issues at the Interface of Semantics and Lexicography},
	volume = {30},
	pages = {309--321},
	number = {3},
	journaltitle = {International Journal of Lexicography},
	author = {Sylvester, Louise and Marcus, Imogen and Ingham, Richard},
	urldate = {2023-05-15},
	date = {2017}
}

@incollection{schendl_code-switching_2011,
	location = {Berlin},
	title = {Code-switching in early English: Historical background and methodological and theoretical issues},
	pages = {15--45},
	booktitle = {Code-Switching in Early English},
	publisher = {de Gruyter},
	author = {Schendl, Herbert and Wright, Laura},
	date = {2011}
}

@incollection{schendl_language_2015,
	location = {Frankfurt am Main},
	title = {Language Contact and Code-switching in Multilingual Late Medieval England},
	pages = {15--34},
	booktitle = {Approaches to Middle English: Variation, Contact and Change},
	publisher = {Peter Lang},
	author = {Schendl, Herbert},
	editor = {Conde-Silvestre, Juan Camilo and Calle-Martín, Javier},
	date = {2015}
}

@incollection{rutten_lexis_2008,
	location = {Barcelona},
	title = {On The Lexis of Cloth and Clothing Project},
	pages = {771--778},
	booktitle = {Proceedings of the {XIII} {EURALEX} International Congress (Barcelona, 15-19 July 2008)},
	publisher = {{IULA}, Documenta Universitaria},
	author = {Rutten, Stuart},
	editor = {Bernal, Elisenda and {DeCesaris}, Janet},
	date = {2008}
}

@article{rothwell_english_2001,
	title = {English and French in England after 1362},
	volume = {82},
	pages = {539--559},
	number = {6},
	journaltitle = {English Studies},
	shortjournal = {English Studies},
	author = {Rothwell, William},
	date = {2001}
}

@article{rothwell_arrivals_1998,
	title = {Arrivals and departures: The adoption of French terminology into Middle English},
	volume = {79},
	pages = {144--165},
	number = {2},
	journaltitle = {English Studies},
	shortjournal = {English Studies},
	author = {Rothwell, William},
	date = {1998}
}

@book{lewis_middle_2007,
	location = {Ann Arbor},
	title = {Middle English Dictionary: Plan and Bibliography},
	publisher = {University of Michigan Press},
	author = {Lewis, Robert},
	date = {2007}
}

@book{ingham_anglo-norman_2010,
	location = {Woodbridge},
	title = {The Anglo-Norman language and its contexts},
	publisher = {Boydell},
	author = {Ingham, Richard},
	date = {2010}
}

@incollection{baldzuhn_languages_2011,
	location = {Berlin},
	title = {The Languages of Medieval England},
	isbn = {978-3-11-025480-8},
	pages = {59--68},
	booktitle = {Mehrsprachigkeit im Mittelalter},
	publisher = {De Gruyter},
	author = {Hunt, Tony},
	editor = {Baldzuhn, Michael and Putzo, Christine},
	urldate = {2023-05-15},
	date = {2011},
	doi = {10.1515/9783110254815.59}
}

@article{ingham_mixing_2009,
	title = {Mixing Languages on the Manor},
	volume = {78},
	doi = {10.2307/43632800},
	pages = {80--97},
	number = {1},
	journaltitle = {Medium Ævum},
	author = {Ingham, Richard},
	date = {2009}
}

@book{jefferson_multilingualism_2013,
	location = {Turnhout},
	title = {Multilingualism in Medieval Britain (c. 1066–1520)},
	publisher = {Brepols},
	author = {Jefferson, Judith and Putter, Ad},
	date = {2013}
}

@book{durkin_borrowed_2014,
	location = {Oxford},
	title = {Borrowed Words: A History of Loanwords in English},
	publisher = {Oxford University Press},
	author = {Durkin, Philip},
	date = {2014}
}

@book{mamadnazarov_comparative_2013,
	location = {Dushanbe},
	title = {Comparative analysis of the main types of dictionaries in the Tajik lexicography},
	publisher = {R-Graph},
	author = {Mamadnazarov, Abdusalom},
	date = {2013}
}

@book{mamadnazarov_formation_2016,
	location = {Dushanbe},
	title = {Formation and development of the Tajik translation lexicography of the {XX} and early {XXI} centuries (revised and expanded)},
	publisher = {R-Graph},
	author = {Mamadnazarov, Abdusalom},
	date = {2016}
}

@article{mukhtorov_a_sayfullaev_this_1981,
	title = {This is how the first dictionary looked like.},
	pages = {4},
	journaltitle = {Communist Tajikistan},
	author = {Mukhtorov A, Sayfullaev},
	date = {1981-06-09}
}

@collection{alizade_russian-tajik_1933,
	location = {Leningrad},
	title = {Russian-Tajik Dictionary},
	volumes = {2},
	publisher = {Commintern},
	editor = {Alizade, S. and Ismailzade, A. and Hashim, R. and Yusupov, M.},
	date = {1933}
}

@collection{dehoti_russian-tajik_1949,
	location = {Stalinabad},
	title = {Russian-Tajik Dictionary},
	publisher = {State Publisher of Foreign and National Dictionaries},
	editor = {Dehoti, A. P. and Yershov, N.N.},
	date = {1949}
}

@collection{asimov_russian-tajik_1985,
	location = {Moscow},
	title = {Russian-Tajik Dictionary},
	publisher = {Russian Language},
	editor = {Asimov, M.},
	date = {1985}
}

@collection{sayfullaev_russian-tajik_1983,
	location = {Dushanbe},
	title = {Russian-Tajik Dictionary},
	publisher = {Tajik Soviet Encyclopedia},
	editor = {Sayfullaev, A.},
	date = {1983}
}

@collection{khatymtayev_russian-tajik_1899,
	location = {New Bukhara},
	title = {Russian-Tajik Dictionary},
	publisher = {Baranovskiy},
	editor = {Khatymtayev, S.H.},
	date = {1899}
}

@incollection{mamadnazarov_select_2021,
	location = {Newcastle upon Tyne},
	title = {A Select History of Modern Russian Tajik Special Lexicography},
	pages = {302--316},
	booktitle = {Broadening Perspectives in the History of Dictionaries and Word Studies},
	publisher = {Cambridge Scholars Publishing},
	author = {Mamadnazarov, Abdusalom},
	date = {2021}
}

@article{kelemen_18_2018,
	title = {A 18. századi számi lexikográfia úttörője: Knud Leem. Vázlatok a Lexicon Lapponicum Bipartitum történetéről.},
	volume = {25},
	url = {https://finnugor.arts.unideb.hu/fud/fud25/07_kelemenivett.pdf},
	pages = {99--108},
	journaltitle = {Folia Uralica Debreceniensia},
	author = {Kelemen, Ivett},
	date = {2018}
}

@book{aspaas_fororder_2021,
	location = {Uppsala},
	title = {Fororder til Knud Leems Lexicon Lapponicum. Oversatt til norsk med en innledning og kommentater av Per Pippin Aspaas.},
	isbn = {978-91-985049-7-2},
	url = {http://uu.diva-portal.org/smash/record.jsf?pid=diva2%3A1622412&dswid=948},
	series = {Bibliotheca Neolatina Upsaliensis},
	number = {{XVII}.},
	publisher = {Peter Sjökvist och Krister Östlund},
	author = {Aspaas, Per Pippin},
	date = {2021}
}

@book{aspaas_maximilian_2019,
	location = {Leiden–Boston},
	title = {Maximilian Hell (1720–92) and the Ends of Jesuit Science in Enlightenment Europe.},
	isbn = {978-90-04-41683-3},
	url = {https://brill.com/display/title/36217?fbclid=IwAR1vFc-1DbeCpZfH4kUASw6hSyGYimsIN1XhRMjupToCnEanp0KsJSin1d4},
	series = {Jesuit Studies},
	publisher = {Brill Academic Publishers},
	author = {Aspaas, Per Pippin and Kontler, László},
	date = {2019}
}

@book{dahl_biskop_1906,
	location = {Trondhjem},
	title = {Biskop Gunnerus’ virksomhed fornemmelig som botaniker, tilligemed en oversigt over botanikens tilstand i Danmark og Norge indtil hans død.},
	url = {https://www.ntnu.no/ojs/index.php/DKNVS_skrifter/article/view/1119},
	series = {Det Kongelige Norske Videnskabers Selskabs Skrifter.},
	number = {4.},
	publisher = {Aktietrykkeriet i Trondhjem},
	author = {Dahl, Ove Christian},
	date = {1906}
}

@book{djarv_forsta_2003,
	location = {Uppsala},
	title = {De första samiska ordböckerna–mission och upplysning},
	volume = {7},
	series = {"Opuscula Uralica"},
	publisher = {Finsk-ugriska institutionen, Uppsala universitet},
	author = {Djärv, Ulrika},
	date = {2003}
}

@article{kelemen_anders_2019,
	title = {Anders Porsanger jelentése Knud Leem (északi) számi helyesírásáról.” Folia Uralica Debreceniensia},
	volume = {26},
	url = {https://finnugor.arts.unideb.hu/fud/fud26/08a_kelemenivett.pdf},
	pages = {123--136},
	journaltitle = {Folia Uralica Debreceniensia},
	author = {Kelemen, Ivett},
	date = {2019}
}

@book{kjolaas_bibelen_1995,
	location = {Oslo},
	title = {Bibelen på samisk. En bok om samisk bibeloversettelse.},
	isbn = {82-541-0426-3},
	publisher = {Det Norske Bibelselskap},
	author = {Kjølaas, Per Oskar},
	date = {1995}
}

@book{leem_en_1748,
	location = {Kiøbenhavn},
	title = {En lappisk Grammatica efter den Dialect, som bruges af Field-Lapperne udi Porsanger-Fiorden, Samt Et Register over de udi samme Grammatica anførte Observationers Indhold, Hvorhos er føyet et Blad af den berømmelige Historie-Skriveres Hr. Baron Ludvig Holbergs Kirke-Historie oversat i det Lappiske Tungemaal med en Analysi over et hvert Ord.},
	url = {https://reader.digitalesammlungen.de/de/fs1/object/display/bsb10589100.html},
	publisher = {Trykt af Gottman Friderich Kisel.},
	author = {Leem, Knud},
	date = {1748}
}

@book{leem_lexicon_1768,
	location = {Nidarosiae},
	title = {Lexicon Lapponicum bipartitum, Lapponico‒Danico‒Latina \& Danico–Latino–Lapponica cum Indice latino. Pars prima Lapponico‒Danico‒Latina},
	url = {https://www.nb.no/nbsok/nb/f7147c85118952098ba3af3b2b513745?index=5#3},
	publisher = {Impensis Seminarii Lapponici Fridericiani},
	author = {Leem, Knud},
	date = {1768}
}

@incollection{magga_knud_2003,
	location = {Trondheim},
	title = {Knud Leem som utforsker av samisk språk og kultur},
	volume = {2},
	isbn = {82-519-1898-7},
	series = {Det Kongelige Norske Videnskabers Selskab},
	pages = {29--43},
	booktitle = {Knud Leem og det samiske.},
	publisher = {Tapir Akademisk Forlag},
	author = {Magga, Ole Henrik},
	date = {2003}
}

@article{martinussen_anders_1992,
	title = {Anders Porsanger – teolog og språkforsker fra 1770-tallets Finnmark},
	volume = {18},
	pages = {15--59},
	journaltitle = {Nordlyd},
	author = {Martinussen, Bente},
	date = {1992}
}

@article{maticsak_csillagaszat_2021,
	title = {Csillagászat és nyelvészet},
	volume = {29},
	url = {https://ojs.lib.unideb.hu/szemle/article/view/10659},
	pages = {399--413},
	number = {4},
	journaltitle = {Debreceni Szemle},
	author = {Maticsák, Sándor and Kelemen, Ivett},
	date = {2021}
}

@book{sajnovics_sajnovics_1990,
	location = {Budapest},
	title = {Sajnovics naplója 1768–1769–1770},
	volume = {1},
	isbn = {963-462-623-8},
	series = {Bibliotheca Regulyana},
	publisher = {{ELTE} Finnugor Nyelvtudományi Tanszéke.},
	author = {Sajnovics, János},
	date = {1990}
}

@book{sajnovics_demonstratio_1994,
	location = {Budapest},
	title = {Demonstratio},
	volume = {2},
	isbn = {963-462-934-2},
	series = {Bibliotheca Regulyana},
	publisher = {{ELTE}},
	author = {Sajnovics, János},
	date = {1994}
}

@incollection{solbakk_anders_1998,
	location = {Karasjok},
	title = {Anders Porsanger–Biret Ánde},
	isbn = {82-7374-314-4},
	series = {Essayčoakkáldat},
	pages = {7--19},
	number = {3},
	booktitle = {cafe Boddu},
	publisher = {Davvi Girji {OS}},
	author = {Solbakk, Aage},
	date = {1998}
}

@article{toth_szami_2015,
	title = {A számi (lapp) lexikográfia évszázadai},
	volume = {111},
	url = {http://archive.nytud.hu/nyk/nyk111.pdf},
	doi = {10.15776/NyK.2015.111.7},
	pages = {151--183},
	journaltitle = {Nyelvtudományi Közlemények},
	author = {Tóth, Anikó},
	date = {2015}
}

@incollection{wuster_letude_1981,
	location = {Québec},
	title = {L’étude générale de la terminologie, zone frontalière entre la linguistique, la logique, l’ontologie, l’informatique et les sciences des choses},
	pages = {55--108},
	booktitle = {Textes choisis de terminologie},
	publisher = {Girsterm},
	author = {Wüster, Eugen},
	editor = {Rondeau, Guy and Felber, Henri},
	date = {1981}
}

@incollection{pruvost_dictionnaires_2003,
	location = {Paris},
	title = {Les dictionnaires français : histoire et méthodes},
	pages = {457--489},
	booktitle = {Le grand livre de la langue française},
	publisher = {Seuil},
	author = {Pruvost, Jean},
	editor = {Yaguello, Marina},
	date = {2003}
}

@incollection{messaoudi_technolectes_2013,
	location = {Kénitra},
	title = {Technolectes savants, technolectes ordinaires : quelles différences ?},
	pages = {127--135},
	booktitle = {Sur les technolectes},
	publisher = {Publications du laboratoire Langage et société},
	author = {Messaoudi, Leila},
	editor = {Messaoudi, Leila},
	date = {2013}
}

@incollection{maes_dictionnaires_2016,
	location = {Paris},
	title = {Les dictionnaires des Beaux-Arts au {XVIIIe} siècle : pour qui et pourquoi ?},
	pages = {171--184},
	booktitle = {Artistes savants et amateurs : art et sociabilité au {XVIIIe} siècle (1715-1815)},
	publisher = {Mare \& Martin},
	author = {Maës, Gaëtane},
	editor = {Fripp, Jessica L. and Gorse, Amandine and Manceau, Nathalie and Struckmeyer, Nina},
	date = {2016}
}

@incollection{collinot_definitions_1990,
	location = {Paris},
	title = {Les définitions finalisées dans le Furetière. Où il est montré que l’hétérogénéité syntaxique des définitions a du sens},
	pages = {237--249},
	booktitle = {La définition},
	publisher = {Larousse},
	author = {Collinot, André and Mazière, Francine},
	editor = {Chaurand, Jacques and Mazière, Francine},
	date = {1990}
}

@incollection{biffi_terminologia_2007,
	location = {Firenze},
	title = {La terminologia tecnica dell’Alberti tra latino e volgare},
	series = {Strumenti 5},
	pages = {655--682},
	booktitle = {Alberti e la cultura del Quattrocento: atti del convegno internazionale},
	publisher = {Polistampa},
	author = {Biffi, Marco},
	editor = {Cardini, R. and Regoliosi, M.},
	date = {2007}
}

@incollection{biffi_aspetti_2003,
	location = {Roma},
	title = {Aspetti del lessico architettonico italiano},
	pages = {303--316},
	booktitle = {Italia linguistica anno Mille. Italia linguistica anno Duemila : atti del {XXXIV} Congresso internazionale della {SLI}},
	publisher = {Bulzoni},
	author = {Biffi, Marco},
	editor = {Maraschio, Nicoletta and Poggi Salani, Teresa},
	date = {2003}
}

@incollection{bejoint_definition_1993,
	location = {Lyon},
	title = {La définition en terminographie},
	series = {Travaux du {CRTT}},
	booktitle = {Aspects du vocabulaire},
	publisher = {Presses universitaires de Lyon},
	author = {Béjoint, Henri},
	editor = {Arnaud, P.J.L. and Thoiron, Philippe},
	date = {1993}
}

@book{cetro_demarche_2022,
	location = {Torino},
	title = {La démarche terminologique d’André Félibien. La systématisation du lexique artistique en français},
	publisher = {L'Harmattan Italia},
	author = {Cetro, Rosa},
	date = {2022}
}

@collection{martin_histoire_1984,
	location = {Paris},
	title = {Histoire de l’édition française, T.2. Le livre triomphant 1660-1830},
	publisher = {Promodis},
	editor = {Martin, Henri-Jean and Chartier, Roger},
	date = {1984}
}

@book{le_molle_georges_1988,
	location = {Grenoble},
	title = {Georges Vasari et le vocabulaire de la critique d’art dans les «Vite»},
	publisher = {Ellug},
	author = {Le Mollé, Roland},
	date = {1988}
}

@book{lacombe_dictionnaire_1752,
	location = {Paris},
	title = {Dictionnaire portatif des beaux-arts},
	publisher = {Estienne \& Herissant},
	author = {Lacombe, Jacques},
	date = {1752}
}

@book{pernety_dictionnaire_1757,
	location = {Paris},
	title = {Dictionnaire portatif de peinture, sculpture et gravure, avec un traité pratique sur les differentes manieres de peindre},
	publisher = {Bauche},
	author = {Pernety, Antoine-Joseph},
	date = {1757}
}

@book{pruvost_dictionnaires_2006,
	location = {Paris},
	title = {Les dictionnaires français : outils d’une langue et d’une culture},
	publisher = {Ophrys},
	author = {Pruvost, Jean},
	date = {2006}
}

@book{motolese_italiano_2012,
	location = {Bologna},
	title = {Italiano lingua delle arti : un’avventura europea},
	publisher = {Il Mulino},
	author = {Motolese, Marco},
	date = {2012}
}

@collection{sgard_dictionnaire_1999,
	location = {Oxford},
	title = {Dictionnaire des Journalistes 1600-1789},
	publisher = {Voltaire Foundation},
	editor = {Sgard, Jean},
	date = {1999}
}

@book{marsy_dictionnaire_1746,
	location = {Paris},
	title = {Dictionnaire abrégé de peinture et d'architecture},
	publisher = {Nyon fils},
	author = {Marsy, François-Marie de},
	date = {1746}
}

@book{boutard_dictionnaire_1826,
	location = {Paris},
	title = {Dictionnaire des arts du dessin, la peinture, la sculpture, la gravure et l’architecture},
	publisher = {Le Normant \& Gosselin},
	author = {Boutard, Jean-Baptiste-Bon},
	date = {1826}
}

@book{felibien_principes_1676,
	location = {Paris},
	title = {Des Principes de l’Architecture, de la Sculpture et de la Peinture et des autres Arts qui en dépendent avec un Dictionnaire propre à chacun de ces Arts},
	publisher = {J.B. Coignard},
	author = {Félibien, André},
	date = {1676}
}

@online{noauthor_handian_nodate,
	title = {{HanDian} (漢典)},
	url = {https://www.zdic.net},
	titleaddon = {{HanDian}},
	urldate = {2023-04-23}
}

@incollection{huang_chu-ren_lexicography_2016,
	location = {London/New York},
	title = {Lexicography in the Contemporary Period},
	pages = {545--562},
	booktitle = {The Routledge Encyclopedia of the Chinese Language},
	publisher = {Routledge},
	author = {{Huang Chu-Ren} and {Li Lan} and {Su Xinchun}},
	editor = {{Chan Sin-wai} and {others}},
	date = {2016}
}

@incollection{cheung_kam-siu_lexicography_2016,
	location = {London/New York},
	title = {Lexicography},
	pages = {215--226},
	booktitle = {The Routledge Encyclopedia of the Chinese Language},
	publisher = {Routledge},
	author = {{Cheung Kam-Siu}},
	editor = {{Chan Sin-wai} and {others}},
	date = {2016}
}

@online{achinger_slownik_2023,
	title = {Słownik chińsko-polski i polsko-chiński – Bohan},
	url = {http://www.bohan.pl},
	author = {Achinger, Krzysztof and {others}},
	urldate = {2023-04-23},
	date = {2023}
}

@collection{xia_zhengnong___2009,
	location = {Shanghai},
	edition = {6th edition},
	title = {辞海},
	publisher = {上海辞书出版社 (Shanghai Lexicographical Publishing House)},
	editor = {{Xia Zhengnong (夏征农)} and {Chen Zhili (陈至立)}},
	date = {2009}
}

@book{wu_yuemei__obrazkowy_2010,
	location = {Beijing},
	title = {Obrazkowy słownik języka chińskiego 汉语图解词典（波兰语版）},
	publisher = {商务印书馆 (The Commercial Press)},
	author = {{Wu Yuemei (吴月梅)}},
	date = {2010}
}

@book{wieluch_slownik_1936,
	location = {Katowice},
	title = {Słownik chińsko-polski do czytania tekstów chińskich bez przygotowania 切字中波辭典},
	publisher = {(self-published)},
	author = {Wieluch, Doman},
	date = {1936}
}

@book{wieger_chinese_1965,
	location = {New York},
	edition = {2nd edition, enlarged and revised according to the 4th French edition},
	title = {Chinese Characters: Their Origin, Etymology, History, Classification and Signification. A Thorough Study from Chinese Documents},
	publisher = {Paragon Book Reprint Corp./Dover Publications, Inc.},
	author = {Wieger, Léon},
	translator = {Davrout, Leo},
	date = {1965}
}

@article{sroka-gradziel_z_2018,
	title = {Z zagadnień leksykografii polsko-chińskiej},
	pages = {30--42},
	number = {13},
	journaltitle = {Gdańskie Studia Azji Wschodniej},
	author = {Sroka-Grądziel, Anna},
	date = {2018}
}

@online{noauthor_mdbg_nodate,
	title = {{MDBG} Chinese Dictionary},
	url = {https://www.mdbg.net},
	titleaddon = {{MDBG}},
	urldate = {2023-04-23}
}

@book{kocyba-grych_slownik_2012,
	location = {Warsaw},
	title = {Słownik chińsko-polski},
	publisher = {Wydawnictwo Edgard},
	author = {Kocyba-Grych, Katarzyna and Kołecka, Zuzanna},
	date = {2012}
}

@book{chalmers_account_1882,
	location = {London},
	title = {An Account of the Structure of Chinese Characters Under 300 Primary Forms After the Shwoh-Wan, 100, A.D., and The Phonetic Shwoh-Wan, 1833},
	publisher = {Trübner \& Co},
	author = {Chalmers, John},
	date = {1882}
}

@collection{yin_xiangfeng___2013,
	location = {Beijing},
	title = {汉语波兰语分类词典 Chińsko-polski słownik tematyczny},
	publisher = {商务印书馆 (The Commercial Press)},
	editor = {{Yin Xiangfeng (殷相峰)}},
	date = {2013}
}

@book{achinger_polsko-chinski_2015,
	location = {Kęty},
	title = {Polsko-chiński i chińsko-polski słownik biznesowy 波汉-汉波商务词典},
	publisher = {Wydawnictwo Bohan},
	author = {Achinger, Krzysztof and Radziwiłł, Antoni},
	date = {2015}
}

@online{noauthor_lexis_nodate,
	title = {The Lexis of Cloth and Clothing Project},
	url = {http://lexisproject.arts.manchester.ac.uk/research/index.html}
}

@online{noauthor_oxford_nodate,
	title = {Oxford English Dictionary},
	url = {https://www.oed.com/}
}

@online{noauthor_middle_nodate,
	title = {Middle English Dictionary},
	url = {https://quod.lib.umich.edu/m/middle-english-dictionary/dictionary}
}

@online{noauthor_dictionary_nodate,
	title = {Dictionary of Medieval Latin from British Sources},
	url = {http://clt.brepolis.net/dmlbs/}
}

@online{noauthor_bilingual_nodate,
	title = {Bilingual Thesaurus of Everyday Life in Medieval England},
	url = {https://thesaurus.ac.uk/bth/}
}

@online{noauthor_anglo-norman_nodate,
	title = {Anglo-Norman Dictionary},
	url = {https://anglo-norman.net}
}

@book{trotter_multilingualism_2000,
	location = {Cambridge},
	title = {Multilingualism in Later Medieval Britain},
	publisher = {D. S. Brewer},
	author = {Trotter, David},
	date = {2000}
}

@incollection{trotter_introduction_2000,
	location = {Cambridge},
	title = {Introduction},
	pages = {1--5},
	booktitle = {Multilingualism in Later Medieval Britain},
	publisher = {D. S. Brewer},
	author = {Trotter, David},
	date = {2000}
}

@incollection{wright_historical_2013,
	location = {Frankfurt am Main},
	title = {On historical dictionaries and language boundaries},
	pages = {11--26},
	booktitle = {Evur happie \& glorious, ffor I hafe at will grete riches},
	publisher = {Peter Lang},
	author = {Wright, Laura},
	editor = {Sikorska, Liliana and Krygier, Marcin},
	date = {2013}
}

@incollection{wright_mixed-language_2013,
	location = {Turnhout},
	title = {Mixed-Language Accounts as Sources for Linguistic Analysis},
	pages = {123--136},
	booktitle = {Multilingualism in Medieval Britain (c. 1066-1520)},
	publisher = {Brepols},
	author = {Wright, Laura},
	editor = {Jefferson, Judith and Putter, Ad},
	date = {2013}
}

@book{wright_multilingual_2020,
	location = {Berlin},
	title = {The Multilingual Origins of Standard English},
	publisher = {De Gruyter},
	author = {Wright, Laura},
	date = {2020}
}

@incollection{wright_variation_2011,
	location = {Berlin},
	title = {On variation in medieval mixed-language business writing},
	pages = {191--218},
	booktitle = {Code-switching in early English},
	publisher = {de Gruyter},
	author = {Wright, Laura},
	editor = {Schendl, Herbert and Wright, Laura},
	date = {2011}
}

@article{wright_code-intermediate_2002,
	title = {Code-intermediate phenomena in medieval mixed-language business texts},
	volume = {24},
	doi = {10.1016/S0388-0001(01)00045-6},
	pages = {471--489},
	number = {3},
	journaltitle = {Language Sciences},
	author = {Wright, Laura},
	date = {2002}
}

@incollection{wright_bills_2000,
	location = {Cambridge},
	title = {Bills, Accounts, Inventories: Everyday Trilingual Activities in the Business World of Later Medieval England},
	pages = {149--156},
	booktitle = {Multilingualism in Later Medieval Britain},
	publisher = {D. S. Brewer},
	author = {Wright, Laura},
	editor = {Trotter, David},
	date = {2000}
}

@incollection{trotter_stuffed_2009,
	location = {Woodbridge},
	title = {‘Stuffed Latin’: Vernacular Evidence in Latin Documents},
	pages = {153--163},
	booktitle = {Language and Culture in Medieval Britain: The French of England, C.1100–C.1500},
	publisher = {Boydell \& Brewer},
	author = {Trotter, David},
	editor = {Wogan-Browne, Jocelyn},
	date = {2009}
}

@book{wogan-browne_language_2009,
	location = {York},
	title = {Language and Culture in Medieval Britain: The French of England, c.1100–c.1500},
	publisher = {York Medieval Press},
	author = {Wogan-Browne, Jocelyn and Collette, Carolyn and Kowaleski, Marianne and Mooney, Linne and Putter, Ad and Trotter, David},
	date = {2009}
}

@book{turville-petre_england_1996,
	location = {Oxford},
	title = {England the Nation: Language, Literature, and National Identity, 1290-1340},
	publisher = {Clarendon Press},
	author = {Turville-Petre, Thorlac},
	date = {1996}
}

@incollection{trotter_language_2006,
	location = {Frankfurt am Main},
	title = {Language Contact, Multilingualism, and the Evidence Problem},
	pages = {73--90},
	booktitle = {The Beginnings of Standardization: Language and Culture in Fourteenth-Century England},
	publisher = {Peter Lang},
	author = {Trotter, David},
	editor = {Schaefer, Ursula},
	date = {2006}
}

@incollection{trotter_language_1996,
	location = {Odense},
	title = {Language contact and lexicography: the case of Anglo-Norman},
	pages = {21--39},
	booktitle = {The Origins and Development of Emigrant Languages. Proceedings from the Second Rasmus Rask Colloqium, Odense University, November 1994},
	publisher = {Odense University Press},
	author = {Trotter, David},
	editor = {Nielsen, Hans Frede and Schøsler, Lene},
	date = {1996}
}

@book{fjellstrom_dictionarium_1738,
	location = {Holmiae},
	title = {Dictionarium sueco-lapponicum.},
	url = {https://saamilinguistics.files.wordpress.com/2016/05/fjellstrom1738dictionarium.pdf},
	publisher = {J. L. Horrn},
	author = {Fjellström, Per},
	date = {1738}
}

@book{leem_en_1756,
	location = {Tronhiem},
	title = {En Lappisk Nomenclator efter den Dialect, som bruges af Fjeld-Lapperne i Porsanger-Fjorden},
	url = {https://saamilinguistics.files.wordpress.com/2016/05/leem1756.pdf},
	publisher = {Jens Christensen Winding},
	author = {Leem, Knud},
	date = {1756}
}

@book{catach_histoire_2001,
	title = {Histoire de l'orthographe française},
	isbn = {978-2-7453-0575-6},
	publisher = {Champion},
	author = {Catach, Nina and Rosier-Catach, Irène},
	date = {2001},
	langid = {french}
}

@book{bray_cesar-pierre_2012,
	title = {César-Pierre Richelet (1626 - 1698): Biographie et oeuvre lexicographique},
	isbn = {978-3-11-134006-7},
	shorttitle = {César-Pierre Richelet (1626 - 1698)},
	publisher = {Walter de Gruyter},
	author = {Bray, Laurent},
	date = {2012-02-14},
	langid = {french}
}

@book{coseriu_lezioni_1977,
	location = {Torino},
	title = {Lezioni di linguistica generale},
	series = {Didattica},
	publisher = {Boringhieri},
	author = {Coseriu, Eugenio},
	date = {1977}
}

@book{furetiere_dictionnaire_1701,
	title = {Dictionnaire universel, contenant généralement tous les mots françois tant vieux que modernes \& les termes des sciences et des arts,.... Tome 1 / . Recueilli \& compilé par feu messire Antoine Furetière,... Seconde édition revüe, corrigée \& augmentée par Monsieur Basnage de Bauval},
	url = {https://gallica.bnf.fr/ark:/12148/bpt6k5841680f},
	author = {Furetière, Antoine (1619-1688) Auteur du texte},
	urldate = {2023-05-17},
	date = {1701}
}

@book{furetiere_dictionnaire_1690,
	title = {Dictionnaire universel contenant généralement tous les mots françois tant vieux que       modernes et les termes de toutes les sciences et des arts ... par... Antoine Furetière,...},
	url = {http://gallica.bnf.fr/ark:/12148/bpt6k3413126b},
	volumes = {3},
	author = {Furetière, Antoine},
	urldate = {2023-05-17},
	date = {1690},
	note = {\biberror{Country: {FR} in-fol. Titre en r. et n. ; le t. {II} a seulement un faux-titre. Fausse adresse : imprimé en France, en province ; privilège néerlandais reproduit
      à la fin du t. I. Portrait gr. de Furetière par Bouchet ; vignette au titre.}}
}

@incollection{fennis_sources_1988,
	location = {Strasbourg-Nancy},
	title = {Les sources du vocabulaire maritime dans le Furetière de 1701},
	number = {{XXVI}},
	booktitle = {Travaux de linguistique et de philologie},
	publisher = {Librairie Klincksieck},
	author = {Fennis, Jan},
	date = {1988}
}

@book{lancelot_nouvelle_1660,
	location = {Paris},
	title = {Nouvelle méthode pour apprendre facilement... la langue italienne [par C. Lancelot]},
	publisher = {P. Le Petit},
	author = {Lancelot, Claude},
	date = {1660}
}

@article{lehmann_citation_1995,
	title = {La citation d'auteurs dans les dictionnaires de la fin du {XVIIe} siècle (Richelet et Furetière)},
	url = {https://www.jstor.org/stable/41558721},
	doi = {10.3406/lfr.1995.6442},
	pages = {35--54},
	number = {106},
	journaltitle = {Langue Française},
	author = {Lehmann, Alise},
	urldate = {2021-08-02},
	date = {1995},
	note = {\biberror{Publisher: Armand Colin}}
}

@book{la_touche_art_1696,
	title = {L'art de bien parler françois.},
	url = {https://gallica.bnf.fr/ark:/12148/bpt6k7816g},
	author = {La Touche, Pierre de (16-1730) Auteur du texte},
	urldate = {2023-05-17},
	date = {1696}
}

@article{pasques_controverse_1991,
	title = {La controverse orthographique au 17e siècle},
	volume = {28},
	url = {https://www.persee.fr/doc/mots_0243-6450_1991_num_28_1_2032},
	doi = {10.3406/mots.1991.2032},
	pages = {19--34},
	number = {1},
	journaltitle = {Mots. Les langages du politique},
	author = {Pasques, Liselotte},
	urldate = {2021-11-07},
	date = {1991},
	note = {\biberror{Publisher: Persée - Portail des revues scientifiques en {SHS}}}
}

@incollection{rey_marques_1990,
	title = {Le marques d'usage et leur mise en place dans les dictionnaires du {XVIIe} siècle : le cas Furetière},
	pages = {17--29},
	booktitle = {Lexique 9/ Les marques d'usage dans les dictionnaires ({XVIIe}, {XVIIIe} siècles)},
	publisher = {Presses Univ. Septentrion},
	author = {Rey, Alain},
	date = {1990-01-07}
}

@incollection{bray_marques_1990,
	location = {Tübingen},
	edition = {Niemeyer},
	title = {Les marques d’usage dans le Dictionnaire françois (1680) de César Pierre Richelet.},
	booktitle = {Lexique 9/ Les marques d'usage dans les dictionnaires ({XVIIe}, {XVIIIe} siècles)},
	publisher = {Presses Univ. Septentrion},
	author = {Bray, Laurent},
	date = {1990-01-07}
}

@article{rey_du_nodate,
	title = {Du Dictionnaire universel de Furetière au Dictionnaire de l’Académie Française: deux traitements du marquage de la prononciation ?},
	author = {Rey, Christophe},
	langid = {french}
}

@book{richelet_dictionnaire_1693,
	title = {Dictionnaire François. Contenant ... plusieurs nouvelles remarques sur la langue Françoise: ses expressions propres, figurées et burlesques, la prononciation des mots ... difficiles, le genre des noms; le regime des verbes: avec les termes les plus connus des arts et des sciences},
	shorttitle = {Dictionnaire François. Contenant ... plusieurs nouvelles remarques sur la langue Françoise},
	author = {Richelet, Pierre},
	date = {1693},
	langid = {french}
}

@book{richelet_dictionnaire_2006,
	location = {Paris},
	title = {Dictionnaire françois (1680) :  le premier dictionnaire français},
	isbn = {978-2-7453-0758-3},
	shorttitle = {Dictionnaire françois (1680)},
	publisher = {Éd. Champion électronique},
	author = {Richelet, Pierre},
	date = {2006},
	note = {\biberror{Country: {FR} coul. 12 cm. 1 manuel d'utilisation (40 p.).}}
}

@book{menage_observations_1672,
	location = {Paris},
	title = {Observations de Monsieur Ménage sur la langue françoise},
	publisher = {C. Barbin},
	author = {Ménage, Gilles},
	date = {1672},
	note = {\biberror{Country: {XX} in-12°, 14 cm. Index.}}
}

@book{arnauld_grammaire_1660,
	title = {Grammaire générale et raisonnée , contenant les fondemens de l'art de parler expliquez d'une manière claire et naturelle... et plusieurs remarques nouvelles sur la langue françoise},
	url = {https://gallica.bnf.fr/ark:/12148/btv1b8626248g},
	author = {Arnauld, Antoine (1612-1694) Auteur du texte and Lancelot, Claude (1615?-1695) Auteur du texte},
	urldate = {2023-05-19},
	date = {1660}
}

@book{lancelot_nouvelle_1662,
	title = {Nouvelle méthode pour apprendre... la langue latine [par C. Lancelot], 4e édition... Avec un traité de la poésie latine et une brève instruction sur les règles de la poésie française},
	url = {https://gallica.bnf.fr/ark:/12148/bpt6k1510380q},
	author = {Lancelot, Claude (1615?-1695) Auteur du texte},
	urldate = {2023-05-19},
	date = {1662}
}

@online{francaise_dictionnaire_nodate,
	title = {Dictionnaire de l’Académie française},
	url = {http://www.dictionnaire-academie.fr/},
	author = {française, Académie},
	urldate = {2023-05-17},
	langid = {french}
}

@book{furetiere_recueil_1859,
	title = {Recueil des factums d'Antoine Furetière, de l'Académie françoise, contre quelques-uns de cette Académie ; suivi des preuves et pièces historiques données dans l'édition de 1694. Tome 1 / avec une introduction et des notes historiques et critiques, par M. Charles Asselineau,...},
	url = {https://gallica.bnf.fr/ark:/12148/bpt6k58321422},
	author = {Furetière, Antoine (1619-1688) Auteur du texte},
	urldate = {2023-05-19},
	date = {1859}
}

@article{schweickard_turkische_2014,
	title = {Türkische Wortgeschichte im Spiegel europäischer Quellen},
	volume = {130},
	doi = {10.1515/zrp-2014-0063},
	pages = {815--832},
	number = {3},
	journaltitle = {Zeitschrift für romanische Philologie},
	author = {Schweickard, Wolfgang},
	date = {2014},
	note = {\biberror{Publisher: De Gruyter Mouton, Walter de Gruyter {GmbH} \& {CoKG}}}
}

@inbook{hausmann_dictionary_1989,
	location = {Berlin-New York},
	title = {The Dictionary as an Aid in Terminology},
	isbn = {978-3-11-020339-4},
	pages = {167--171},
	booktitle = {Wörterbücher. Ein internationales Handbuch zur Lexikographie. 1. Teilband},
	publisher = {Walter de Gruyter},
	author = {Sager, Juan C.},
	bookauthor = {Hausmann, Franz Josef and Reichmann, Oskar and Wiegand, Herbert Ernst and Zgusta, Ladislav},
	urldate = {2020-09-02},
	date = {1989},
	langid = {german},
	note = {\biberror{Publication Title: Wörterbücher / Dictionaries / Dictionnaires}}
}

@article{rocchi_turkish_2011,
	title = {Turkish Historical Lexicography},
	volume = {27},
	doi = {10.1515/9783110236484.195},
	pages = {195--220},
	number = {2011},
	journaltitle = {Lexicographica},
	author = {Rocchi, Luciano},
	urldate = {2020-09-02},
	date = {2011},
	langid = {german},
	note = {\biberror{{ISBN}: 9783110236484 Publisher: De Gruyter Section: Lexicographica}}
}

@book{reinhard_musik_1984,
	location = {Wilhelmshaven},
	title = {Musik der Türkei. 1 - Die Kunstmusik.},
	isbn = {978-3-7959-0426-5},
	publisher = {Heinrichshofen},
	author = {Reinhard, Kurt and Reinhard, Ursula},
	date = {1984}
}

@article{prokosch_osmanische_2011,
	title = {Osmanische Lexikographie. Erster Teil},
	volume = {101},
	url = {www.jstor.org/stable/23861926},
	pages = {367--406},
	journaltitle = {Wiener Zeitschrift für die Kunde des Morgenlandes},
	author = {Prokosch, Erich},
	urldate = {2020-05-22},
	date = {2011},
	note = {\biberror{Publisher: Department of Oriental Studies, University of Vienna}}
}

@article{prokosch_osmanische_2013,
	title = {Osmanische Lexikographie. Zweiter Teil},
	volume = {103},
	url = {www.jstor.org/stable/23862204},
	pages = {299--335},
	journaltitle = {Wiener Zeitschrift für die Kunde des Morgenlandes},
	author = {Prokosch, Erich},
	urldate = {2020-05-22},
	date = {2013},
	note = {\biberror{Publisher: Department of Oriental Studies, University of Vienna}}
}

@thesis{pawlina_od_2021,
	location = {Kraków},
	title = {Od sułtańskiej mehterhane do filharmonii narodowej. Terminologia muzyczna w leksykografii osmańsko-tureckiej i tureckiej.},
	institution = {Jagiellonian University},
	type = {phdthesis},
	author = {Pawlina, Agata},
	date = {2021}
}

@article{pawlina_muzyka_2014,
	title = {Muzyka klasyczna Europy w Imperium Osmańskim},
	volume = {1-2},
	pages = {61--76},
	journaltitle = {Przegląd Orientalistyczny},
	author = {Pawlina, Agata},
	date = {2014}
}

@collection{parlatir_osmanli_2017,
	location = {Ankara},
	edition = {9},
	title = {Osmanlı Türkçesi Sözlüğü},
	publisher = {Yargı Yayınevi},
	editor = {Parlatır, İsmail},
	date = {2017}
}

@book{oztuna_turk_1974,
	location = {İstanbul},
	title = {Türk Musikisi Ansiklopedisi},
	volume = {2},
	volumes = {2},
	publisher = {Milli Eğitim Basımevi},
	author = {Öztuna, Yılmaz},
	date = {1974}
}

@book{oztuna_turk_1969,
	location = {İstanbul},
	title = {Türk Musikisi Ansiklopedisi},
	volume = {1},
	publisher = {Milli Eğitim Basımevi},
	author = {Öztuna, Yılmaz},
	date = {1969}
}

@incollection{ozcan_muzika-yi_2020,
	location = {Ankara},
	title = {Muzıka-yi Hümâyun},
	volume = {31},
	url = {https://islamansiklopedisi.org.tr/muzika-yi-humayun},
	pages = {420--422},
	booktitle = {{TDV} İslâm Ansiklopedisi},
	publisher = {Türkiye Diyanet Vakfı},
	author = {Özcan, Nuri},
	date = {2020}
}

@book{ozalp_turk_2000,
	location = {İstanbul},
	title = {Türk Mûsikı̂si Tarihi},
	volume = {2},
	isbn = {978-975-11-1663-5 978-975-11-1664-2 978-975-11-1665-9},
	publisher = {Milli Eğitim Bakanlığı},
	author = {Özalp, Mehmet Nazmi},
	date = {2000}
}

@incollection{olmez_turk_1994,
	location = {Ankara},
	title = {Türk Dillerinin Sözlükleri ve Türk Sözlükçülüğü},
	pages = {88--100},
	booktitle = {Uygulamalı Dilbilim Açısından Türkçenin Görünümü},
	publisher = {Dil Derneği Yayınları},
	author = {Ölmez, Mehmet},
	date = {1994}
}

@book{miodunka_podstawy_1989,
	location = {Warszawa},
	title = {Podstawy leksykologii i leksykografii},
	publisher = {Polskie Wydawnictwo Naukowe},
	author = {Miodunka, Władysław},
	date = {1989}
}

@book{lukszyn_teoretyczne_2006,
	location = {Warszawa},
	edition = {2},
	title = {Teoretyczne podstawy terminologii},
	isbn = {978-83-915659-1-9},
	publisher = {Katedra Języków Specjalistycznych Uniwersytetu Warszawskiego},
	author = {Lukszyn, Jerzy and Zmarzer, Wanda},
	date = {2006},
	note = {\biberror{Place: Warszawa}}
}

@book{lewis_turkish_1999,
	location = {Oxford},
	title = {The Turkish Language Reform: A Catastrophic Success},
	isbn = {978-0-19-925669-3},
	shorttitle = {The Turkish language reform},
	publisher = {Oxford University Press},
	author = {Lewis, Geoffrey},
	date = {1999}
}

@book{lewis_turkish_1991,
	location = {Oxford-New York},
	title = {Turkish Grammar},
	isbn = {978-0-19-815838-7},
	publisher = {Oxford University Press},
	author = {Lewis, Geoffrey},
	date = {1991},
	note = {\biberror{Pages: {XXII}, 303 S.}}
}

@article{komsuoglu_empire_2007,
	title = {From Empire to the Republic: the Western Music Tradition and the Perception of Opera},
	volume = {2},
	pages = {5--29},
	number = {3},
	journaltitle = {International Journal of Turcologia},
	author = {Komsuoğlu, Ayşegül and Turan, Namık Sinan},
	date = {2007}
}

@article{kalender_xv_1981,
	title = {{XV}. Yüzyılda Arapça Musiki Terimleri ve Türkçe Karşılıkları},
	volume = {24},
	pages = {485--489},
	number = {1},
	journaltitle = {Ankara Üniversitesi İlahiyat Fakültesi Dergisi},
	author = {Kalender, Ruhi},
	date = {1981}
}

@incollection{greve_post-byzantine_2015,
	location = {Würzburg},
	title = {Post-Byzantine Musical Manuscripts as Sources for Oriental Secular Music: The Case of Petros Peloponnesios (1740-1778) and the Music of the Ottoman Court},
	isbn = {978-3-95650-094-7},
	pages = {139--150},
	booktitle = {Writing the History of "Ottoman Music"},
	publisher = {Ergon Verlag in Kommission},
	author = {Kalaitzidis, Kyriakos},
	editor = {Greve, Martin},
	date = {2015}
}

@inbook{hausmann_gesellschaftlichen_1989,
	location = {Berlin-New York},
	title = {Die gesellschaftlichen Aufgaben der Lexikographie in Geschichte und Gegenwart},
	isbn = {978-3-11-020339-4},
	pages = {1--19},
	booktitle = {Wörterbücher. Ein internationales Handbuch zur Lexikographie. 1. Teilband},
	publisher = {Walter de Gruyter},
	author = {Hausmann, Franz Josef},
	bookauthor = {Hausmann, Franz Josef and Reichmann, Oskar and Wiegand, Herbert Ernst and Zgusta, Ladislav},
	urldate = {2020-09-02},
	date = {1989},
	langid = {german},
	note = {\biberror{Publication Title: Wörterbücher / Dictionaries / Dictionnaires}}
}

@inbook{hausmann_worterbucher_1989,
	location = {Berlin-New York},
	title = {Wörterbücher als Hilfsmittel der linguistischen Forschung},
	isbn = {978-3-11-020339-4},
	pages = {159--163},
	booktitle = {Wörterbücher. Ein internationales Handbuch zur Lexikographie. 1. Teilband},
	publisher = {Walter de Gruyter},
	author = {Harras, Gisela},
	bookauthor = {Hausmann, Franz Josef and Reichmann, Oskar and Wiegand, Herbert Ernst and Zgusta, Ladislav},
	urldate = {2020-09-02},
	date = {1989},
	langid = {german},
	note = {\biberror{Publication Title: Wörterbücher / Dictionaries / Dictionnaires}}
}

@incollection{hoffmann_deskriptive_1999,
	location = {Berlin-New York},
	title = {Deskriptive und präskriptive Terminologieerarbeitung},
	isbn = {978-3-11-020327-1},
	pages = {2183--2207},
	booktitle = {Fachsprachen. Ein internationales Handbuch zur Fachsprachenforschung und Terminologiewissenschaft. 2. Halbband},
	publisher = {Walter de Gruyter},
	author = {Galinski, Christian and Budin, Gerhard},
	editor = {Hoffmann, Lothar and Kalverkämper, Hartwig and Wiegand, Herbert Ernst and Galinski, Christian and Hüllen, Werner},
	urldate = {2020-09-07},
	date = {1999},
	langid = {german},
	note = {\biberror{Publication Title: Fachsprachen / Languages for Special Purposes}}
}

@book{feldman_music_1996,
	location = {Berlin},
	title = {Music of the Ottoman Court: Makam, Composition and the Early Ottoman Instrumental Repertoire},
	isbn = {3-86135-641-4},
	publisher = {{VWB}-Verlag für Wissenschaft und Bildung},
	author = {Feldman, Walter},
	date = {1996}
}

@article{farmer_turkish_1936,
	title = {Turkish Instruments of Music in the Seventeenth Century},
	volume = {68},
	doi = {10.1017/S0035869X00076322},
	pages = {1--43},
	number = {1},
	journaltitle = {Journal of the Royal Asiatic Society of Great Britain \& Ireland},
	author = {Farmer, Henry George},
	date = {1936}
}

@book{farmer_organ_1931,
	location = {London},
	title = {The Organ of the Ancients from Eastern Sources},
	url = {https://archive.org/details/TheOrganOfTheAncientsFromEasternSources/mode/2up},
	publisher = {William Reeves Bookseller Ltd.},
	author = {Farmer, Henry George},
	urldate = {2021-02-13},
	date = {1931}
}

@incollection{danielson_36_2002,
	location = {New York, London},
	title = {3.6. Turkey},
	volume = {6},
	isbn = {978-0-8240-6042-8},
	pages = {755--820},
	booktitle = {The Garland Encyclopedia of World Music. Volume 6, The Middle East},
	publisher = {Routledge},
	editor = {Danielson, Virginia and Reynolds, Dwight and Marcus, Scott},
	date = {2002}
}

@book{dabkowski_europejska_1997,
	location = {Kielce},
	title = {Europejska terminologia muzyczna},
	isbn = {978-83-7133-067-4},
	publisher = {Wyższa Szkoła Pedagogiczna im. Jana Kochanowskiego},
	author = {Dąbkowski, Grzegorz},
	date = {1997},
	note = {\biberror{Place: Kielce}}
}

@book{dabkowski_siedmiojezyczny_2004,
	location = {Warszawa},
	title = {Siedmiojęzyczny słownik terminów muzycznych: włosko-francusko-angielsko-niemiecko-rosyjsko-czesko-polski},
	isbn = {978-83-87850-21-0},
	series = {Semiosis Lexicographica, vol. 22},
	shorttitle = {Siedmiojęzyczny słownik terminów muzycznych},
	publisher = {Takt},
	author = {Dąbkowski, Grzegorz},
	date = {2004},
	note = {\biberror{Place: Warszawa}}
}

@article{dabkowski_perspektywy_1991,
	title = {Perspektywy badań porównawczych nad terminologią muzyczną w różnych językach europejskich},
	pages = {283--286},
	number = {7},
	journaltitle = {Poradnik Językowy},
	author = {Dąbkowski, Grzegorz},
	date = {1991}
}

@book{bloomfield_language_1984,
	location = {Chicago},
	title = {Language},
	publisher = {The University of Chicago Press},
	author = {Bloomfield, Leonard},
	date = {1984}
}

@incollection{behar_ottoman_2006,
	location = {New York},
	title = {The Ottoman Musical Tradition},
	volume = {3},
	pages = {398--407},
	booktitle = {The Cambridge History of Turkey},
	publisher = {Cambridge University Press},
	author = {Behar, Cem},
	editor = {Faroqhi, Suraiya},
	date = {2006}
}

@article{araci_giuseppe_2002,
	title = {Giuseppe Donizetti Pasha and the Polyphonic Court Music of the Ottoman Empire},
	volume = {7},
	doi = {10.1179/cou.2002.7.2.004},
	pages = {135--143},
	number = {2},
	journaltitle = {The Court Historian},
	author = {Aracı, Emre},
	date = {2002}
}

@collection{aksoy_xiii_2009,
	location = {Ankara},
	edition = {3},
	title = {{XIII}. Yüzyıldan beri Türkiye Türkçesiyle Yazılmış Kitaplardan Toplanan Tanıklariyle Tarama Sözlüğü},
	isbn = {978-975-16-0764-5},
	series = {Türk Dil Kurumu yayınları},
	shorttitle = {Tarama Sözlüğü},
	publisher = {Türk Tarih Kurumu Basımevi},
	editor = {Aksoy, Ömer Asım and Dilc̜in, Dehri},
	date = {2009}
}

@article{aksan_turklerde_1998,
	title = {Türklerde Sözlükçülük, Bugün Türkiye'de Sözlük},
	volume = {6},
	pages = {115--118},
	journaltitle = {Kebikeç İnsan Bilimleri için Kaynak Araştırmaları Dergisi},
	author = {Aksan, Doğan},
	date = {1998}
}

@book{siemieniec-golas_turkish_2005,
	location = {Kraków},
	title = {Turkish Lexical Content in Dittionario della lingua Italiana, Turchesca by Giovanni Molino (1641)},
	isbn = {978-83-7188-848-9},
	publisher = {Księgarnia Akademicka},
	author = {Siemieniec-Gołaś, Ewa},
	date = {2005}
}

@incollection{ligara_terminologia_2017,
	location = {Kraków},
	title = {Terminologia specjalistyczna i kultura: dychotomia czy punkty wspólne?},
	isbn = {978-83-233-4254-0},
	url = {https://ruj.uj.edu.pl/xmlui/handle/item/47749},
	pages = {29--52},
	booktitle = {Terminologia specjalistyczna w teorii i praktyce językoznawców słowiańskich},
	publisher = {Wydawnictwo Uniwersytetu Jagiellońskiego},
	author = {Ligara, Bronisława},
	editor = {Przybylska, Renata and Śliwiński, Władysław},
	urldate = {2021-01-30},
	date = {2017},
	note = {\biberror{Accepted: 2017-12-19T10:10:03Z Journal Abbreviation: Specialised terminology and culture : a dichotomy or common points?}}
}

@article{yore_kulturlesmenin_2011,
	title = {Kültürleşmenin Bir Parçası Olarak Osmanlı’da Operanın Görünümü},
	volume = {3},
	pages = {53--69},
	number = {2},
	journaltitle = {Zeitschrift für die Welt der Türken / Journal of World of Turks},
	author = {Yöre, Seyit},
	date = {2011}
}

@inbook{stein_lexikographie_1990,
	location = {Wiesbaden},
	title = {Lexikographie},
	pages = {335--370},
	booktitle = {Handbuch der türkischen Sprachwissenschaft. Teil 1.},
	publisher = {Otto Harrassowitz},
	author = {Stein, Heidi},
	bookauthor = {Hazai, György},
	date = {1990}
}

@inbook{stachowski_studien_1995,
	location = {Kraków},
	title = {Studien zur türkischen Wortgeschichte (1)},
	volume = {1},
	pages = {185--209},
	booktitle = {Studia Turcologica Cracoviensia ({STC})},
	publisher = {Jagiellonian University Press},
	author = {Stachowski, Stanisław},
	bookauthor = {Stachowski, Stanisław},
	date = {1995}
}

@book{stachowski_kurzgefastes_2019,
	location = {Kraków},
	title = {Kurzgefaßtes etymologisches Wörterbuch der türkischen Sprache},
	publisher = {Księgarnia Akademicka},
	author = {Stachowski, Marek},
	date = {2019}
}

@article{siemieniec-golas_remarks_2015,
	title = {Some Remarks on Turkish Dictionaries Published in Constantinople/Istanbul Before and Soon After Language Reform in Turkey (1928)},
	volume = {{LXVIII}},
	pages = {134--142},
	number = {2},
	journaltitle = {Rocznik Orientalistyczny},
	author = {Siemieniec-Gołaś, Ewa},
	date = {2015}
}

@collection{lillo_1583-2010_2019,
	location = {Bern},
	edition = {2nd},
	title = {1583-2010 : Quattro secoli e più di lessicografia italo-francese. Repertorio analitico di dizionari bilingue},
	publisher = {Peter Lang},
	editor = {Lillo, Jacqueline},
	date = {2019}
}

@incollection{lillo_corpus_2014,
	title = {Un corpus phraséologique bilingue (français-italien) d'Ancien Régime : le manuscrit de Ludovico Goudar},
	url = {http://www.shs-conferences.org/articles/shsconf/abs/2014/05/shsconf_cmlf14_01197/shsconf_cmlf14_01197.html},
	booktitle = {Actes du 4e Congrès Mondial de Linguistique Française - Berlin, Allemagne, 19-23 Juillet 2014},
	author = {Lillo, Jacqueline},
	editor = {Neveu, Franck and Blumenthal, Peter and Hriba, Linda and Gerstenberg, Annette and Meinschaefer, Judith and Prévost, Sophie},
	date = {2014}
}

@article{lillo_phraseologie_1994,
	title = {La phraséologie dans les manuels de français publiés en Italie de 1625 à 1860},
	doi = {10.3406/docum.1994.1067},
	pages = {70--81},
	number = {14},
	journaltitle = {Documents pour l’histoire du Français Langue étrangère et seconde},
	author = {Lillo, Jacqueline},
	date = {1994}
}

@book{dubois_lenseignement_2015,
	location = {Grenoble},
	title = {L’enseignement de l’italien en France (1880-1940). Une discipline au cœur des relations franco-italiennes},
	publisher = {{ELLUG}},
	author = {Dubois, Jérémie},
	date = {2015}
}

@online{noauthor_catalogue_nodate,
	title = {Catalogue Collectif de France},
	url = {https://ccfr.bnf.fr/portailccfr/jsp/public/index.jsp?success=%2Fjsp%2Fpublic%2Findex.jsp&failure=%2Fjsp%2Fpublic%2Ffailure.jsp&profile=public}
}

@book{bardosi_du_2017,
	location = {Budapest},
	title = {Du phrasème au dictionnaire. Études de phraséographie franco-hongroise},
	publisher = {Eötvös Kiadó},
	author = {Bardósi, Vilmos},
	date = {2017}
}

@article{autelli_debuts_2022,
	title = {Les débuts de la phraséologie et les premières « Phraséologies historiques » italo-françaises},
	doi = {10.13092/lo.113.8316},
	pages = {17--43},
	number = {113},
	journaltitle = {Linguistik online},
	author = {Autelli, Erica},
	date = {2022}
}

@book{wailly_de_compendio_1829,
	location = {Napoli},
	edition = {3rd},
	title = {Compendio della grammatica francese di De Wailly, tradotto da De Willot, maestro di lingua francese de' principi reali […]},
	publisher = {Seguin},
	author = {Wailly (de), Noel François},
	date = {1829}
}

@book{accademia_della_crusca_vocabolario_1729,
	location = {Firenze},
	edition = {4th},
	title = {Vocabolario degli Accademici della Crusca},
	publisher = {appresso Domenico Maria Manni},
	author = {Accademia della Crusca},
	date = {1729}
}

@book{trucchi_raccolta_1834,
	location = {Napoli},
	title = {Raccolta di varj dialoghi tratti dall'illustre penna de' più eleganti gramatici francesi […]},
	publisher = {presso Velizza e Ravallese-Gargiulo},
	author = {Trucchi, Giuseppe},
	date = {1834}
}

@book{trucchi_supplemento_1831,
	location = {Napoli},
	title = {Supplemento alla Grammatica del Goudar ed a parecchie altre [...]},
	publisher = {Raffaele Miranda},
	author = {Trucchi, Giuseppe},
	date = {1831}
}

@book{trucchi_fraseologia_1812,
	location = {Napoli},
	title = {Fraseologia italiana-francese},
	publisher = {Tipografia dei fratelli Masi},
	author = {Trucchi, Giuseppe},
	date = {1812}
}

@book{trucchi_fraseologia_1825,
	location = {Napoli},
	edition = {2nd},
	title = {Fraseologia italiana-francese},
	publisher = {Seguin},
	author = {Trucchi, Giuseppe},
	date = {1825}
}

@book{trucchi_fraseologia_1854,
	location = {Napoli},
	title = {Fraseologia italiana-francese},
	publisher = {Tipografia Cannavacciuoli},
	author = {Trucchi, Giuseppe},
	date = {1854}
}

@book{polesi_dictionnaire_1829,
	location = {Paris},
	title = {Dictionnaire des idiotismes Italiens-Français et Français-Italiens},
	publisher = {Baudry},
	author = {Polesi, Giacomo},
	date = {1829}
}

@book{parrilli_vocabolario_1846,
	location = {Napoli},
	title = {Vocabolario militare di marineria francese-italiano},
	publisher = {Seguin},
	author = {Parrilli, Giuseppe},
	date = {1846}
}

@book{merle_gramatica_1826,
	location = {Napoli},
	edition = {2nd},
	title = {Gramatica italiana e francese},
	publisher = {Seguin},
	author = {Merle, Giuseppe Maria},
	date = {1826}
}

@book{lanza_dictionnaire_1837,
	location = {Napoli},
	title = {Dictionnaire des phrases françaises-italiennes.},
	publisher = {Seguin},
	author = {Lanza, Nicolas},
	date = {1837}
}

@book{cortelazzo_dizionario_1980,
	location = {Bologna},
	title = {Dizionario Etimologico della Lingua Italiana},
	publisher = {Zanichelli},
	author = {Cortelazzo, Manlio and Zolli, Paolo},
	date = {1980}
}

@book{cormon_dizionario_1823,
	location = {Paris},
	edition = {4th},
	title = {Dizionario portatile, e di pronunzia, francese-italiano, ed italiano-francese […]. Quarta edizione riveduta, corretta ed accresciuta da Carlo Chapellon},
	publisher = {Cormon et Blanc},
	author = {Cormon, Jacques Louis Berthélémy and Manni, Vincenzo},
	date = {1823}
}

@book{barberi_petit_1821,
	location = {Paris},
	title = {Petit trésor de la langue française et de la langue italienne, ou des différentes figures, appelées tropes, de la Langue Française et de la Langue Italienne, les unes correspondantes aux autres},
	publisher = {J.-P. Aillaud},
	author = {Barberi, Giuseppe Filippo},
	date = {1821}
}

@book{bergantini_voci_1745,
	location = {Venezia},
	title = {Voci italiane d’autori approvati dalla Crusca, nel Vocabolario d’essa non registrate […]},
	publisher = {Pietro Bassaglia},
	author = {Bergantini, Gian Pietro},
	date = {1745}
}

@book{bonavilla_dizionario_1819,
	location = {Milano},
	title = {Dizionario etimologico di tutti i vocaboli usati nelle scienze, arti e mestieri, che traggono origine dal greco},
	publisher = {Tipografia di Giacomo Pirola},
	author = {Bonavilla, Aquilino},
	date = {1819}
}

@book{piotrowski_wojciech_zycie_2005,
	location = {Piotrków Trybunalski},
	title = {Życie umysłowe Krzemieńca w latach 1805−1832},
	publisher = {Naukowe Wydawnictwo Piotrkowskie przy Filii Akademii Świętokrzyskiej},
	author = {Piotrowski, Wojciech},
	date = {2005}
}

@book{libiszowska_zofia_zycie_1972,
	location = {Warszawa},
	title = {Życie polskie w Londynie w {XVIII} wieku},
	publisher = {Instytut Wydawniczy „{PAX}”},
	author = {Libiszowska, Zofia},
	date = {1972}
}

@book{fraczek_agnieszka_zur_1999,
	location = {Tübingen},
	title = {Zur Geschichte der deutsch-polnischen und polnisch-deutschen Lexikographie (1772−1868)},
	series = {Lexicographica. Series Maior},
	number = {93},
	publisher = {Niemeyer},
	author = {Frączek, Agnieszka},
	date = {1999}
}

@book{buczek_katarzyna_zbiory_nodate,
	location = {Warszawa},
	title = {Zbiory dydaktyczne Gimnazjum i Liceum Wołyńskiego w Krzemieńcu (1805−1833)},
	publisher = {Wydawnictwa Uniwersytetu Warszawskiego},
	author = {Buczek, Katarzyna}
}

@book{kowalski_franciszek_wspomnienia_1859,
	location = {Kijów},
	title = {Wspomnienia. Pamiętnik Franciszka Kowalskiego},
	volume = {1},
	publisher = {nakładem Leona Idzikowskiego},
	author = {Kowalski, Franciszek},
	date = {1859}
}

@article{slowikowski_adam_wspomnienia_1863,
	title = {Wspomnienia szkoły krzemienieckiej, śp. Adama Słowikowskiego},
	volume = {2},
	pages = {341--359},
	journaltitle = {Biblioteka Warszawska},
	author = {[Słowikowski, Adam]},
	date = {1863}
}

@book{trotz_michel_a_vollstandiges_1772,
	location = {Leipzig},
	title = {Vollständiges deutsches und polnisches Wörter-Buch, welsches die gebräuchlichsten Wörter und Redensarten …},
	publisher = {Johann Friedrich Gleditsch},
	author = {Trotz, Michel A.},
	date = {1772},
	url = {https://www.dbc.wroc.pl/dlibra/publication/7844/edition}
}

@book{noauthor_table_1782,
	location = {A Paris},
	title = {Table analytique et raisonnée des matieres … du dictionnaire des sciences, des arts et des métiers, et dans son supplement},
	volume = {Vol. 1: A−H},
	publisher = {chez Panckoucke},
	date = {1782},
	langid = {french}
}

@article{podhajecka_miroslawa_szkic_nodate,
	title = {Szkic z dziejów leksykografii dwujęzycznej: Paweł Sobolewski i jego Słownik Angielsko-Polski … (1840)},
	volume = {68},
	pages = {323−344},
	journaltitle = {Prace Filologiczne},
	author = {Podhajecka, Mirosława}
}

@book{osinski_alojzy_slownik_1806,
	location = {W Warszawie},
	title = {Słownik mitologiczny, z przyłączeniem obrazo-pismu (Jconologia)},
	volume = {1: A−D},
	publisher = {w Drukarni Xięży Piarów},
	author = {Osiński, Alojzy},
	date = {1806}
}

@book{linde_samuel_b_slownik_1807,
	location = {Warszawa},
	title = {Słownik języka polskiego},
	publisher = {u Autora},
	author = {Linde, Samuel B.},
	date = {1807},
	url = {http://kpbc.umk.pl/publication/8173}
}

@book{nicoll_josephine_shakespeare_1923,
	location = {Oxford},
	title = {Shakespeare in Poland},
	series = {Published for the Shakespeare Association by Humphrey Milford},
	publisher = {Oxford University Press},
	author = {Nicoll, Josephine},
	date = {1923}
}

@incollection{walczak_bogdan_ruszczyzna_2018,
	location = {Białystok},
	title = {Ruszczyzna − drugi język Rzeczypospolitej},
	pages = {277−287},
	booktitle = {Języki ruskie w rozwoju historycznym i kontaktach z polszczyzną},
	publisher = {Uniwersytet w Białymstoku},
	author = {Walczak, Bogdan},
	date = {2018}
}

@article{dolezal_fredric_t_review_2023,
	title = {Review: Sarah Ogilvie, ed. 2020. The Cambridge Companion to English Dictionaries. Cambridge: Cambridge University Press},
	volume = {36},
	doi = {10.1093/ijl/ecac006},
	pages = {93−101},
	number = {1},
	journaltitle = {International Journal of Lexicography},
	author = {Dolezal, Fredric T.},
	date = {2023}
}

@incollection{podhajecka_miroslawa_research_2011,
	location = {Frankfurt am Main},
	title = {Research in Historical Lexicography: Can Google Books Collection Complement Traditional Corpora?},
	pages = {529−546},
	booktitle = {{PALC} 2009: Explorations across Languages and Corpora},
	publisher = {Peter Lang},
	author = {Podhajecka, Mirosława},
	date = {2011}
}

@book{danilewicz-zielinska_maria_proby_1992,
	location = {Warszawa},
	title = {Próby przywołań: szkice literackie},
	publisher = {Biblioteka „Więzi”},
	author = {Danilewicz-Zielińska, Maria},
	date = {1992}
}

@book{liponski_wojciech_polska_1978,
	location = {Poznań},
	title = {Polska a Brytania 1801-1830. Próby politycznego i cywilizacyjnego dźwignięcia kraju w oparciu o Wielką Brytanię},
	publisher = {{UAM}},
	author = {Lipoński, Wojciech},
	date = {1978}
}

@book{piechota_marek_poliglotyzm_2016,
	location = {Katowice},
	title = {Poliglotyzm wielkich romantyków polskich (Mickiewicz, Słowacki, Krasiński)},
	publisher = {Wydawnictwo Uniwersytetu Śląskiego},
	author = {Piechota, Marek},
	date = {2016}
}

@book{butterwick_richard_polands_1998,
	location = {Oxford},
	title = {Poland’s Last King and English Culture: Stanisław August Poniatowski, 1732−1798},
	publisher = {Clarendon Press},
	author = {Butterwick, Richard},
	date = {1998}
}

@book{brandes_george_poland_1903,
	location = {New York},
	title = {Poland: A Study of the Land, People, and Literature},
	publisher = {The Macmillan Company},
	author = {Brandes, George},
	date = {1903}
}

@book{haussner_friedrich_w_phraseologia_1798,
	location = {Strassburg},
	title = {Phraseologia Anglo-Germanica. Oder: Sammlung von mehr als fünfzigtausend Redensarte, aus den besten englischen Schriftstellern gezogen …},
	publisher = {Fr. Georg Levrault},
	author = {Haussner, Friedrich W.},
	date = {1798}
}

@book{simpson_john_a_proffitt_michael_oed3_2000,
	location = {Oxford},
	edition = {3rd edition},
	title = {{OED}3 = Oxford English Dictionary},
	url = {https://www.oed.com},
	publisher = {Clarendon Press},
	author = {Simpson, John A., Proffitt, Michael},
	date = {2000}
}

@book{danet_pierre_nouveau_1744,
	location = {À Varsovie},
	title = {Nouveau grand dictionnaire … francois, latin \& polonois.},
	volume = {1},
	publisher = {dans l'imprimerie Royale de la Republique aux Ecolles Pieuses},
	author = {Danet, Pierre and [Kola, Dymitr F.]},
	date = {1744},
	url = {https://jbc.bj.uj.edu.pl/dlibra/doccontent?id=314599}
}

@book{trotz_michel_a_nouveau_1764,
	location = {Leipzig},
	title = {Nouveau dictionnaire polonois, allemande et  françois …},
	volume = {3},
	publisher = {Jean Frederic Gleditsch},
	author = {Trotz, Michel A.},
	date = {1764},
	url = {https://jbc.bj.uj.edu.pl/dlibra/doccontent?id=463227}
}

@book{trotz_michel_a_nouveau_1747,
	location = {Leipzig},
	title = {Nouveau dictionnaire  françois, allemand et polonois …},
	volume = {Vol. 2: I−Z.},
	publisher = {Jean Frederic Gleditsch},
	author = {Trotz, Michel A.},
	date = {1747},
	url = {https://jbc.bj.uj.edu.pl/dlibra/doccontent?id=466386}
}

@article{cormier_monique_new_2010,
	title = {New Perspectives on Seventeenth- and Eighteenth-century European Lexicography},
	volume = {23},
	pages = {133−135},
	number = {2},
	journaltitle = {International Journal of Lexicography},
	author = {Cormier, Monique},
	date = {2010}
}

@book{spencer_nationalism_2002,
	location = {London},
	title = {Nationalism: A Critical Introduction},
	publisher = {Sage Publications},
	author = {Spencer, Philip and Wollman, Howard},
	date = {2002}
}

@article{kurylowicz_beata_najwieksze_2021,
	title = {Największe dzieła polskiej leksykografii {XVIII} wieku (Nowy dykcjonarz Michała Abrahama Troca oraz Nowy wielki dykcjonarz Piotra Daneta i Dymitra Koli) z perspektywy współczesnych badań historycznojęzykowych: nowe wyzwania i potrzeby badawcze},
	volume = {21},
	doi = {10.15290/baj.2021.21.06},
	pages = {97--107},
	journaltitle = {Białostockie Archiwum Językowe},
	author = {Kuryłowicz, Beata},
	date = {2021}
}

@book{zgusta_ladislav_manual_1971,
	location = {Praha},
	title = {Manual of Lexicography},
	publisher = {Academia},
	author = {Zgusta, Ladislav},
	date = {1971}
}

@book{jakubczyk_marcin_leksykografia_2016,
	location = {Kraków},
	title = {Leksykografia polsko-francuska {XVIII} wieku: w perspektywie metaleksykograficznej},
	publisher = {Wydawnictwo Uniwersytetu Jagiellońskiego},
	author = {Jakubczyk, Marcin},
	date = {2016}
}

@book{peyton_vj_nouvelle_1767,
	location = {A Londres},
	title = {La nouvelle grammaire angloise ou se trouvent développés les vrais principes de cette langue et tout ce qui est nécessaire aux étrangers pour apprendre facilement à parler, lire, \& écrire l'anglois},
	publisher = {chez L. Nourse},
	author = {Peyton, V.J.},
	date = {1767}
}

@book{kunstmann_h_a_kurzes_1794,
	location = {Berlin},
	title = {Kurzes Wörterbuch in deutscher, französischer, italienischer, englischer und polnischer Sprache, zum gebrauche für die Jugend},
	publisher = {Friedrich Maurer},
	author = {Kunstmann, H. A.},
	date = {1794}
}

@article{siekierska_krystyna_kijowskie_1985,
	title = {Kijowskie polonika (rękopisy {XVI}−{XIX} wieku w bibliotece {AN} {USSR} w Kijowie)},
	volume = {29},
	pages = {129−142},
	number = {1},
	journaltitle = {Przegląd Humanistyczny},
	author = {Siekierska, Krystyna},
	date = {1985}
}

@incollection{adamska-salaciak_arleta_issues_2020,
	location = {London},
	edition = {Second edition},
	title = {Issues in Compiling Bilingual Dictionaries},
	pages = {193--208},
	booktitle = {The Bloomsbury Handbook of Lexicography},
	publisher = {Bloomsbury Academic},
	author = {Adamska-Sałaciak, Arleta},
	date = {2020}
}

@book{baker_mona_other_1992,
	location = {London},
	title = {In Other Words: A Coursebook on Translation},
	publisher = {Routledge},
	author = {Baker, Mona},
	date = {1992}
}

@book{macaro_ernesto_improving_2015,
	location = {London},
	title = {Improving Foreign Language Teaching: Towards a Research-based Curriculum and Pedagogy},
	publisher = {Routledge},
	author = {Macaro, Ernesto;, Suzanne; Woore, Robert, Graham},
	date = {2015}
}

@book{lukaszewicz_jozef_historia_1849,
	location = {Poznań},
	title = {Historia szkół w Koronie i w Wielkim Księstwie Litewskim od najdawniejszych czasów aż do roku 1794},
	volume = {1},
	publisher = {nakładem Księgarni Jana Konstantego Żupańskiego},
	author = {Łukaszewicz, Józef},
	date = {1849}
}

@article{berglund_lisa_hester_2010,
	title = {Hester Lynch Piozzi’s British Synonymy in Imperial France},
	volume = {31},
	pages = {69−86},
	journaltitle = {Dictionaries: Journal of the Dictionary Society of North America},
	author = {Berglund, Lisa},
	date = {2010}
}

@book{miege_guy_boyer_abel_grammaire_1763,
	location = {A Paris},
	title = {Grammaire angloise-françoise, par Mrs. Miege et Boyer …},
	publisher = {chez Briasson \& David l'Ainé},
	author = {[Miege, Guy; Boyer, Abel]},
	date = {1763}
}

@article{buczek_katarzyna_royal_nodate,
	title = {From the Royal Castle to School. King Stanisław August’s Legacy and the Volhynian Gymnasium Collections},
	volume = {4},
	doi = {10.14516/ete.2017.004.001.82},
	pages = {1−17},
	journaltitle = {Espacio, Tiempo y Educación},
	author = {Buczek, Katarzyna}
}

@article{cormier_great_2005,
	title = {From the Great French Dictionary (1688) of Guy Miège to the Royal Dictionary (1699) of Abel Boyer: Tracing Inspiration},
	volume = {18},
	pages = {479--507},
	number = {4},
	journaltitle = {International Journal of Lexicography},
	author = {Cormier, Monique C. and Fernandez, Heberto},
	date = {2005}
}

@article{francoeur_aline_fighting_2010,
	title = {Fighting Cotgrave with Father Pomey: Guy Miège’s Recourse to the Dictionaire Royal Augmenté (1671) in the Preparation of His New Dictionary French and English (1677)},
	volume = {23},
	pages = {137−155},
	number = {2},
	journaltitle = {International Journal of Lexicography},
	author = {Francoeur, Aline},
	date = {2010}
}

@book{eberlein_christian_entwurf_1763,
	location = {Breslau},
	title = {Entwurf eines polnischen Wörter-Buchs …},
	volume = {2},
	publisher = {Wihelm G. Korn und Gampert.},
	author = {Eberlein, Christian},
	date = {1763},
	url = {https://books.google.pl/books/about/Entwurf\_eines\_polnischen\_W\%C3\%B6rter\_Buchs.html?id=\_mdpAAAAcAAJ\&redir}
}

@book{ciesla_michal_dzieje_1974,
	location = {Warszawa},
	title = {Dzieje nauki języków obcych w zarysie: monografia z zakresu historii kultury},
	publisher = {Wydawnictwo Naukowe {PWN}},
	author = {Cieśla, Michał},
	date = {1974}
}

@book{landau_sidney_i_dictionaries_2001,
	location = {Cambridge},
	edition = {Second edition},
	title = {Dictionaries. The Art and Craft of Lexicography},
	publisher = {Cambridge University Press},
	author = {Landau, Sidney I.},
	date = {2001}
}

@book{teich_elke_cross-linguistic_2003,
	location = {Berlin},
	title = {Cross-linguistic Variation in System and Text. A Methodology for the Investigation of Translations and Comparable Texts},
	publisher = {Mouton de Gruyter},
	author = {Teich, Elke},
	date = {2003},
	langid = {english}
}

@book{piozzi_hester_l_british_1794,
	location = {London},
	title = {British Synonymy, or An Attempt at Regulating the Choice of Words in Familiar Conversation},
	volumes = {2},
	publisher = {G.G. and J. Robinson},
	author = {Piozzi, Hester L.},
	date = {1794}
}

@book{lach-szyrma_krystyn_anglia_1828,
	location = {Warszawa},
	title = {Anglia i Szkocja: przypomnienia z podróży roku 1823−24 odbytey},
	volume = {3},
	publisher = {w Drukarni A. Gałęzowskiego i Komp},
	author = {Lach-Szyrma, Krystyn},
	date = {1828}
}

@article{konopczynski_wladyslaw_anglia_1947,
	title = {Anglia a Polska w {XVIII} wieku},
	volume = {4},
	pages = {93−129},
	journaltitle = {Pamiętnik Biblioteki Kórnickiej},
	author = {Konopczyński, Władysław},
	date = {1947}
}

@book{coles_elisha_english_1677,
	location = {London},
	title = {An English Dictionary: Explaining The difficult Terms that are used in Divinity, Husbandry, Physick, Phylosophy, Law, Navigation, Mathematicks, and other Arts and Sciences …},
	publisher = {Peter Parker},
	author = {Coles, Elisha},
	date = {1677}
}

@book{podhajecka_miroslawa_history_nodate,
	location = {Opole},
	title = {A History of Polish-English/English-Polish Bilingual Lexicography (1788‒1947)},
	publisher = {Wydawnictwo Uniwersytetu Opolskiego},
	author = {Podhajecka, Mirosława},
	langid = {english}
}

@incollection{murano_recueils_2017,
	location = {Milano},
	title = {Les recueils phraséologiques bilingues franco-italiens au 19e siècle},
	pages = {165--184},
	booktitle = {Fraseologia e paremiologia: passato, presente, futuro},
	publisher = {Franco Angeli},
	author = {Murano, Michela},
	editor = {De Giovanni, Cosimo},
	date = {2017},
	note = {\biberror{Edited bz Cosimo De Giovanni}}
}

@incollection{murano_connaitre_2020,
	location = {Białystok},
	title = {Connaître la phraséologie « pour bien entendre les auteurs »: le Petit trésor de Barberi (1821) et le Dictionnaire des idiotismes de Polesi (1829)},
	pages = {283--301},
	booktitle = {Intercontinental Dialogue on Phraseology 4 ({IDP}), Reproducible language units in an interdisciplinary perspective},
	publisher = {University of Białystok Publishing House},
	author = {Murano, Michela},
	editor = {Szerszunowicz, Joanna},
	date = {2020},
	note = {\biberror{edited by Joanna}}
}

@online{noauthor_centro_nodate,
	title = {Centro Interuniversitario di Ricerca sulla Storia degli Insegnamenti Linguistici ({CIRSIL})},
	url = {https://cirsil.it/},
	titleaddon = {{CIRSIL}}
}

@online{noauthor_opac_nodate,
	title = {{OPAC} {SBN}, Catalogo del Servizio Bibliotecario Nazionale},
	url = {https://opac.sbn.it/web/opacsbn}
}

@article{sclafani_figement_2019,
	title = {Le figement dans le Nuovo vocabolario commerciale fraseologico de Caricati et Mariotti},
	pages = {201--215},
	number = {11},
	journaltitle = {Les cahiers du dictionnaire},
	author = {Sclafani, Marie-Denise},
	date = {2019}
}

@article{pellandra_que_1997,
	title = {Que lisait-on dans les classes de français d'autrefois ? (Les contenus culturels de quelques manuels pour l'enseignement du français publiés en Italie de 1846 à 1908)},
	pages = {32--38},
	number = {12},
	journaltitle = {Documents pour l’histoire du français langue étrangère ou seconde},
	author = {Pellandra, Carla},
	date = {1997}
}

@book{quemada_dictionnaires_1967,
	location = {Paris},
	title = {Les dictionnaires du français moderne : 1539-1863},
	publisher = {Didier},
	author = {Quemada, Bernard},
	date = {1967}
}

@book{murano_phrases_2013,
	location = {Bologna},
	title = {Des phrases aux séquences figées : la phraséologie dans les dictionnaires bilingues français-italien (1584-1900)},
	publisher = {{CLUEB}},
	author = {Murano, Michela},
	date = {2013},
	note = {\biberror{Collana Quaderni del Cirsil 11 (2012)}}
}

@book{minerva_insegnare_1997,
	location = {Bologna},
	title = {Insegnare il francese in Italia. Repertorio dei manuali pubblicati dal 1625 al 1860},
	publisher = {{CLUEB}},
	author = {Minerva, Nadia and Pellandra, Carla},
	date = {1997}
}

@article{minerva_dialogues_1998,
	title = {Les dialogues dans les manuels italiens. Enquête quantitative (1625-1860)},
	doi = {10.3406/docum.1998.1251},
	pages = {83--98},
	number = {22},
	journaltitle = {Documents pour l’histoire du français langue étrangère ou seconde},
	author = {Minerva, Nadia},
	date = {1998}
}

@book{minerva_manuels_1996,
	location = {Bologna},
	title = {Manuels, maîtres, méthodes. Repères pour l’histoire de l’enseignement du français en Italie},
	publisher = {{CLUEB}},
	author = {Minerva, Nadia},
	date = {1996}
}

@book{baraga_dictionary_1853,
	location = {Cincinatti},
	title = {A Dictionary of the Otchipwe Language, Explained in English. This Language Is Spoken by the Chippewa Indians, as Also by the Otawas, Potawatamis and Algonquins, with Little Difference. For the Use of Missionaries, and Other Persons Living Among the Above Mentioned Indians.},
	publisher = {Jos. A. Hermann},
	author = {Baraga, Frederic},
	date = {1853}
}

@book{jeram_slovensko-angleska_1895,
	location = {Tower, Minnesota},
	title = {Slovensko-angleška slovnica},
	publisher = {Amerikanski Slovenec},
	author = {Jeram, Peter Jos.},
	date = {1895}
}

@book{kern_complete_1919,
	location = {Cleveland, Ohio},
	title = {A Complete Pronouncing Dictionary of the English and Slovene Languages for General Use. Popoln angleško-slovenski besednjak z angleško izgovarjavo.},
	publisher = {Tisk ameriške domovine},
	author = {Kern, Frank J.},
	date = {1919}
}

@book{kosutnik_rocni_1912,
	location = {Ljubljana},
	title = {Ročni slovensko-angleški in angleško slovenski slovar: Zlasti namenjen izseljencem v Ameriko},
	publisher = {Anton Turk},
	author = {Košutnik, Silvester},
	date = {1912}
}

@book{kubelka_slovensko-angleski_1904,
	location = {New York},
	title = {Slovensko-angleški žepni rečnik v olajšavo naučenja obeh jezikov. Slovenian-English Pocket Dictionary to Facilitate the Study of Both Languages},
	url = {https://babel.hathitrust.org/cgi/pt?id=loc.ark:/13960/t4qj8p026&view=1up&seq=1},
	author = {Kubelka, Victor J.},
	date = {1904}
}

@book{kubelka_slovensko-angleski_nodate,
	location = {New York},
	title = {Slovensko-angleški razgovori. Slovenian-English Interpreter},
	url = {https://hdl.handle.net/2027/nyp.33433021125889},
	publisher = {Press of Stettiner Bros},
	author = {Kubelka, Victor J.}
}

@book{kubelka_slovensko-angleska_nodate,
	location = {New York},
	edition = {Prva izdaja/First edn},
	title = {Slovensko-angleška Slovnica, Tolmač, Spiskovnik in Navodilo za Naturalizacijo. Angleško-Slovenski in Slovensko-Angleški Slovar. Slovenian-English Grammar Interpreter, Letterwritter and Information on Naturalization. English-Slovenian and Slovenian-English Dictionary},
	publisher = {Viktor J. Kubelka},
	author = {Kubelka, Victor J.}
}

@book{anonymous_rev_1895,
	location = {Jeram},
	title = {Rev. of Slovensko-angleška slovnica by Peter Jos.},
	volume = {19:9},
	publisher = {Ljubljanski zvon},
	author = {Anonymous},
	date = {1895}
}

@incollection{bejoint_dictionaries_2016,
	location = {Oxford},
	title = {Dictionaries for general users: History and development; Current issues},
	pages = {7--74},
	booktitle = {The Oxford Handbook of Lexicography},
	publisher = {Oxford University Press},
	author = {Béjoint, Henri},
	editor = {Durkin, Philip},
	date = {2016}
}

@article{cesar-nedzbala_polonca_rajska_nodate,
	title = {Rajska domovina},
	volume = {1},
	pages = {83--106},
	journaltitle = {Dve domovini/Two homelands},
	author = {Cesar-Nedzbala, Polonca}
}

@article{drnovsek_mass_1994,
	title = {Mass Emigration and Slovenes},
	volume = {5},
	pages = {19--36},
	journaltitle = {Dve domovini/Two Homelands},
	author = {Drnovšek, Marjan},
	date = {1994}
}

@book{drnovsek_ljubljana_2006,
	location = {Ljubljana},
	title = {Ljubljana: križišče na poti v svet. Množično izseljevanje Slovencev v Ameriko. Ljubljana: the crossroads to the world.},
	url = {http://ljubljana-kps.zrc-sazu.si/Brosura/Ljubljana%20-%20Krizisce%20na%20poti%20v%20svet.pdf},
	publisher = {{ZRC} {SAZU} \& Numizmatično društvo Slovenije},
	author = {Drnovšek, Marjan},
	urldate = {2022-07-18},
	date = {2006}
}

@article{drnovsek_causes_nodate,
	title = {The Causes for Emigration of Slovenes in the Last Two Centuries},
	url = {http://www.theslovenian.com/articles/drnovsek.htm},
	author = {Drnovšek, Marjan},
	urldate = {2022-07-17}
}

@incollection{farina_bilingual_2009,
	location = {Oxford},
	title = {Bilingual Dictionaries of English and Russian in the Eighteenth to the Twentieth Centuries},
	volume = {1. : General-purpose Dictionaries},
	pages = {105--126},
	booktitle = {The Oxford History of English Lexicography},
	publisher = {Oxford University Press},
	author = {Farina, , Donna M. T. Cr. and Durman, George},
	editor = {Cowie, A. P.},
	date = {2009}
}

@report{ferrie_two_2013,
	location = {Bonn},
	title = {Two Centuries of International Migration},
	url = {https://www.iza.org/publications/dp/7866/two-centuries-of-international-migration},
	number = {7866},
	institution = {Institute for the Study of Labor},
	type = {Discussion Paper},
	author = {Ferrie, Joseph P and Halton, Timothy J},
	urldate = {2022-07-15},
	date = {2013}
}

@incollection{fontenelle_bilingual_2016,
	location = {Oxford},
	title = {Bilingual Dictionaries: History and Development; Current Issues},
	pages = {44--61},
	booktitle = {The Oxford Handbook of Lexicography},
	publisher = {Oxford University Press},
	author = {Fontenelle, Thierry},
	editor = {Durkin, Philip},
	date = {2016}
}

@book{gerber_american_2011,
	location = {Oxford},
	title = {American Immigration: A Very Short Introduction},
	publisher = {Oxford University Press},
	author = {Gerber, David A.},
	date = {2011}
}

@online{hernandez_jaramillo_historical_2019,
	title = {A historical overview of the “grammar-translation” method for teaching foreign languages},
	url = {https://www.noslangues-ourlanguages.gc.ca/en/blogue-blog/methode-grammaire-traduction-grammar-translation-method-eng?wbdisable=true#auteur-author},
	author = {Hernández Jaramillo, Alejandro},
	urldate = {2022-07-22},
	date = {2019}
}

@book{hoyt_wary_2017,
	title = {A Wary Welcome: The History of U.S. Attitudes Toward Immigration},
	publisher = {Skinny Bottle Publishing},
	author = {Hoyt, Joanna Micham},
	date = {2017}
}

@article{milharcic-hladnik_marie_2007,
	title = {Marie Prisland – Her role in preserving Slovenian culture and tradition among Slovenian migrants in the United States},
	pages = {229--247},
	number = {25},
	journaltitle = {Dve domovini/Two Homelands},
	author = {Milharčič-Hladnik, Mirjam},
	date = {2007}
}

@article{prisland_slovenians_1950,
	title = {The Slovenians, most recent American immigrants},
	volume = {33},
	pages = {265--280},
	number = {3},
	journaltitle = {The Wisconsin Magazine of},
	author = {Prisland, Marie},
	date = {1950}
}

@article{sedmak_strangers_2021,
	title = {Strangers to Paradise [part 1].},
	volume = {114},
	pages = {2},
	number = {1},
	journaltitle = {Prosveta: {SNPJ} News},
	author = {Sedmak, Jay},
	date = {2021-01-01}
}

@article{sedmak_strangers_2021-1,
	title = {Strangers to Paradise [part 2]},
	volume = {114},
	pages = {7},
	number = {2},
	journaltitle = {Prosveta: {SNPJ} News},
	author = {Sedmak, Jay},
	date = {2021-02-01}
}

@article{sedmak_strangers_2021-2,
	title = {Strangers to Paradise [part 3]},
	volume = {114},
	pages = {2},
	number = {3},
	journaltitle = {Prosveta: {SNPJ} News},
	author = {Sedmak, Jay},
	date = {2021-03-01}
}

@inreference{zugel_ameriski_1987,
	location = {Ljubljana},
	title = {Ameriški Slovenci},
	volume = {1 (A–Ca)},
	pages = {58--62},
	booktitle = {Enciklopedija Slovenije},
	publisher = {Mladinska knjiga},
	author = {Žugel, Franc},
	editor = {Javornik, Marjan and Voglar, Dušan and Dermastia, Alenka},
	date = {1987}
}

@book{xu_minglong__huang_2004,
	location = {Beijing},
	edition = {reprint, Shanghai: Shangwu yinshuguan, 2014},
	title = {Huang Jialüe yu zaoqi Faguo hanxue 黃嘉略與早期法國漢學},
	publisher = {Zhonghua shuju},
	author = {Xu Minglong 許明龍},
	date = {2004}
}

@article{zwartjes_jesuits_2021,
	title = {The Jesuits’ Contribution to the Study, Documentation, and Teaching of “Exotic” Languages’},
	journaltitle = {Jesuit Historiography Online},
	author = {Zwartjes, Otto},
	date = {2021}
}

@incollection{zwartjes_missionary_2019,
	location = {Cambridge},
	title = {Missionary Traditions in East Asia},
	pages = {614--633},
	booktitle = {The Cambridge World History of Lexicography},
	publisher = {Cambridge University Press},
	author = {Zwartjes, Otto},
	date = {2019}
}

@incollection{yu_gli_2017,
	location = {Milan},
	title = {Gli scritti di Carlo da Castorano nella Biblioteca Apostolica Vaticana [Les écrits de Carlo da Castorano dans la Bibliothèque Apostolique Vaticane].},
	booktitle = {Carlo da Castorano Un sinologo francescano tra Roma e Pechino [Carlo da Castorano. Un sinologue franciscain entre Rome et Pékin]},
	publisher = {Luni},
	author = {Yu, Dong Clara},
	date = {2017}
}

@incollection{yang_portuguese-chinese_2001,
	location = {Lisbon},
	title = {The Portuguese-Chinese Dictionary of Michele Ruggieri and Matteo Ricci: An Historical and Linguistic Introduction},
	pages = {169--217},
	booktitle = {Dicionário Português-Chinês},
	publisher = {Instituto Português do Oriente, Bibliothèque nationale du Portugal},
	author = {Yang, Paul Fu-mien},
	date = {2001}
}

@article{yang_making_2014,
	title = {The Making of the First Chinese-English Dictionary},
	volume = {41},
	pages = {299--322},
	number = {2},
	journaltitle = {Historiographia Linguistica},
	author = {Yang, Huiling},
	date = {2014}
}

@article{von_collani_carlo_nodate,
	title = {Carlo Orazi da Castorano and the Jesuits in the Chinese Rites Controversy},
	volume = {{XCI}},
	pages = {479--510.},
	number = {2},
	journaltitle = {Antonianum},
	author = {Von Collani, Claudia}
}

@incollection{vedal_china_2019,
	location = {Cambridge},
	title = {China, c. 600–c. 1700},
	pages = {109--129},
	booktitle = {The Cambridge World History of Lexicography},
	publisher = {{CUP}},
	author = {Vedal, Nathan},
	date = {2019}
}

@article{stafutti_note_1981,
	title = {Note Sul Manoscritto inedito Brevis Narratio Itineris Ex Italia Usque Ad Chinam ... Di Carlo O. Da Castorano (1673-1755)},
	volume = {17},
	pages = {35--79},
	journaltitle = {Cina},
	author = {Stafutti, Stefania},
	date = {1981}
}

@incollection{soderblom_saarela_chinese_2019,
	location = {Cambridge},
	title = {The Chinese Periphery to c. 1800},
	pages = {202--222},
	booktitle = {The Cambridge World History of Lexicography},
	publisher = {Cambridge University Press},
	author = {Söderblom Saarela, Mårten},
	date = {2019}
}

@article{sieber_imprint_2013,
	title = {The Imprint of imprints: sojourners, xiaoshuo translations, and the transcultural canon of early Chinese fiction in Europe, 1697-1826},
	volume = {3},
	pages = {31--70},
	journaltitle = {East Asian Publishing and Society},
	author = {Sieber, Patricia},
	date = {2013}
}

@thesis{raini_sistemi_2010,
	location = {Rome},
	title = {Sistemi di romanizzazione del cinese mandarino nei secoli xvi-xviii [Systèmes de romanisation du chinois mandarin aux {XVIe} et {XVIIe} siècles]},
	institution = {Sapienza Università di Roma},
	type = {phdthesis},
	author = {Raini, Emanuele},
	date = {2010}
}

@unpublished{brollo_sinicorum_1715,
	location = {Ms. « Chinois 9279 ». Bibliothèque Nationale de France ({BNF}), Paris},
	title = {Sinicorum characterum europea expositio [Explication européenne des caractères chinois],},
	author = {Brollo, Basilio},
	date = {1715}
}

@unpublished{diaz_diccionario_nodate,
	location = {Ms. « Chinois 9275 ». Paris : Bibliothèque Nationale de France ({BNF})},
	title = {Diccionario de la lengua mandarina [Dictionnaire de mandarin], édition révisée par Antonio Díaz},
	author = {Díaz, Francisco}
}

@unpublished{brollo_dictionarium_1706,
	location = {Ms. « Vat.estr.or.8 ». Rome : Vatican Apostolic Library},
	title = {Dictionarium Sinico-Latinum Reverendissimi Patris Basilij à Glemona [Le dictionnaire chinois-latin du Révérend Père Basile de Glemona].},
	author = {Brollo, Basilio and Orazi, Carlo},
	date = {1706}
}

@unpublished{orazi_dictionarium_nodate,
	location = {Ms. « Vat.estr.or.4 » (1732). Rome : Vatican Apostolic Library.},
	title = {Dictionarium Latino Italico Sinicum Tam vocum, quam Litterarum seu Characterum usualium Sinensium ad usum et commoditatem {PP}. Missionariorum in hanc Sinicam Missionem noviter adventantium},
	url = {https://digi.vatlib.it/view/MSS_Vat.estr.or.4},
	author = {Orazi, Carlo}
}

@thesis{peverelli_history_1986,
	title = {The History of Modern Chinese Grammar Studies},
	institution = {University of Leiden},
	type = {phdthesis},
	author = {Peverelli, Peter},
	date = {1986}
}

@incollection{peyraube_langues_2011,
	location = {Paris},
	title = {Les langues sinitiques},
	pages = {979--983},
	booktitle = {Dictionnaire des langues},
	publisher = {{PUF}},
	author = {Peyraube, Alain},
	date = {2011}
}

@incollection{raini_preliminary_2017,
	location = {Leuven},
	title = {A preliminary analysis of the romanization in the ‘Vocabulario da letra china’},
	pages = {109--136},
	booktitle = {Chinese missionary linguistics},
	publisher = {Ferdinand Verbiest Institute},
	author = {Raini, Emanuele},
	date = {2017}
}

@book{polmonari_padre_2008,
	location = {Vicenza},
	title = {Padre Basilio Brollo da Gemona in dialogo con la cultura cinese},
	publisher = {{LIEF}},
	author = {Polmonari, Simonetta},
	date = {2008}
}

@book{pellin_lessico_2009,
	location = {Milan},
	title = {Lessico grammaticale in Cina (1859-1924)},
	publisher = {Franco Angeli},
	author = {Pellin, Tommaso},
	date = {2009}
}

@book{paternico_when_2013,
	location = {Leuven},
	title = {When the Europeans Began to Study Chinese. Martino Martini’s Grammatica Linguae Sinensis},
	publisher = {F. Verbiest Institute},
	author = {Paternicò, Luisa},
	date = {2013}
}

@book{orazi_brevissima_1759,
	location = {Livorno},
	title = {Brevissima notizia o relazione di varj viaggi, fatiche, patimenti, opere ec. nell’Imperio della Cina, ec. Del reverendo padre f. Carlo Horatii da Castorano},
	publisher = {per gli eredi Santini},
	author = {Orazi, Carlo},
	date = {1759}
}

@book{norman_chinese_1988,
	location = {Cambridge},
	title = {Chinese},
	publisher = {Cambridge University Press},
	author = {Norman, Jerry},
	date = {1988}
}

@book{mungello_chinese_1994,
	location = {Nettetal},
	title = {The Chinese Rites Controversy: Its History and Meaning},
	publisher = {Steyler Verlag},
	author = {Mungello, David},
	date = {1994}
}

@incollection{masini_manoscritti_2006,
	location = {Venice},
	title = {Manoscritti sulla lingua cinese presenti negli archivi e nelle biblioteche italiani [Manuscrits sur la langue chinoise présents dans les archives et bibliothèques italiennes]},
	pages = {233--244},
	booktitle = {Scritture e codici nelle culture dell’Asia: Giappone, Cina, Tibet, India. Prospettive di studio [Ecritures et codes dans les cultures d'Asie : Japon, Chine, Tibet, Inde. Perspectives d’études]},
	publisher = {Caforscarina},
	author = {Masini, Federico},
	date = {2006}
}

@misc{marinelli_gaetano_nodate,
	title = {Gaetano Zenobi, stampatore e intagliatore tra Foligno e Roma (sec. {XVII}-{XVIII})},
	url = {https://www.centrostudifrezzi.it/magazzino/docs/Gaetano_Zenobi.pdf},
	publisher = {Centro di ricerche Federico Frezzi},
	author = {Marinelli, Bruno}
}

@article{luo_changpei__yesuhuishi_1930,
	title = {Yēsūhuìshì zài yīnyùnxué shàng de gòngxiàn   耶穌會士在音韻學上的貢獻 [La contribution des jésuites à la phonologie]},
	volume = {1},
	pages = {267--388},
	number = {3},
	journaltitle = {Zhōngyāng yánjiùyuàn lìshǐ yǔyán yánjiūsuǒ jíkān 中央研究院历史语言研究所集刊 [Bulletin de l'Institut d'histoire et de philologie de l'Academia Sinica]},
	author = {Luó Chángpéi 羅常培},
	date = {1930}
}

@incollection{li_il_2017,
	location = {Milan},
	title = {Il Dictionarium Latino-Italico-Sinicum di Carlo Orazi Da Castorano [Le Dictionarium Latino-Italico-Sinicum de Carlo Orazi Da Castorano]},
	booktitle = {Carlo da Castorano. Un sinologo francescano tra Roma e Pechino [Carlo da Castorano. Un sinologue franciscain entre Rome et Pékin]},
	publisher = {Luni},
	author = {Li, Hui},
	date = {2017}
}

@book{leung_etienne_2002,
	location = {Leuven},
	title = {Étienne Fourmont (1683–1745). Oriental and Chinese Languages in Eighteenth-Century France},
	publisher = {Leuven University Press},
	author = {Leung, Cecile},
	date = {2002}
}

@incollection{kloter_china_2019,
	location = {Cambridge},
	title = {China from c. 1700},
	pages = {317--339},
	booktitle = {The Cambridge World History of Lexicography},
	publisher = {Cambridge University Press},
	author = {Klöter, Henning},
	date = {2019}
}

@book{kloter_language_2017,
	location = {Leyde},
	title = {The Language of the Sangleys: A Chinese Vernacular in Missionary Sources of the Seventeenth Century},
	publisher = {Brill},
	author = {Klöter, Henning},
	date = {2017}
}

@incollection{lackner_circumnavigating_2001,
	location = {Leyde},
	title = {Circumnavigating the Unfamiliar: Dao’an (314-385) and Yan Fu (1852-1921) on Western Grammar},
	pages = {357--372},
	booktitle = {New Terms for New Ideas. Western Knowledge and Lexical Change in Late Imperial China},
	publisher = {Brill},
	author = {Lackner, Michael},
	date = {2001}
}

@book{fourmont_meditationes_1737,
	location = {Paris},
	title = {Meditationes sinicae... authore Stephanus Fourmont},
	publisher = {Musier le père},
	author = {Fourmont, Etienne},
	date = {1737}
}

@inreference{franchi_mainardi_2006,
	title = {Mainardi. Girolamo},
	volume = {67},
	url = {https://www.treccani.it/enciclopedia/girolamo-mainardi_%28Dizionario-Biografico%29/},
	booktitle = {Dizionario Biografico degli Italiani},
	author = {Franchi, Saverio},
	date = {2006}
}

@book{franchi_impressioni_2002,
	location = {Rome},
	title = {Le impressioni sceniche. Dizionario bio-bibliografico degli editori e stampatori romani e laziali di testi drammatici e libretti per musica dal 1579 al 1800, volume {II}: Integrazioni, aggiunte, tavole, indici},
	publisher = {Edizioni di storia e letteratura.},
	author = {Franchi, Saverio and Sartori, Orietta},
	date = {2002}
}

@incollection{franceschi_dopo_2017,
	location = {Milan},
	edition = {Isabella Doniselli Eramo},
	title = {Dopo tanti viaggi, fatiche, patimenti, pericoli ecc., anco vivo, o utcumque sano mi rivedo in casa Paterna},
	pages = {1--13},
	booktitle = {Carlo da Castorano. Un sinologo francescano tra Roma e Pechino [Carlo da Castorano. Un sinologue franciscain entre Rome et Pékin]},
	publisher = {Luni},
	author = {Franceschi, Maurizio},
	date = {2017}
}

@book{elman_cultural_2000,
	location = {Berkeley},
	title = {A Cultural History of Civil Examination in Late Imperial China},
	publisher = {University of California},
	author = {Elman, Benjamin},
	date = {2000}
}

@book{de_guignes_principes_1790,
	location = {Paris},
	title = {Principes de composition typographique pour diriger un compositeur dans l'usage des caractères orientaux de l'imprimerie royale},
	publisher = {Imprimerie Royale},
	author = {De Guignes, Joseph},
	date = {1790}
}

@book{considine_cambridge_2019,
	location = {Cambridge},
	title = {The Cambridge World History of Lexicography},
	publisher = {Cambridge University Press},
	author = {Considine, John},
	date = {2019}
}

@book{coblin_francisco_2006,
	location = {Sankt Augustin},
	title = {Francisco Varo’s Glossary of the Mandarin Language: Vol. 1.},
	publisher = {Monumenta Serica Institute},
	author = {Coblin, Weldon South},
	date = {2006}
}

@inreference{catto_orazi_2013,
	title = {Orazi, Antonio},
	volume = {79},
	url = {https://www.treccani.it/enciclopedia/antonio-orazi_%28Dizionario-Biografico%29/.},
	booktitle = {Dizionario Biografico degli Italiani -},
	author = {Catto, Michela},
	date = {2013}
}

@article{castorina_parole_2019,
	title = {Parole, parole, parole... Il contributo della sinologia italiana alla compilazione di dizionari di lingua cinese » [Des mots, des mots, des mots... La contribution de la sinologie italienne à l’élaboration des dictionnaires du chinois]},
	pages = {73--86},
	number = {8},
	journaltitle = {{LEA}},
	author = {Castorina, Miriam},
	date = {2019}
}

@book{civezza_saggio_1879,
	location = {Prato},
	title = {Saggio di bibliographia geografica, storica, etnografica sanfrancescana},
	publisher = {Ranieri Guasti},
	author = {Civezza, Marcellino},
	date = {1879}
}

@book{calepino_ambrosius_1513,
	location = {Venice},
	title = {Ambrosius Calepinus bergomates professor deuotissimus ordinis Eremitarum sancti Augustini},
	publisher = {Alessandro Paganini per Leonhard Alantsee},
	author = {Calepino, Ambrogio},
	date = {1513}
}

@book{calderino_dictionarium_1586,
	location = {Venice},
	title = {Dictionarium D. Caesaris Calderini Mirani Veronensis, tum latini, tum italici sermonis studiosis, apprimè congruens},
	publisher = {apud Felicem Valgrisium},
	author = {Calderino, Cesare},
	date = {1586}
}

@article{bussotti_du_2015,
	title = {Du dictionnaire chinois-latin de Basilio Brollo aux lexiques pour le marché : deux siècles d’édition du chinois en Italie et en France},
	volume = {101},
	pages = {363--406},
	number = {4},
	journaltitle = {T’oung-Pao},
	author = {Bussotti, Michela},
	date = {2015}
}

@article{bussotti_printing_2020,
	title = {Printing Chinese Characters, Engraving Chinese Types: Wooden Chinese Movable Type at the Imprimerie Nationale (1715–1819)},
	volume = {10},
	pages = {1--72},
	journaltitle = {East Asian Publishing and Society},
	author = {Bussotti, Michela and Landry-Deron, Isabelle},
	date = {2020}
}

@book{brockey_journey_2007,
	location = {Cambridge, {MA}},
	title = {Journey to the East: The Jesuit Mission to China, 1579‒1724},
	publisher = {Cambridge, {MA} : Harvard University Press.},
	author = {Brockey, Liam M.},
	date = {2007}
}

@book{arcodia_chinese_2021,
	location = {Oxford},
	title = {Chinese Linguistics: An Introduction},
	publisher = {Oxford University Press},
	author = {Arcodia, Giorgio and Basciano, Bianca},
	date = {2021}
}

@book{abel-remusat_plan_1814,
	location = {Paris},
	title = {Plan d’un dictionnaire chinois, avec des notices de plusieurs dictionnaires chinois manuscrits...},
	publisher = {Pillet},
	author = {Abel-Rémusat, Jean-Pierre},
	date = {1814}
}

@book{abel-remusat_plan_1814-1,
	location = {Paris},
	title = {Plan d'un dictionnaire chinois, avec des notices de plusieurs dictionnaires chinois manuscrits...},
	publisher = {Pillet},
	author = {Abel-Rémusat, Jean-Pierre},
	date = {1814}
}

@unpublished{brollo_sinicorum_1715-1,
	location = {Ms. « Chinois 9279 ». Bibliothèque Nationale de France ({BNF}), Paris},
	title = {Sinicorum characterum europea expositio [Explication européenne des caractères chinois],},
	author = {Brollo, Basilio},
	date = {1715}
}

@book{simotas___1968,
	location = {Θεσσαλονίκη},
	title = {Αι αμετάφραστοι λέξεις εν τω κειμένω των Ο'},
	series = {Επιστημονική επετηρίς Θεολογικής σχολής},
	publisher = {Αριστοτέλειον Πανεπιστήμιον Θεσσαλονίκης,},
	author = {Simotas [Σιμωτάς], Panagiotis N. [Παναγιώτης Ν.]},
	date = {1968}
}

@online{noauthor_lexicon_nodate,
	title = {Lexicon of Oriental Words in Ancient Greek},
	url = {https://orientalwordsingreek.org/},
	urldate = {2024-04-02},
	langid = {english}
}

@online{noauthor_ediana_nodate,
	title = {{eDiAna} – Home},
	url = {https://www.ediana.gwi.uni-muenchen.de/},
	urldate = {2024-04-02}
}

@book{brust_indischen_2008,
	location = {Innsbruck},
	edition = {2. verb. und verm. Aufl.},
	title = {Die indischen und iranischen Lehnwörter im Griechischen},
	isbn = {978-3-85124-713-8},
	series = {Innsbrucker Beiträge zur Sprachwissenschaft},
	publisher = {Inst. für Sprachen u. Literaturen d. Univ. Innsbruck, Abt. Sprachwiss.},
	author = {Brust, Manfred},
	date = {2008}
}

@book{hoch_semitic_1994,
	location = {Princeton},
	title = {Semitic words in Egyptian texts of the New Kingdom and third intermediate period},
	isbn = {978-0-691-03761-5},
	publisher = {Princeton Univ. Press},
	author = {Hoch, James E.},
	date = {1994}
}

@book{lewy_semitischen_1895,
	location = {Berlin},
	title = {Die semitischen Fremdwörter im Griechischen},
	publisher = {Gaertner},
	author = {Lewy, Heinrich 1863-},
	date = {1895}
}

@article{huyse_persisches_1990,
	title = {Persisches Wortgut in Athenaios' "Deipnosophistai"},
	volume = {68},
	url = {https://www.jstor.org/stable/40266852},
	pages = {93--104},
	number = {1},
	journaltitle = {Glotta},
	author = {Huyse, Philip},
	urldate = {2024-04-02},
	date = {1990}
}

@incollection{sijpesteijn_egyptian_2004,
	location = {Leiden ; Boston},
	title = {Egyptian Lexical Interference in the Greek of Byzantine and Early Islamic Egypt},
	isbn = {978-90-04-13886-5 978-90-474-0547-4},
	url = {https://brill.com/view/book/edcoll/9789047405474/B9789047405474_s015.xml},
	pages = {163--198},
	booktitle = {Papyrology and the History of Early Islamic Egypt},
	publisher = {Brill},
	author = {Tovar, Sofía Torallas},
	editor = {Sijpesteijn, Petra and Sundelin, Lennart},
	urldate = {2024-04-02},
	date = {2004},
	doi = {10.1163/9789047405474_015}
}

@book{bai_semitische_2009,
	location = {Hamburg},
	title = {Semitische Lehnwörter im Altgriechischen},
	isbn = {978-3-8300-4678-3},
	series = {Schriftenreihe Schriften zur vergleichenden Sprachwissenschaft},
	number = {Bd. 4},
	publisher = {Kovač},
	author = {Bai, Gang},
	date = {2009}
}

@book{beekes_etymological_2010,
	location = {Leiden ; Boston},
	title = {Etymological dictionary of Greek},
	isbn = {978-90-04-17418-4},
	series = {Leiden Indo-European etymological dictionary series},
	number = {v. 10/1-2},
	publisher = {Brill},
	author = {Beekes, Robert},
	editora = {Beek, Lucien van},
	editoratype = {collaborator},
	date = {2010}
}

@article{pierce_egyptian_1971,
	title = {Egyptian Loan‐Words in Ancient Greek},
	volume = {46},
	doi = {10.1080/00397677108590630},
	pages = {96--107},
	number = {1},
	journaltitle = {Symbolae Osloenses},
	shortjournal = {Symbolae Osloenses},
	author = {Pierce, Richard Holton},
	urldate = {2024-04-02},
	date = {1971-01},
	langid = {english}
}

@incollection{jasanoff_word_1996,
	location = {Chapel Hill – London},
	title = {Word Games. The Linguistic Evidence in Black Athena},
	pages = {177--205},
	booktitle = {Black Athena Revisited},
	publisher = {The University of North Carolina Press},
	author = {Jasanoff, Jay H. and Nussbaum, Alan},
	editor = {Lefkowitz, Mary R. and Rogers, Guy {MacLean}},
	date = {1996}
}

@incollection{simon_anatolian_2018,
	location = {Wiesbaden},
	title = {Anatolian Influences on Greek},
	pages = {376--418},
	booktitle = {Change, Continuity, and Connectivity. North-Eastern Mediterranean at the turn of the Bronze Age and in the Early Iron Age},
	publisher = {Harrassowitz},
	author = {Simon, Zsolt},
	editor = {Niesiołowski-Spanò, Łukasz and Węcowski, Marek},
	date = {2018}
}

@incollection{rosol_early_2018,
	location = {Wiesbaden},
	title = {Early Semitic Loanwords in Greek},
	pages = {334--344},
	booktitle = {Change, Continuity, and Connectivity. North-Eastern Mediterranean at the turn of the Bronze Age and in the Early Iron Age},
	publisher = {Harrassowitz},
	author = {Rosół, Rafał},
	editor = {Niesiołowski-Spanò, Łukasz and Węcowski, Marek},
	date = {2018}
}

@book{thomason_language_1988,
	location = {Berkeley},
	title = {Language contact, creolization, and genetic linguistics},
	isbn = {978-0-520-05789-0},
	publisher = {Univ. of California Press},
	author = {Thomason, Sarah Grey},
	date = {1988}
}

@article{mcgready_egyptian_1968,
	title = {Egyptian Words in the Greek Vocabulary},
	volume = {46},
	url = {https://www.jstor.org/stable/40266062},
	pages = {247--254},
	number = {3},
	journaltitle = {Glotta},
	author = {{McGready}, Alfred Glen},
	urldate = {2024-04-02},
	date = {1968}
}

@article{haas_phrygische_1960,
	title = {Die phrygische Sprache im Lichte der Glossen und Namen},
	volume = {2},
	pages = {25--68},
	journaltitle = {Balkansko Ezikoznanie/Linguistique Balkanique},
	author = {Haas, Otto},
	date = {1960}
}

@book{frisk_griechisches_1960,
	location = {Heidelberg},
	title = {Griechisches etymologisches Wörterbuch},
	volume = {1-3},
	publisher = {Winter},
	author = {Frisk, Hjalmar},
	date = {1960}
}

@book{bernal_black_1987,
	location = {New Brunswick},
	title = {Black Athena. The Afroasiatic Roots of Classical Civilisation},
	volume = {1-3},
	publisher = {Rutgers University Press},
	author = {Bernal, Martin},
	date = {1987},
	langid = {english}
}

@book{masson_recherches_1967,
	location = {Paris},
	title = {Recherches sur les plus anciens emprunts sémitiques en grec},
	series = {Études et commentaires},
	publisher = {Klincksieck},
	author = {Masson, Émilia},
	date = {1967}
}

@article{muss-arnolt_semitic_1892,
	title = {On Semitic Words in Greek and Latin},
	volume = {23},
	url = {https://www.jstor.org/stable/2935792},
	doi = {10.2307/2935792},
	pages = {35--156},
	journaltitle = {Transactions of the American Philological Association},
	author = {Muss-Arnolt, W.},
	urldate = {2024-04-02},
	date = {1892}
}

@article{nardelli_black_2013,
	title = {Black Athena Fades Away: A Consideration of Martin Bernal's Linguistic Arguments},
	volume = {17},
	url = {http://www.uhu.es/publicaciones/ojs/index.php/exemplaria/article/view/2343},
	doi = {10.33776/ec.v17i0.2343},
	pages = {281--374},
	journaltitle = {Exemplaria Classica},
	shortjournal = {Exclass},
	author = {Nardelli, Jean-Fabrice},
	urldate = {2024-04-02},
	date = {2013}
}

@book{neumann_untersuchungen_1961,
	location = {Wiesbaden},
	title = {Untersuchungen zum Weiterleben hethitischen und luwischen Sprachgutes in hellenistischer und römischer Zeit Neumann, Günter},
	publisher = {Harrassowitz},
	author = {Neumann, Guenter},
	date = {1961}
}

@incollection{obrador-cursach_phrygian_2020,
	location = {Leiden},
	title = {The Phrygian Language},
	isbn = {978-90-04-41999-5},
	url = {https://brill.com/display/title/55093},
	booktitle = {The Phrygian Language},
	publisher = {Brill},
	author = {Obrador-Cursach, Bartomeu},
	urldate = {2024-04-02},
	date = {2020},
	langid = {english}
}

@book{rosol_fruhe_2013,
	location = {Frankfurt am Main},
	title = {Frühe semitische Lehnwörter im Griechischen},
	isbn = {978-3-631-62621-4},
	publisher = {{PL} Acad. Research},
	author = {Rosół, Rafał},
	date = {2013}
}

@article{schmitt_medisches_1967,
	title = {Medisches und persisches Sprachgut bei Herodot},
	volume = {117},
	url = {https://www.jstor.org/stable/43372247},
	pages = {119--145},
	number = {1},
	journaltitle = {Zeitschrift der Deutschen Morgenländischen Gesellschaft},
	author = {Schmitt, Rüdiger},
	urldate = {2024-04-02},
	date = {1967}
}

@book{sowa_studien_2008,
	location = {Göttingen},
	edition = {1. Aufl.},
	title = {Studien zum Phrygischen},
	isbn = {978-3-86727-815-7},
	publisher = {Cuvillier},
	author = {Sowa, Wojciech},
	date = {2008}
}

@book{hinz_altiranisches_1975,
	location = {Wiesbaden},
	title = {Altiranisches Sprachgut der Nebenüberlieferungen},
	isbn = {978-3-447-01703-9},
	series = {Göttinger Orientforschungen Iranica},
	publisher = {Harrassowitz},
	author = {Hinz, Walther 1906-1992},
	date = {1975}
}

@article{hemmerdinger_noms_1968,
	title = {Noms communs grecs d’origine égyptienne},
	volume = {46},
	url = {https://www.jstor.org/stable/40266061},
	pages = {238--247},
	number = {3},
	journaltitle = {Glotta},
	author = {Hemmerdinger, Bertrand},
	urldate = {2024-04-02},
	date = {1968}
}

@article{griffith_criteria_1997,
	title = {Criteria for Evaluating Hypothetical Egyptian Loan-Words in Greek: The Case of Αἴγυπτος},
	volume = {22},
	url = {https://www.jstor.org/stable/23065323},
	shorttitle = {Criteria for Evaluating Hypothetical Egyptian Loan-Words in Greek},
	pages = {1--6},
	journaltitle = {Illinois Classical Studies},
	author = {Griffith, R. Drew},
	urldate = {2024-04-02},
	date = {1997}
}

@article{fournet_emprunts_1989,
	title = {Les emprunts du grec à l'égyptien},
	volume = {{LXXXIV}, 1},
	url = {https://shs.hal.science/halshs-00001023},
	pages = {55--80},
	journaltitle = {Bulletin de la Société de Linguistique de Paris},
	author = {Fournet, Jean-Luc},
	urldate = {2024-04-02},
	date = {1989},
	langid = {english}
}

@book{ciancaglini_iranian_2008,
	location = {Wiesbaden},
	title = {Iranian loanwords in Syriac},
	isbn = {978-3-89500-624-1},
	series = {Beiträge zur Iranistik},
	publisher = {Reichert},
	author = {Ciancaglini, Claudia A.},
	date = {2008}
}

@book{chantraine_dictionnaire_1999,
	location = {Paris},
	title = {Dictionnaire étymologique de la langue grecque: histoire des mots},
	isbn = {978-2-252-03277-0},
	shorttitle = {Dictionnaire étymologique de la langue grecque},
	publisher = {Klincksieck},
	author = {Chantraine, Pierre},
	date = {1999},
	langid = {french}
}

@book{babos_uj_1865,
	location = {Pest},
	title = {Uj franczia–magyar és magyar–franczia szótár. A legjobb kútfők különösen Molé franczia szótára szerint szerkesztve. Harmadik tetemesen bővített és javított kiadás. Első kötet. Franczia–magyar rész. = Nouveau dictionnaire français–hongrois et hongrois–français d’après les meilleurs ouvrages publiées jusqu’à ce jour et spécialement d’après le dictionnaire français de Molé. Troisième édition revue et considérablement augmentée. Tome premier. Partie française–hongroise.},
	publisher = {Heckenast},
	author = {Babos, Kálmán},
	date = {1865}
}

@book{kasimi_linguistics_1983,
	location = {Leiden},
	edition = {Photomechanical reprint},
	title = {Linguistics and bilingual dictionaries},
	isbn = {978-90-04-07104-9},
	publisher = {Brill},
	author = {Kasimi, Ali M. al-},
	date = {1983}
}

@book{basrdosi_franciamagyar_2007,
	location = {Budapest},
	title = {Francia–magyar kéziszótár = Dictionnaire français–hongrois},
	isbn = {978-963-05-8547-7},
	publisher = {Akadémiai Kiadó},
	author = {Básrdosi, Vilmos and Szabó, Dávid},
	date = {2007}
}

@article{belleflamme_quels_2019,
	title = {Quels exemples (lexicographiques) pour le traducteur ?},
	volume = {64},
	url = {http://id.erudit.org/iderudit/1065326ar},
	doi = {10.7202/1065326ar}, pages = {3--19},
	number = {1},
	journaltitle = {Meta},
	shortjournal = {meta},
	author = {Belleflamme, Clémence},
	urldate = {2024-04-15},
	date = {2019-10-28}
}

@book{blinkenberg_dictionnaire_1984,
	location = {København},
	edition = {2},
	title = {Dictionnaire français-danois},
	volumes = {2},
	publisher = {Nyt Nordisk Forlag},
	author = {Blinkenberg, Andreas and Høybye, Poul},
	date = {1984}
}

@book{castellanos_i_llorenc_diccionari_2003,
	location = {Barcelona},
	title = {Diccionari francès-català},
	publisher = {Enciclopèdia Catalana},
	author = {Castellanos i Llorenç, Carles and Castellanos i Llorenç, Rafael},
	date = {2003}
}

@article{bray_bibliographie_2000,
	title = {Bibliographie des dictionnaires français–allemand et allemand–français de 1816 à 1899},
	volume = {76},
	pages = {167--189},
	number = {1},
	journaltitle = {Cahiers de lexicologie},
	author = {Bray, Laurent},
	date = {2000}
}

@collection{correard_oxford-hachette_2007,
	location = {Oxford ; Paris},
	edition = {4},
	title = {The Oxford-Hachette French dictionary: French-English, English-French},
	isbn = {978-0-19-861422-7},
	publisher = {Oxford University Press ; Hachette},
	editor = {Corréard, Marie-Hélène and Grundy, Valerie and Ormal-Grenon, Jean-Benoit and Rollin, Nicholas},
	date = {2007}
}

@book{eckhardt_franciamagyar_1953,
	location = {Budapest},
	title = {Francia–magyar szótár = Dictionnaire français–hongrois},
	publisher = {Akadémiai Kiadó},
	author = {Eckhardt, Sándor},
	date = {1953}
}

@book{eckhardt_franciamagyar_1999,
	location = {Budapest},
	title = {Francia–magyar nagyszótár = Grand dictionnaire français–hongrois},
	publisher = {Akadémiai Kiadó},
	author = {Eckhardt, Sándor and Oláh, Tibor},
	date = {1999}
}

@book{elligers_fransk_1995,
	location = {Oslo},
	title = {Fransk ordbok: fransk-norsk, norsk-fransk},
	series = {Blå ordbøker},
	publisher = {Kunnskapsforlaget},
	author = {Elligers, Anne and Reichborn-Kjennerud, Finn},
	date = {1995}
}

@book{jacobsen_stor_2014,
	location = {Oslo},
	title = {Stor fransk ordbok: fransk-norsk, norsk-fransk},
	publisher = {Fagbokforlaget},
	author = {Jacobsen, Tove},
	date = {2014}
}

@book{jezerniczky_impressions_1933,
	location = {Szeged},
	title = {Les impressions en français de Hongrie (1707–1848)},
	series = {Études françaises},
	number = {8},
	publisher = {Institut français de l’Université de Szeged},
	author = {Jezerniczky, Margit},
	date = {1933},
	url = {http://acta.bibl.u-szeged.hu/38815/1/francia_tanulmanyok_008.pdf}
}

@book{karpinska_english-latvian_2015,
	title = {English-Latvian Lexicographic Tradition: A Critical Analysis},
	isbn = {978-3-11-036987-8},
	shorttitle = {English-Latvian Lexicographic Tradition},
	publisher = {De Gruyter},
	author = {Karpinska, Laura},
	date = {2015},
	doi = {10.1515/9783110365764}
}

@incollection{jacobsen_examples_1991,
	title = {Examples in the bilingual dictionary},
	volume = {{III}.},
	pages = {2782--2789},
	booktitle = {Wörterbücher / Dictionaries / Dictionnaires: Ein internationales Handbuch zur Lexikographie / An International Encyclopedia of Lexicography / Encyclopédie internationale de lexicographie},
	publisher = {De Gruyter},
	author = {Jacobsen, Jane and Manley, James and Hjørnager Pedersen, Viggo},
	editor = {Hausmann, Franz Josef and Reichmann, Oskar and Wiegand, Herbert Ernst and Zgusta, Ladislav},
	date = {1991}
}

@book{kiss_francziamagyar_1844,
	location = {Pest},
	title = {Franczia–magyar és magyar–franczia zsebszótár. Első kötet. Franczia–magyar rész. = Nouveau dictionnaire de poche. Tome premier. Partie française.},
	publisher = {Heckenast},
	author = {Kiss, Mihály},
	date = {1844}
}

@book{magay_magyar_2011,
	location = {Budapest},
	title = {A magyar szótárirodalom bibliográfiája},
	series = {Lexikográfiai füzetek},
	number = {1},
	publisher = {Akadémiai Kiadó},
	author = {Magay, Tamás},
	date = {2011}
}

@article{piotrowski_examples_2000,
	title = {Examples: The Ragbag of Bilingual Lexicography?},
	volume = {16},
	doi = {10.1515/9783110244205.14},
	shorttitle = {Examples},
	pages = {14--24},
	journaltitle = {Lexicographica - International Annual for Lexicography / Internationales Jahrbuch für Lexikographie},
	author = {Piotrowski, Tadeusz},
	urldate = {2024-04-15},
	date = {2000-12-31}
}

@incollection{szabo_dictionnaires_2011,
	location = {Budapest},
	title = {Les dictionnaires hongrois–français et français–hongrois},
	series = {Lexikográfiai füzetek},
	pages = {79--91},
	number = {5},
	booktitle = {Hungarian Lexicography I: Bilingual Dictionaries},
	publisher = {Akadémiai Kiadó},
	author = {Szabó, Dávid},
	editor = {Fábián, Zsuzsanna},
	date = {2011}
}

@book{theisz_francziamagyar_1902,
	location = {Budapest},
	title = {Franczia–magyar és magyar–franczia szótár. I. Franczia–magyar rész. = Dictionnaire français–hongrois.},
	publisher = {Lampel},
	author = {Theisz, Gyula},
	date = {1902}
}

@book{svensen_handbook_2009,
	location = {Cambridge},
	title = {A Handbook of Lexicography : The Theory and Practice of Dictionary-Making},
	publisher = {Cambridge University Press},
	author = {Svensén, Bo},
	date = {2009}
}

@book{sauvageot_franciamagyar_1932,
	location = {Budapest},
	title = {Francia–magyar és magyar–francia nagy kéziszótár. Francia–magyar rész. = Dictionnaire général français–hongrois et hongrois–français. Première partie français–hongrois.},
	publisher = {Dante},
	author = {Sauvageot, Aurélien},
	date = {1932}
}

@book{sagi_magyar_1922,
	location = {Budapest},
	title = {A magyar szótárak és nyelvtanok könyvészete},
	publisher = {Magyar Nyelvtudományi Társaság},
	author = {Sági, István},
	date = {1922}
}

@article{perrot_soixante_1992,
	title = {Soixante ans après : encore « enfiler des mots »},
	volume = {4},
	pages = {93--97},
	journaltitle = {Cahiers d’études hongroises},
	author = {Perrot, Jean},
	date = {1992}
}

@book{pokorny_francziamagyar_1880,
	location = {Budapest},
	title = {A franczia–magyar és magyar–franczia nyelv szótára. Franczia–magyar szótár. = Dictionnaire français–hongrois et hongrois–français.},
	volumes = {3},
	publisher = {Rautmann},
	author = {Pokorny, Jenő Ármin},
	date = {1880}
}

@book{palfy_franciamagyar_1999,
	location = {Szeged},
	title = {Francia–magyar kéziszótár = Dictionnaire français–hongrois},
	publisher = {Grimm Kiadó},
	author = {Pálfy, Miklós},
	date = {1999}
}

@article{nielsen_example_2014,
	title = {Example Sentences in Bilingual Specialised Dictionaries Assisting Communication in a Foreign Language},
	volume = {24},
	url = {http://lexikos.journals.ac.za/pub/article/view/1259},
	doi = {10.5788/24-1-1259},
	pages = {198--213},
	number = {1},
	journaltitle = {Lexikos},
	shortjournal = {Lex},
	author = {Nielsen, Sandro},
	urldate = {2024-04-15},
	date = {2014-10-27}
}

@book{martonffy_teljes_1879,
	location = {Budapest},
	title = {Teljes franczia és magyar szótár. Első kötet : franczia–magyar rész. = Dictionnaire complet des langues françaises et hongroises. Tome premier : Partie française–hongroise.},
	publisher = {Franklin Társulat},
	author = {Mártonffy, Frigyes},
	date = {1879}
}

@book{marklund_sharapova_nes_2018,
	location = {Malmö},
	title = {{NE}:s stora franska ordbok: fransk-svensk, svensk-fransk},
	isbn = {978-91-88423-31-3},
	publisher = {{NE}, Nationalencyklopedin},
	author = {Marklund Sharapova, Elisabeth and Micaux, Wandrille},
	date = {2018}
}

@online{noauthor_korpus_nodate,
	title = {Korpus besedil slovenskih protestantskih piscev 16. stoletja},
	url = {https://fran.si/korpus16/},
	shorttitle = {Korpus 16}
}

@online{noauthor_biblijanet_nodate,
	title = {Biblija.net},
	url = {https://www.biblija.net/biblija.cgi?Bible=Bible&l=sl.}
}

@incollection{gordon_denominational_2012,
	location = {Newcastle upon Tyne},
	title = {Denominational Differences in the Romanian Rendering of Greek and Latin-Origin Proper Names in Ecclesiastical Literature: A Translation Theory Perspective},
	isbn = {978-1-4438-3807-8},
	shorttitle = {Name and Naming},
	pages = {2--9},
	booktitle = {Name and Naming: Synchronic and Diachronic Perspectives.},
	publisher = {Cambridge Scholars Pub.},
	author = {Gordon, Octavian and Felecan},
	date = {2012}
}

@incollection{casanova_adaptation_2012,
	location = {Newcastle upon Tyne},
	title = {On the Adaptation of Names of Romance Origin (Spanish, French, Occitan, Italian) into Valencian Catalan},
	isbn = {978-1-4438-3807-8},
	shorttitle = {Name and Naming},
	pages = {65--73},
	booktitle = {Name and Naming: Synchronic and Diachronic Perspectives.},
	publisher = {Cambridge Scholars Pub.},
	author = {Casanova, Emili},
	editor = {Felecan, Oliviu},
	date = {2012}
}

@incollection{ahacic_nekaj_2011,
	location = {Ljubljana},
	title = {Nekaj vidikov umeščanja slovenščine v evropski jezikovni prostor 16. stoletja: od uporabnosti slovenskega jezika do latinskih tujk},
	pages = {109--122},
	booktitle = {Jeziki, identitete, pripadnosti med središči in obrobji: v počastitev 500. obletnice rojstva Primoža Trubarja},
	publisher = {Založba {ZRC}, Inštitut za kulturno zgodovino {ZRC} {SAZU}},
	author = {Ahačič, Kozma},
	editor = {Ahačič, Kozma and Testen, Petra},
	date = {2011}
}

@article{vermes_proper_2003,
	title = {Proper Names in Translation: An Explanatory Attempt},
	volume = {4},
	pages = {89--108},
	number = {1},
	journaltitle = {Across Languages and Cultures},
	author = {Vermes, Albert Péter},
	date = {2003}
}

@article{legan_ravnikar_znacilnosti_2012,
	title = {Značilnosti sprejemanja besed iz nemščine v knjižno slovenščino 16. stoletja},
	volume = {18},
	pages = {131--148},
	number = {2},
	journaltitle = {Jezikoslovni zapiski},
	author = {Legan Ravnikar, Andreja},
	date = {2012}
}

@book{striedter-temps_deutsche_1963,
	location = {Berlin},
	title = {Deutsche Lehnwörter im Slovenischen},
	publisher = {Osteuropa-Institut},
	author = {Striedter-Temps, Hildegard},
	date = {1963}
}

@article{schlucker_morphosyntax_2017,
	title = {The morphosyntax of proper names: An overview},
	volume = {51},
	doi = {10.1515/flin-2017-0011},
	shorttitle = {The morphosyntax of proper names},
	pages = {309--339},
	number = {2},
	journaltitle = {Folia Linguistica},
	author = {Schlücker, Barbara and Ackermann, Tanja},
	urldate = {2024-04-23},
	date = {2017-01-26}
}

@article{sekli_relativna_2020,
	title = {Relativna in absolutna kronologija (bavarsko)staro- in ‑srednjevisokonemških izposojenk v slovenščini},
	volume = {26},
	url = {https://ojs.zrc-sazu.si/jz/article/view/8557},
	doi = {10.3986/Jz.26.1.1},
	pages = {7--25},
	number = {1},
	journaltitle = {Jezikoslovni zapiski},
	shortjournal = {{JZ}},
	author = {Šekli, Matej},
	urldate = {2024-04-23},
	date = {2020-04-04}
}

@incollection{ainiala_names_2017,
	location = {Amsterdam},
	title = {Names in contact: Linguistic and social factors affecting exonyms and translated names},
	isbn = {978-90-272-5680-5 978-90-272-6569-2},
	url = {https://benjamins.com/catalog/pbns.275.05rau},
	shorttitle = {Chapter 5. Names in contact},
	pages = {94--125},
	booktitle = {Socio-onomastics: The pragmatics of names},
	publisher = {John Benjamins Publishing Company},
	author = {Raukko, Jarno},
	editor = {Ainiala, Terhi and Östman, Jan-Ola},
	urldate = {2024-04-23},
	date = {2017-06-01},
	langid = {english},
	doi = {10.1075/pbns.275.05rau}
}

@book{pogorelec_zgodovina_2011,
	location = {Ljubljana},
	title = {Zgodovina slovenskega knjižnega jezika: jezikoslovni spisi I},
	isbn = {978-961-254-279-5 978-961-254-280-1},
	series = {Lingua Slovenica fontes},
	shorttitle = {Zgodovina slovenskega knjižnega jezika},
	publisher = {{ZRC} ; {ZRC} {SAZU}},
	author = {Pogorelec, Breda},
	editor = {Ahačič, Kozma},
	date = {2011}
}

@incollection{goebl_language_1996,
	location = {Berlin ; New York},
	title = {Language contact and onomastics},
	volume = {1},
	isbn = {978-3-11-013264-9},
	series = {Handbücher zur Sprach- und Kommunikationswissenschaft ; Handbooks of linguistics and communication science = Manuels de linguistique et des sciences de communication},
	shorttitle = {Kontaktlinguistik},
	pages = {549--554},
	number = {Bd. 12.1 =},
	booktitle = {Kontaktlinguistik: ein internationales Handbuch zeitgenössischer Forschung},
	publisher = {Walter de Gruyter},
	author = {Nicolaisen, Wilhelm F. H.},
	editor = {Goebl, Hans and Nelde, Peter H. and Starý, Zdeněk and Wölck, Wolfgang},
	date = {1996}
}

@book{mikhailov_fruhslowenische_1998,
	location = {Amsterdam, Atlanta ({GA})},
	title = {Frühslowenische Sprachdenkmäler: die handschriftlische Periode der slowenischen Sprache ({XIV}. Jh bis 1550)},
	isbn = {978-90-420-0722-2},
	publisher = {Rodopi},
	author = {Mikhailov, Nikolai},
	date = {1998}
}

@misc{magocsi_historical_1993,
	location = {Toronto},
	title = {Historical atlas of East Central Europe},
	isbn = {978-0-8020-0607-3},
	publisher = {University of Toronto Press},
	editora = {Magocsi, Paul R. and Matthews, Geoffrey J.},
	editoratype = {collaborator},
	date = {1993}
}

@book{langendonck_theory_2007,
	location = {Berlin ; New York},
	title = {Theory and typology of proper names},
	isbn = {978-3-11-019086-1},
	series = {Trends in linguistics},
	number = {168},
	publisher = {Mouton de Gruyter},
	author = {Langendonck, Willy van},
	date = {2007}
}

@book{krasovec_transformation_2010,
	location = {New York, London},
	title = {The transformation of biblical proper names},
	isbn = {978-0-567-42990-2},
	series = {T \& T Clark library of biblical studies},
	publisher = {T \& T Clark},
	author = {Krašovec, Jože},
	date = {2010}
}

@incollection{krasovec_proper_2006,
	location = {Paderborn},
	title = {Proper names in translations of the Bible and interdependence of the use of their forms},
	isbn = {978-3-506-75714-2},
	series = {Biblia slavica Serie 4, Südslavische Bibeln},
	pages = {327--368},
	number = {3,2},
	booktitle = {Matthäus-Evangelium (1555), Paulus, Römerbrief (1560), Paulus-Briefe (1561, 1567), Psalter (1566), Neues Testament (1581 - 1582), Jesus Sirach (1575), Pentateuch (1578), Proverbia (1580). Kommentare},
	publisher = {Schöningh},
	author = {Krašovec, Jože},
	editor = {Krašovec, Jože and Merše, Majda and Rothe, Hans},
	date = {2006}
}

@incollection{jesensek_prikaz_2020,
	title = {Prikaz pisne in glasovne variantnosti iztočnic v {SSKJ}16},
	isbn = {978-961-286-365-4},
	url = {https://press.um.si/index.php/ump/catalog/book/487},
	shorttitle = {Slovensko jezikoslovje, književnost in poučevanje slovenščine},
	pages = {287--308},
	booktitle = {Slovensko jezikoslovje, književnost in poučevanje slovenščine: Slovar slovenskega knjižnega jezika 16. stoletja. Veliki madžarsko-slovenski spletni slovar},
	publisher = {University of Maribor Press},
	author = {Jelovšek, Alenka},
	editor = {Jesenšek, Marko},
	urldate = {2024-04-23},
	date = {2020},
	doi = {10.18690/978-961-286-365-4}
}

@incollection{greule_slowenien_2012,
	location = {Berlin ; Boston},
	title = {Slowenien},
	isbn = {978-3-11-019337-4},
	shorttitle = {Kanzleisprachenforschung},
	pages = {589--598},
	booktitle = {Kanzleisprachenforschung: ein internationales Handbuch},
	publisher = {De Gruyter},
	author = {Javor Briški, Marija},
	editor = {Greule, Albrecht and Meier, Jörg and Ziegler, Arne and Glantschnig, Melanie and Reichsöllner, Jakob and Scherr, Elisabeth},
	date = {2012}
}

@incollection{dolgan_jezikovna_1986,
	location = {Ljubljana},
	title = {Jezikovna in pisna adaptacija imen v slovenskih besedilih 16. stoletja},
	isbn = {978-86-7131-006-2},
	pages = {69--75},
	booktitle = {Družbena in kulturna podoba slovenske reformacije},
	publisher = {Slovenska akademija znanosti in umetnosti},
	author = {Jakopin, Franc},
	editor = {Dolgan, Marjan and Dolinar, Darko},
	date = {1986}
}

@incollection{hermans_translating_2015,
	location = {London, {UK} ; New York, {NY}},
	title = {On Translating Proper Names, with reference to De Witte and Max Havelaar},
	isbn = {978-1-4742-4146-5},
	series = {Bloomsbury academic collections. History: European history.},
	shorttitle = {Modern Dutch studies},
	pages = {11--24},
	booktitle = {Modern Dutch studies: essays in honour of Professor Peter King on the occasion of his retirement},
	publisher = {Bloomsbury Academic},
	author = {Hermans, Theo},
	editor = {Wintle, Michael J. and Vincent, Paul},
	date = {2015}
}

@article{cooper_primoz_1985,
	title = {Primoz Trubar and Slovene Literature of the Sixteenth Century},
	volume = {7},
	pages = {35--50},
	number = {1},
	journaltitle = {Slovene Studies},
	author = {Cooper, H. R.},
	date = {1985}
}

@book{ahacic_history_2012,
	location = {Frankfurt am Main etc.},
	title = {The history of linguistic thought and language use in 16th century Slovenia},
	publisher = {P. Lang},
	author = {Ahačič, Kozma},
	date = {2012}
}

@book{klasic_vocabula_1760,
	location = {Dubrovnik, Ragusa},
	title = {Vocabula italico-illyrica (manuscrit)},
	author = {Klašić, Mato},
	date = {1760}
}

@incollection{cekinic_vocabolario_1745,
	location = {Dubrovnik, Ragusa},
	title = {Vocabolario italiano-illirico raccolto da P. Lorenzo da Ragusa Min. Osserv. di S. Francesco, detto Zecchinich},
	booktitle = {Razlika skladanja slovinska},
	author = {Cekinić, Lovro},
	date = {1745}
}

@incollection{matijasevic_talijansko-hrvatsko-ruski_1751,
	location = {Dubrovnik, Ragusa},
	title = {Talijansko-hrvatsko-ruski rječnik / Dizionario italiano-slavo-moscovitico (manuscrit)},
	booktitle = {Popjevke slovinske},
	author = {Matijašević, Ivan Marija},
	date = {1751}
}

@book{noauthor_razlika_nodate,
	location = {Dubrovnik, Ragusa},
	title = {Razlika skladanja slovinska (manuscrit)}
}

@incollection{matijasevic_matijasevic_1715,
	location = {Dubrovnik, Ragusa},
	title = {Matijašević, Đuro, Dictionarium Latino-Illiricum (manuscrit)},
	booktitle = {Razlika skladanja slovinska},
	author = {Matijašević, Đuro},
	date = {1715}
}

@book{noauthor_dictionnaire_nodate,
	location = {Dubrovnik, Ragusa},
	title = {Dictionnaire anonyme (manuscrit)}
}

@book{vladimir_bartol_1990,
	location = {Zagreb},
	title = {Bartol Kašić: Hrvatsko-talijanski rječnik s konverzacijskim priručnikom (préparé d’après le manuscrit no 194)},
	publisher = {Kršćanska sadašnjost, Zavod za jezik},
	author = {Vladimir, Horvat},
	date = {1990}
}

@article{galisson_cultures_1988,
	title = {Cultures et lexicultures. Pour une approche dictionnairique de la culture partagée},
	volume = {7},
	doi = {10.3406/cehm.1988.2133},
	pages = {325--341},
	journaltitle = {Annexes des Cahiers de linguistique hispanique médiévale},
	author = {Galisson, Robert},
	date = {1988}
}

@book{rey_lartisanat_2008,
	location = {Paris},
	title = {De l’artisanat du dictionnaire à une science du mot},
	publisher = {Armand Colin},
	author = {Rey, Alain},
	date = {2008}
}

@book{zgusta_manual_1971,
	location = {Berlin, New York},
	title = {Manual of lexicography},
	publisher = {De Gruyter Mouton},
	author = {Zgusta, Ladislav},
	date = {1971}
}

@incollection{voncina_hrvatski_2003,
	location = {Zagreb},
	title = {Hrvatski rječnici},
	volume = {{III}},
	pages = {461--472},
	booktitle = {Hrvatska i Europa, kultura, znanost i umjetnost},
	publisher = {{HAZU}},
	author = {Vončina, Josip},
	date = {2003}
}

@article{voncina_jakov_1992,
	title = {Jakov Mikalja u povijesti hrvatskoga književnog jezika},
	volume = {4},
	pages = {59--66},
	number = {2},
	journaltitle = {Fluminensia},
	author = {Vončina, Josip},
	date = {1992},
	note = {\biberror{Number: 2}}
}

@article{vaxelaire_nom_2005,
	title = {Nom propre et lexicographie française},
	volume = {{HS}-2},
	doi = {10.4000/corela.1239},
	journaltitle = {Corela},
	author = {Vaxelaire, Jean Louis},
	urldate = {2021-04-02},
	date = {2005}
}

@book{vajs_hrvatska_2003,
	location = {Zagreb},
	title = {Hrvatska povijesna fitonimija},
	publisher = {Institut za hrvatski jezik i jezikoslovlje},
	author = {Vajs, Nada},
	date = {2003}
}

@article{sironic_bonefacic_ardelio_1992,
	title = {Ardelio Della Bella i prvo izdanje njegova trojezičnog rječnika iz 1728. godine},
	volume = {446},
	pages = {1--69},
	journaltitle = {Rad {HAZU}},
	author = {Sironić Bonefačić, Nives},
	date = {1992}
}

@incollection{samardzija_hrvatski_2013,
	location = {Zagreb},
	title = {Hrvatski leksik i leksikografija u 17. i 18. stoljeću},
	volume = {3},
	pages = {429--461},
	booktitle = {Povijest hrvatskoga jezika. 17. i 18. stoljeće},
	publisher = {Croatica},
	author = {Samardžija, Marko},
	date = {2013}
}

@incollection{rey_pont_2007,
	location = {Capitolo-Monopoli, Fasano},
	title = {Le pont interculturel},
	pages = {7--21},
	booktitle = {L’Architecture du dictionnaire bilingue et le métier du lexicographe. Actes des premières Journées Italiennes des Dictionnaires},
	publisher = {Schena},
	author = {Rey, Alain},
	date = {2007}
}

@article{putanec_prilozi_2000,
	title = {Prilozi za proučavanje povijesti hrvatske leksikografije i standarda u 16. i 17. stoljeću},
	volume = {26},
	pages = {215--243},
	number = {1},
	journaltitle = {Rasprave. Časopis Instituta za hrvatski jezik i jezikoslovlje},
	author = {Putanec, Valentin},
	date = {2000},
	note = {\biberror{Number: 1}}
}

@article{mestrovic_blago_1995,
	title = {Blago jezika slovinskoga Jakova Mikalje – jedan od leksikografskih izvora za Lexicon latino-illyricum Pavla Vitezovića},
	volume = {21},
	pages = {139--155},
	journaltitle = {Rasprave Zavoda za hrvatski jezik},
	author = {Meštrović, Zrnka and Vajs, Nada},
	date = {1995}
}

@book{lovric_jovic_o_2014,
	location = {Zagreb},
	title = {O starome dubrovačkom govoru nazbilj},
	publisher = {Institut za hrvatski jezik i jezikoslovlje},
	author = {Lovrić Jović, Ivana},
	date = {2014}
}

@book{landau_dictionaries_2001-1,
	edition = {2nd edition},
	title = {Dictionaries. The Art and Craft of Lexicography},
	publisher = {Cambridge University Press},
	author = {Landau, Sidney I.},
	date = {2001}
}

@book{katicic_povijest_2013,
	location = {Zagreb},
	title = {Povijest hrvatskoga jezika. 3. knjiga : 17. i 18. stoljeće},
	volume = {3},
	publisher = {Društvo za promicanje hrvatske kulture i znanosti Croatica},
	author = {Katičić, Radoslav and {et alii}},
	date = {2013}
}

@article{katicic_gramatika_1981,
	title = {Gramatika Bartola Kašića},
	volume = {20},
	pages = {5--129},
	journaltitle = {Rad {JAZU}},
	author = {Katičić, Radoslav},
	date = {1981}
}

@book{gabric_bagaric_na_2010,
	location = {Zagreb},
	title = {Na ishodištu hrvatske leksikografije},
	publisher = {Institut za hrvatski jezik i jezikoslovlje},
	author = {Gabrić Bagarić, Darija},
	date = {2010}
}

@article{gabric_bagaric_blago_2002,
	title = {Blago jezika slovinskoga J. Mikalje – ishodište hrvatske leksikografije},
	volume = {7-9},
	pages = {1069--1077},
	journaltitle = {Forum},
	author = {Gabrić Bagarić, Darija},
	date = {2002}
}

@article{gabric_bagaric_leksicki_1999,
	title = {Leksički raguzeizmi u rukopisnom prijevodu Biblije Bartola Kašića},
	volume = {1-2},
	pages = {21--38},
	journaltitle = {Dubrovnik},
	author = {Gabrić Bagarić, Darija},
	date = {1999}
}

@article{gabric_bagaric_nazivi_1998,
	title = {Nazivi bolesti u rječniku „Blago jezika slovinskoga“ (1651.) Jakova Mikalje},
	volume = {32},
	pages = {81--90},
	journaltitle = {Radovi Zavoda za slavensku filologiju},
	author = {Gabrić Bagarić, Darija},
	date = {1998}
}

@article{tallarico_apports_2013,
	title = {Les apports de la lexicographie bilingue à l’interculturel},
	volume = {170},
	doi = {10.3917/ela.170.0139},
	pages = {139--152},
	journaltitle = {{ELA}. Études de linguistique appliquée},
	author = {Tallarico, Giovanni},
	date = {2013}
}

@book{samardzija_hrvatska_2019,
	location = {Zagreb},
	title = {Hrvatska leksikografija. Od početaka do kraja {XX}. stoljeća},
	publisher = {Matica hrvatska},
	author = {Samardžija, Marko},
	date = {2019}
}

@incollection{rey_divergences_1991,
	location = {Berlin, New York},
	title = {Divergences culturelles et dictionnaire bilingue},
	pages = {2865--2870},
	booktitle = {Wörterbücher, Dictionaries, Dictionnaires. An International Encyclopedia of Lexicography, Third Volume},
	publisher = {Walter de Gruyter},
	author = {Rey, Alain},
	date = {1991}
}

@article{putanec_tekstoloska_1991,
	title = {Tekstološka analiza rukopisnoga Hrvatsko-talijanskoga rječnika Rkp. 194 (Franjevački samostan u Dubrovniku)},
	volume = {17},
	pages = {153--209},
	journaltitle = {Rasprave Zavoda za jezik},
	author = {Putanec, Valentin},
	date = {1991}
}

@book{pruvost_dictionnaires_2021,
	location = {Paris},
	edition = {Nouvelle édition actualisée},
	title = {Les dictionnaires français, outils d’une langue et d’une culture},
	publisher = {Ophrys},
	author = {Pruvost, Jean},
	date = {2021}
}

@article{murano_noms_2013,
	title = {Les noms propres dans le Grand dictionnaire français-italien, italien-français de Constanzo Ferrari et Joseph Caccia},
	volume = {170},
	pages = {179--192},
	number = {2},
	journaltitle = {{ELA}. Études de linguistique appliquée},
	author = {Murano, Michela},
	date = {2013},
	note = {\biberror{Number: 2}}
}

@article{muljacic_moze_2001,
	title = {Može li se sredinom 17. stoljeća govoriti o istosti „dubrovačkog“ i „bosanskog“ jezika?},
	volume = {2},
	pages = {133--148},
	journaltitle = {Dubrovnik},
	author = {Muljačić, Žarko},
	date = {2001}
}

@article{mestrovic_onimijska_1994,
	title = {Onimijska komponenta jednojezičnog rječnika},
	volume = {22-23},
	pages = {169--174},
	journaltitle = {Filologija},
	author = {Meštrović, Zrnka},
	date = {1994}
}

@incollection{horvat_bartol_1990,
	location = {Zagreb},
	title = {Bartol Kašić kao leksikograf: autor Konverzacijskog priručnika (1595) i Hrvatsko-talijanskog rječnika (1599)},
	pages = {V--XXII},
	booktitle = {Bartol Kašić, Hrvatsko-talijanski rječnik},
	publisher = {Kršćanska sadašnjost, Zavod za jezik},
	author = {Horvat, Vladimir},
	date = {1990}
}

@article{gabric_bagaric_dijalektna_2000,
	title = {Dijalektna podloga rječnika Blago jezika slovinskoga (1649.–1651.) Jakova Mikalje},
	volume = {26},
	pages = {45--58},
	journaltitle = {Rasprave Instituta za hrvatski jezik i jezikoslovlje},
	author = {Gabrić Bagarić, Darija},
	date = {2000}
}

@article{furno_qui_2003,
	title = {Qui et Que dans le Dictionnaire françois-latin de Robert Estienne},
	volume = {139},
	pages = {28--46},
	journaltitle = {Langue française},
	author = {Furno, Martine},
	date = {2003}
}

@incollection{frey_structures_2007,
	location = {Paris},
	edition = {Éditions des Archives contemporaines},
	title = {Les structures lexicographiques dans les dictionnaires francophones, une rencontre symbolique des mots et des cultures},
	pages = {197--210},
	booktitle = {Actes du colloque Penser la francophonie : concepts, actions et outils linguistiques,  Ouagadougou (Burkina Faso), du 31 mai au 1er juin 2004},
	publisher = {{AUF}},
	author = {Frey, Claude},
	date = {2007}
}

@article{franic_fra_2008,
	title = {Fra Lovro Cekinić (1692-1752)},
	volume = {46},
	pages = {125--136},
	journaltitle = {Anali Dubrovnik},
	author = {Franić, Ivana},
	date = {2008}
}

@article{deanovic_talijansko-hrvatsko-ruski_1951,
	title = {Talijansko-hrvatsko-ruski rječnik iz godine 1751 / Un Dizionarietto italiano-slavo-moscovitico del 1751, Zagreb},
	volume = {I},
	pages = {567--612},
	journaltitle = {Zbornik radova Filozofskog fakulteta u Zagrebu},
	author = {Deanović, Mirko},
	date = {1951}
}

@article{bogisic_jos_1992,
	title = {Još jedan rukopisni kodeks o. Lovre Cekinića (1694.–1752.)},
	volume = {{XXX}},
	pages = {93--98},
	journaltitle = {Anali Zavoda za povijesne znanosti {HAZU} u Dubrovniku},
	author = {Bogišić, Rafo},
	date = {1992}
}

@article{gabric_bagaric_kasiceva_1996,
	title = {Kašićeva rukopisna Biblija i Blago jezika slovinskoga (1651.) Jakova Mikalje},
	volume = {22},
	pages = {27--34},
	journaltitle = {Rasprave Instituta za hrvatski jezik i jezikoslovlje},
	author = {Gabrić Bagarić, Darija},
	date = {1996}
}

@book{franic_tragovima_2014,
	location = {Zagreb},
	title = {Tragovima hrvatskih rječnika. Dubrovački Dictionarium Latino-Illiricum (1715 – 1716) Đure Matijaševića},
	publisher = {{FF} Press},
	author = {Franić, Ivana},
	date = {2014}
}

@article{franic_rukopisni_2007,
	title = {Rukopisni Vocabolario italiano-illirico ({\textasciitilde}1745) fra Lovre Cekinića},
	volume = {33},
	pages = {91--105},
	journaltitle = {Rasprave Instituta za hrvatski jezik i jezikoslovlje},
	author = {Franić, Ivana},
	date = {2007}
}

@article{dubois_dictionnaire_1970,
	title = {Dictionnaire et discours didactique},
	volume = {5},
	url = {https://www.persee.fr/doc/lgge_0458-726x_1970_num_5_19_2590},
	doi = {10.3406/lgge.1970.2590},
	pages = {35--47},
	journaltitle = {Langages},
	author = {Dubois, Jean},
	date = {1970}
}

@article{deanovic_dnevnik_1952,
	title = {Dnevnik Iva M. Matijaševića},
	volume = {1},
	pages = {279--330},
	journaltitle = {Anali Historijskoga instituta {JAZU}},
	author = {Deanović, Mirko},
	date = {1952}
}

@book{collignon_dictionnaires_1978,
	location = {Paris},
	title = {Les dictionnaires. Initiation à la lexicographie},
	publisher = {{CEDIC}},
	author = {Collignon, Lucien and Glatigny, Michel},
	date = {1978}
}

@book{brlek_rukopisi_1952,
	location = {Zagreb},
	title = {Rukopisi Knjižnice Male braće u Dubrovniku},
	publisher = {{JAZU}},
	author = {Brlek, Mijo Ivan},
	date = {1952}
}

@book{appendini_notizie_1802,
	location = {Ragusa},
	title = {Notizie istorico-critiche sulle antichità, storia e letteratura de’ Ragusei},
	volume = {I-{II}},
	author = {Appendini, Francesco Maria},
	date = {1802}
}

@online{brewer_sir_nodate,
	title = {Sir Walter Scott’},
	url = {https://oed.hertford.ox.ac.uk/quotations/outline/top-sources/#walter-scott},
	titleaddon = {Top Sources in {OED}1:},
	author = {Brewer, Charlotte},
	urldate = {2022-11-22}
}

@book{brewer_treasure-house_2007,
	location = {London and New York},
	title = {Treasure-House of the Language: the Living {OED}},
	publisher = {Yale University Press},
	author = {Brewer, Charlotte},
	date = {2007}
}

@article{brewer_happy_2012,
	title = {Happy Copiousness? {OED}’s Recording of Female Authors of the Eighteenth Century},
	pages = {86--117},
	number = {63},
	journaltitle = {Review of English Studies},
	author = {Brewer, Charlotte},
	date = {2012}
}

@book{noauthor_chapter_nodate,
	title = {Chapter Books of Corpus Christi College, Cambridge},
	volume = {8 (1884-1905)},
	url = {https://www.corpus.cam.ac.uk/sites/default/files/downloads/chapter_book_8.pdf}
}

@book{ford_compositors_1854,
	location = {London},
	title = {The Compositor’s Handbook: Designed as a Guide in the Composing Room},
	publisher = {Simpkin, Marshall, and Co},
	author = {Ford, Thomas},
	date = {1854}
}

@book{gulliver_making_2016,
	location = {Oxford},
	title = {The Making of the Oxford English Dictionary},
	publisher = {Oxford University Press},
	author = {Gulliver, Peter},
	date = {2016}
}

@book{graham_compositors_1848,
	location = {Glasgow},
	title = {The Compositor’s Text Book: or, Instructions in the Elements of the Art of Printing},
	publisher = {Richard Griffin},
	author = {Graham, John},
	date = {1848}
}

@book{huxley_manual_1871,
	location = {London and New York},
	title = {A Manual of the Anatomy of Vertebrated Animals},
	publisher = {J. and A. Churchill},
	author = {Huxley, Thomas},
	date = {1871}
}

@incollection{luna_not_2004,
	location = {Lorient, France},
	title = {Not just a pretty face: the contribution of typography to lexicography},
	url = {https://euralex.org/wp-content/themes/euralex/proceedings/Euralex%202004/092_2004_V3_Paul%20LUNA_Not%20just%20a%20pretty%20face_the%20contribution%20of%20typography%20to%20lexicography.pdf},
	pages = {847--858},
	booktitle = {Proceedings of the 11th {EURALEX} International Congress, 6-10 July 2004},
	author = {Luna, Paul},
	editor = {Williams, Geoffrey and Vessier, Sandra},
	date = {2004}
}

@book{lillis_sociolinguistics_2013,
	location = {Edinburgh},
	title = {The Sociolinguistics of Writing},
	publisher = {Edinburgh University Press},
	author = {Lillis, Theresa},
	date = {2013}
}

@book{lynch_you_2016,
	location = {London},
	title = {You Could Look It Up: The Reference Shelf from Ancient Babylon to Wikipedia},
	publisher = {Bloomsbury},
	author = {Lynch, Jack},
	date = {2016}
}

@book{mugglestone_lost_2005,
	location = {London and New York},
	title = {Lost for Words. The Hidden History of the Oxford English Dictionary},
	publisher = {Yale University Press},
	author = {Mugglestone, Lynda},
	date = {2005}
}

@article{mugglestone_decent_2007,
	title = {Decent Reticence’: Coarseness, Contraception, and the First Edition of the {OED}},
	pages = {1--22},
	journaltitle = {Dictionaries: Journal of the Dictionary Society of North America},
	author = {Mugglestone, Lynda},
	date = {2007}
}

@article{murray_presidents_1880,
	title = {The President’s Annual Address for 1880},
	pages = {117--176},
	number = {18},
	journaltitle = {Transactions of the Philological Society},
	author = {Murray, James A. H.},
	date = {1880-01}
}

@article{murray_thirteenth_1884,
	title = {Thirteenth Address of the President to the Philological Society: Delivered at the Anniversary Meeting, Friday 16th May, 1884},
	pages = {501--31},
	number = {19},
	journaltitle = {Transactions of the Philological Society},
	author = {Murray, James A. H.},
	date = {1884}
}

@incollection{murray_preface_1881,
	location = {Oxford},
	title = {Preface to Volume I},
	volume = {I: A-B.},
	booktitle = {A New English Dictionary on Historical Principles},
	publisher = {Clarendon Press},
	author = {Murray, James A. H.},
	date = {1881}
}

@book{murray_evolution_1900,
	location = {Oxford},
	title = {The Evolution of English Lexicography},
	publisher = {Clarendon Press},
	author = {Murray, James A. H.},
	date = {1900}
}

@collection{murray_new_1884,
	location = {Oxford},
	title = {A New English Dictionary on Historical Principles},
	volumes = {10},
	publisher = {Clarendon Press},
	editor = {Murray, James A. H. and Bradley, Henri and Craigie, William and Onions, Charles},
	date = {1884}
}

@book{murray_caught_1977,
	location = {New Haven and London},
	title = {Caught in the Web of Words. James A. H. Murray and the Oxford English Dictionary},
	publisher = {Yale University Press},
	author = {Murray, K. M. Elizabeth},
	date = {1977}
}

@article{rees_helping_2019,
	edition = {25th September},
	title = {Helping the {OED} to turn over a new fig leaf},
	url = {https://www.timeshighereducation.com/opinion/helping-oed-turn-over-new-fig-leaf},
	journaltitle = {Times Higher Education},
	author = {Rees, Emma and Stedall, Ellie},
	urldate = {2022-11-21},
	date = {2019}
}

@incollection{rundell_automating_2011,
	location = {Amsterdam},
	title = {Automating the creation of dictionaries: where will it all end?},
	booktitle = {A Taste for Corpora: In Honour of Sylviane Granger},
	publisher = {John Benjamins},
	author = {Rundell, Michael and Kilgarriff, Adam},
	editor = {Meunier, Fanny and de Cock, Sylvie and Gilquin, Gaëtanelle and Paquot, Magali},
	date = {2011}
}

@collection{simpson_oxford_1989,
	location = {Oxford},
	edition = {2nd},
	title = {The Oxford English dictionary},
	volumes = {20},
	publisher = {Clarendon Press},
	editor = {Simpson, John and Weiner, Edmund},
	date = {1989}
}

@article{strzyzynska_advance_2021,
	edition = {20th August},
	title = {Advance copies of Sally Rooney’s Unpublished Book sold for Hundreds of Dollars},
	journaltitle = {Guardian},
	author = {Strzyżyńska, Weronika},
	date = {2021}
}

@book{sullivan_work_2013,
	location = {Cambridge, {MA}},
	title = {The Work of Revision},
	publisher = {Harvard University Press},
	author = {Sullivan, Hannah},
	date = {2013}
}

@book{trench_deficiencies_1857,
	location = {London},
	title = {On Some Deficiencies in our English Dictionaries},
	publisher = {John W. Parker and Sons},
	author = {Trench, Richard Chenevix},
	date = {1857}
}

@thesis{jajdelski_michal_2000,
	title = {Michał Wiszniewski’s Słownik angielsko-polski (1854): The Scholar and the Dictionary He Made},
	institution = {Wrocław University},
	type = {phdthesis},
	author = {Jajdelski, Wojciech},
	date = {2000}
}

@article{crook_auden_1990,
	title = {Auden on the Record.},
	url = {https://audensociety.org/06newsletter.html},
	number = {6},
	journaltitle = {he W. H. Auden Society Newsletter},
	author = {Crook, Stephen},
	date = {1990}
}

@incollection{trotter_death_2011,
	location = {Berlin},
	title = {Death, Taxes and Property: Some Code-Switching Evidence from Dover, Southampton, and York},
	pages = {155--89},
	booktitle = {Code-Switching in Early English},
	publisher = {De Gruyter Mouton},
	author = {Trotter, David},
	editor = {Schendl, Herbert and Wright, Laura},
	date = {2011}
}

@book{samuels_linguistic_nodate,
	location = {Cambridge},
	title = {Linguistic Evolution: With Special Reference to English},
	publisher = {Cambridge University Press},
	author = {Samuels, Michael Louis}
}

@incollection{wright_introduction_2020,
	location = {Berlin},
	title = {Introduction},
	pages = {3--15},
	booktitle = {The Multilingual Origins of Standard English},
	publisher = {De Gruyter Mouton},
	author = {Wright, Laura},
	editor = {Wright, Laura},
	date = {2020}
}

@thesis{eusebi_contributo_2013,
	title = {Contributo dell’italiano alla formazione del lessico architettonico rinascimentale inglese},
	institution = {Università di Trento},
	type = {phdthesis},
	author = {Eusebi, Cristina},
	date = {2013}
}

@online{noauthor_historical_nodate,
	title = {Historical Thesaurus of the Oxford English Dictionary},
	url = {https://www.oed.com/thesaurus/start}
}
