@book{abbi:2013,
	author = {Abbi, Anvita},
	year = {2013},
	title = {A grammar of the {Great Andamanese} language: {An} ethnolinguistic study},
	publisher = {Brill},
	address = {Leiden}}

@incollection{abbott:1991,
	author = {Abbott, Miriam},
	year = {1991},
	title = {Macushi},
	editor = {Derbyshire, Desmond C. and Pullum, Geoffrey K.},
	booktitle = {Handbook of {Amazonian} languages},
	volume = {3},
	pages = {23--160},
	publisher = {Mouton de Gruyter},
	address = {Berlin}}

@phdthesis{abdel-hafiz:1988,
	author = {Abdel-Hafiz, Ahmed S.},
	year = {1988},
	title = {A reference grammar of {Kunuz Nubian}},
	school = {State University of New York},
	address = {New York}}

@book{abu-chacra:2007,
	author = {Abu-Chacra, Faruq},
	year = {2007},
	title = {Arabic: {An} essential grammar},
	publisher = {Routledge},
	address = {London}}

@phdthesis{ahland:2012,
	author = {Ahland, Colleen A.},
	year = {2012},
	title = {A grammar of {Northern and Southern Gumuz}},
	school = {University of Oregon},
	address = {Eugene}}

@article{ahn:yap:2017,
	author = {Ahn, Mikyung and Yap, Foong H.},
	year = {2007},
	title = {From middle to passive: {A} diachronic analysis of {Korean} \emph{-eci} constructions},
	journal = {Diachronica},
	volume = {34},
	number = {4},
	pages = {436--469}}

@book{aikhenvald:2003,
	author = {Aikhenvald, Alexandra Y.},
	year = {2003},
	title = {A grammar of {Tariana}},
	publisher = {Cambridge University Press},
	address = {Cambridge}}

@incollection{aikhenvald:2007a,
	author = {Aikhenvald, Alexandra Y.},
	year = {2007},
	title = {Reciprocal and reflexives in {North-Arawak} languages of the {Upper Río Negro} ({Warekena, Bare, Baniwa of Içana})},
	editor = {Nedjalkov, Vladimir P.},
	booktitle = {Reciprocal constructions},
	volume = {2},
	pages = {845--855},
	publisher = {John Benjamins},
	address = {Amsterdam}}
	
@incollection{aikhenvald:2007b,
	author = {Aikhenvald, Alexandra Y.},
	year = {2007},
	title = {Reciprocal and sociative in {Tariana}: {Their} genetic and areal properties},
	editor = {Nedjalkov, Vladimir P.},
	booktitle = {Reciprocal constructions},
	volume = {3},
	pages = {1351--1366},
	publisher = {John Benjamins},
	address = {Amsterdam}}

@incollection{aksenova:1994,
	author = {Aksenova, I. S.},
	year = {1994},
	title = {Glagol},
	editor = {Aksenova, I. S. and Toporova, I. N.},
	booktitle = {Jazyk kurija},
	publisher = {Vostočnaja literatura},
	address = {Moscow}}

@incollection{alpatov:al:2007,
	author = {Alpatov, Vladimir M. and Bugaeva, Anna Ju. and Nedjalkov, Vladimir P.},
	year = {2007},
	title = {Reciprocals and sociatives in {Ainu}},
	editor = {Nedjalkov, Vladimir P.},
	booktitle = {Reciprocal constructions},
	volume = {4},
	pages = {1751--1822},
	publisher = {John Benjamins},
	address = {Amsterdam}}

@incollection{alpher:al:2003,
	author = {Alpher, Barry and Evans, Nicholas and Harvey, Mark},
	year = {2003},
	title = {Proto {Gunwinyguan} verb suffixes},
	editor = {Evans, Nicholas},
	booktitle = {The non-{Pama-Nyungan} languages of {Northern Australia}: {Comparative} studies of the continent’s most linguistically complex region},
	pages = {305--352},
	publisher = {Pacific Linguistics},
	address = {Canberra}}

@phdthesis{alvarez:2011,
	author = {Álvarez, Juan J. V.},
	year = {2011},
	title = {A grammar of {Chol}, a {Mayan} language},
	school = {University of Texas},
	address = {Austin}}

@phdthesis{ambouroue:2007,
	author = {Ambouroue, Odette},
	year = {2007},
	title = {Eléments de description de l’orungu: {Langue} bantu du {Gabon} ({B11b})},
	school = {Free University of Brussels},
	address = {Brussels}}

@article{anderson:al:1976,
	author = {Anderson, John and Anderson, Joy and Langacker, Ronald W.},
	year = {1976},
	title = {Non-distinct subjects and objects in {Northern Paiute}},
	journal = {Revista de Letras},
	volume = {18},
	pages = {11--21}}

@incollection{andrews:1985,
	author = {Andrews, Avery},
	year = {1985},
	title = {The major functions of the noun phrase},
	editor = {Shopen, Timothy},
	maintitle = {Language typology and syntactic description},
	booktitle = {Clause structure},
	pages = {62--154},
	volume = {1},
	edition = {1},
	publisher = {Cambridge University Press},
	address = {Cambridge}}

@incollection{andrews:2007,
	author = {Andrews, Avery},
	year = {2007},
	title = {The major functions of the noun phrase},
	editor = {Shopen, Timothy},
	maintitle = {Language typology and syntactic description},
	booktitle = {Clause structure},
	pages = {132--223},
	volume = {1},
	edition = {2},
	publisher = {Cambridge University Press},
	address = {Cambridge}}

@phdthesis{anonby:2008,
	author = {Anonby, Erik J.},
	year = {2008},
	title = {Phonology and morphology of {Mambay} ({Niger-Congo, Adamawa})},
	school = {Leiden University},
	address = {Leiden}}

@phdthesis{apontes:2015,
	author = {Apontes, Selmo A.},
	year = {2015},
	title = {Descrição grammatical do {Oro Waram}, variante {Wari’ Norte (Pakaa nova, Txapakura)}: {Fonologia}, morfologia e sintaxe},
	school = {Federal University of Minas Gerais},
	address = {Belo Horizonte}}

@phdthesis{applegate:1972,
	author = {Applegate, Richard B.},
	year = {1972},
	title = {Ineseño {Chumash} grammar},
	school = {University of California},
	address = {Berkeley}}

@incollection{arikoglu:2007,
	author = {Arıkoğlu, Ekrem},
	year = {2007},
	title = {Hakas {Türkçesi}},
	editor = {Ercilâsun, Ahmet B.},
	booktitle = {Türk Lehçeleri Grameri},
	pages = {1085--1147},
	publisher = {Akçağ Yayınları},
	address = {Ankara}}
	
@incollection{arka:ross:2005,
	author = {Arka, I Wayan and Ross, Malcolm},
	year = {2005},
	title = {Introduction},
	editor = {Arka, I Wayan and Ross, Malcolm},
	booktitle = {The many faces of {Austronesian} voice systems: {Some} new empirical studies},
	pages = {1--17},
	publisher = {Pacific Linguistics},
	address = {Canberra}}

@incollection{arkadiev:lander:2020,
	author = {Arkadiev, Peter and Lander, Yury},
	year = {2020},
	title = {The {Northwest Caucasian} languages},
	editor = {Polinsky, Maria},
	booktitle = {The {Oxford} handbook of the languages of the {Caucasus}},
	pages = {369--446},
	publisher = {Oxford University Press},
	address = {Oxford}}

@phdthesis{armendariz:2006,
	author = {Félix Armendáriz, Rolando G.},
	year = {2005},
	title = {A grammar of {River Warihío}},
	school = {Rice University},
	address = {Houston}}

@article{arnott:1956,
	author = {Arnott, D. W.},
	year = {1956},
	title = {The middle voice in {Fula}},
	journal = {Bulletin of the School of Oriental and African Studies},
	volume = {18},
	number = {1},
	pages = {130--144}}

@book{arsjo:2016,
	author = {Årsjö, Britten},
	year = {2016},
	title = {Konai reference grammar},
	publisher = {Summer Institute of Linguistics},
	address = {Ukarumpa}}

@book{asher:kumari:2003,
	author = {Asher, R. E. and Kumari, T. C.},
	year = {2003},
	title = {Malayalam},
	publisher = {Routledge},
	address = {London}}

@phdthesis{assefa:2015,
	author = {{Tesfaye Baye Assefa}},
	shortauthor = {Tesfaye},
	sortkey = {Tesfaye},
	year = {2015},
	title = {A descriptive grammar of {Burji}},
	school = {Addis Ababa University},
	address = {Addis Ababa}}

@incollection{austin:1982,
	author = {Austin, Peter K.},
	year = {1982},
	title = {Transitivity and cognate objects in {Australian} languages},
	editor = {Hopper, Paul J. and Thompson, Sandra A.},
	booktitle = {Studies in transitivity},
	pages = {37--47},
	publisher = {Academic Press},
	address = {Cambridge}}

@unpublished{austin:2005,
	author = {Austin, Peter K.},
	year = {2005},
	title = {Causative and applicative constructions in {Australian} aboriginal languages},
	note = {(Unpublished manuscript)}}

@unpublished{austin:2013,
	author = {Austin, Peter K.},
	year = {2013},
	title = {A grammar of {Diyari}},
	note = {(Unpublished manuscript)}}

@book{axenov:2006,
	author = {Axenov, Serge},
	year = {2006},
	title = {The {Balochi} language of {Turkmenistan}: {A} corpus-based grammatical description},
	publisher = {Uppsala University},
	address = {Uppsala}}

@phdthesis{bacelar:2004,
	author = {Bacelar, Laércio N.},
	year = {2004},
	title = {Gramática da língua {Kanoê}},
	school = {Catholic University Nijmegen},
	address = {Nijmegen}}

@phdthesis{baek:1997,
	author = {Baek, Mihyun},
	year = {1997},
	title = {The {Korean} \emph{l}-suffix: {A} functional approach},
	school = {Rice University},
	address = {Houston}}

@phdthesis{bahrt:2020,
	author = {Bahrt, Nicklas N.},
	year = {2020},
	title = {Towards a typology of voice syncretism},
	school = {University of Helsinki},
	address = {Helsinki}}

@incollection{bakker:2010,
	author = {Bakker, Dik},
	year = {2010},
	title = {Language sampling},
	editor = {Song, Jae Jung},
	booktitle = {The {Oxford} handbook of linguistic typology},
	pages = {100--127},
	publisher = {Oxford University Press},
	address = {Oxford}}

@phdthesis{barasa:2017,
	author = {Barasa, David},
	year = {2017},
	title = {Ateso grammar: {A} descriptive account of an {Eastern Nilotic} language},
	school = {University of Cape Town},
	address = {Cape Town}}

@incollection{barber:1975,
	author = {Barber, E. J. W.},
	year = {1975},
	title = {Voice: {Beyond} the passive},
	editor = {Cogen, Cathy and Thompson, Henry and Thurgood, Graham and Whistler, Kenneth and Wright, James},
	booktitle = {Proceedings of the First Annual Meeting of the {Berkeley Linguistics Society}},
	publisher = {Berkeley Linguistics Society},
	address = {Berkeley},
	pages = {16--24}}

@book{barbor:2012,
	author = {Barbour, Julie},
	year = {2012},
	title = {A grammar of {Neverver}},
	publisher = {De Gruyter Mouton},
	address = {Berlin}}

@phdthesis{barlow:2018,
	author = {Barlow, Russell},
	year = {2018},
	title = {A grammar of {Ulwa}},
	school = {University of Hawaiʻi at Mānoa},
	address = {Honolulu}}

@book{bartens:2000,
	author = {Bartens, Raija},
	year = {2000},
	title = {Permiläisten kielten rakenne ja kehitys},
	publisher = {Suomalais-ugrilainen seura},
	address = {Helsinki}}

@article{basilico:2019,
	author = {Basilico, David},
	year = {2019},
	title = {Antipassive adds an argument},
	journal = {Open Linguistics},
	volume = {5},
	pages = {191--216}}

@article{bastin:1986,
	author = {Bastin, Y.},
	year = {1986},
	title = {Les suffixes causatifs dans les langues bantoues},
	journal = {Africana Linguistica},
	volume = {10},
	pages = {61--145}}

@unpublished{beck:nd,
	author = {Beck, David},
	title = {Totonacan languages},
	note = {(Unpublished manuscript)}}

@article{beck:2009,
	author = {Beck, David},
	year = {2009},
	title = {A taxonomy and typology of {Lushootseed} valency-increasing suffixes},
	journal = {International Journal of American Linguistics},
	volume = {75},
	number = {4},
	pages = {533--569}}

@phdthesis{belay:2015,
	author = {{Teshome Belay G.}},
	shortauthor = {Teshome},
	sortkey = {Teshome},
	year = {2015},
	title = {A grammar of {Khimt’anga}},
	school = {Addis Ababa University},
	address = {Addis Ababa}}

@incollection{bell:1978,
	author = {Bell, Alan},
	year = {1978},
	title = {Language samples},
	editor = {Greenberg, Joseph H.},
	maintitle = {Universals of human language},
	booktitle = {Method and theory},
	volume = {1},
	pages = {123--156},
	publisher = {Stanford University Press},
	address = {Stanford}}

@book{benton:1971,
	author = {Benton, Richard A.},
	year = {1971},
	title = {Pangasinan reference grammar},
	publisher = {University of Hawaiʻi Press},
	address = {Honolulu}}

@book{berghall:2015,
	author = {Berghäll, Liisa},
	year = {2015},
	title = {A grammar of {Mauwake}},
	publisher = {Language Science Press},
	address = {Berlin}}

@incollection{berkov:1985,
	author = {Berkov, V. P.},
	year = {1985},
	title = {Refleksivy v skandinavskix jazykax},
	editor = {Nedjalkov, Vladimir P.},
	booktitle = {Refleksivnye glagoly v indoevropejskix jazykax},
	pages = {56--74},
	publisher = {Kalininskij gosudarstvennyj universitet},
	address = {Kalinin}}

@incollection{bickel:2011,
	author = {Bickel, Balthasar},
	year = {2011},
	title = {Grammatical relations typology},
	editor = {Song, Jae Jung},
	booktitle = {The {Oxford} handbook of linguistic typology},
	pages = {399--444},
	publisher = {Oxford University Press},
	address = {Oxford}}

@incollection{bickel:al:2010,
	author = {Bickel, Balthasar and Rai, Manoj and Paudyal, Netra P. and Banjade, Goma and Bhatta, Toya N. and Gaenszle, Martin and Lieven, Elena and Purna Rai, Ichchha and Kishore Rai, Novel and Stoll, Sabine},
	year = {2010},
	title = {The syntax of three-argument verbs in {Chintang} and {Belhare} ({Southeastern Kiranti})},
	editor = {Malchukov, Andrej and Haspelmath, Martin and Comrie, Bernard},
	booktitle = {Studies in ditransitive constructions: {A} comparative handbook},
	pages = {382--408},
	publisher = {De Gruyter Mouton},
	address = {Berlin}}

@incollection{bickel:nichols:2009,
	author = {Bickel, Balthasar and Nichols, Johanna},
	year = {2009},
	title = {Case marking and alignment},
	editor = {Malchukov, Andrej and Spencer, Andrew},
	booktitle = {The {Oxford} handbook of case},
	pages = {304--321},
	publisher = {Oxford University Press},
	address = {Oxford}}

@book{blackings:fabb:2003,
	author = {Blackings, Mairi and Fabb, Nigel},
	year = {2003},
	title = {A grammar of {Ma’di}},
	publisher = {Mouton de Gruyter},
	address = {Berlin}}

@thesis{blok:2013,
	author = {Blok, Greg},
	year = {2013},
	title = {A descriptive grammar of {Eastern Lawa}},
	school = {Payap University},
	address = {Chiang Mai},
	type = {Master’s thesis}}

@phdthesis{bobuafor:2013,
	author = {Bobuafor, Mercy},
	year = {2013},
	title = {A grammar of {Tafi}},
	school = {Leiden University},
	address = {Leiden}}

@phdthesis{bolanos:2016,
	author = {Bolaños, Katherine},
	year = {2016},
	title = {A grammar of {Kakua}},
	school = {University of Amsterdam},
	address = {Amsterdam}}

@phdthesis{bon:2014,
	author = {Bon, Noëllie},
	year = {2014},
	title = {Une grammaire de la langue stieng: {Langue} en danger du {Cambodge} et du {Vietnam}},
	school = {Lumière University Lyon 2},
	address = {Lyon}}

@book{borsley:al:2007,
	author = {Borsley, Robert D. and Tallerman, Maggie and Willis, David},
	year = {2007},
	title = {The syntax of {Welsh}},
	publisher = {Cambridge University Press},
	address = {Cambridge}}

@article{bostoen:al:2015,
	author = {Bostoen, Koen and Dom, Sebastian and Segerer, Guillaume},
	year = {2015},
	title = {The antipassive in {Bantu}},
	journal = {Linguistics},
	volume = {53},
	number = {4},
	pages = {731--772}}

@phdthesis{boswell:2018,
	author = {Boswell, Fredrick A.},
	year = {2018},
	title = {A grammar of {Cheke Holo}},
	school = {Leiden University},
	address = {Leiden}}

@incollection{botne:2003,
	author = {Botne, Robert D. O.},
	year = {2003},
	title = {Lega},
	editor = {Nurse, Derek and Philippson, Gérard},
	booktitle = {The {Bantu} languages},
	pages = {422--449},
	publisher = {Routledge},
	address = {London}}

@book{bowern:2012,
	author = {Bowern, Claire L.},
	year = {2012},
	title = {A grammar of {Bardi}},
	publisher = {De Gruyter Mouton},
	address = {Berlin}}

@book{bradshaw:2007,
	author = {Bradshaw, Robert L.},
	year = {2007},
	title = {Fuyug grammar sketch},
	publisher = {Summer Institute of Linguistics},
	address = {Ukarumpa}}

@phdthesis{brandao:2014,
	author = {Brandão, Ana P. B.},
	year = {2014},
	title = {A reference grammar of {Paresi-Haliti} ({Arawak})},
	school = {University of Texas},
	address = {Austin}}

@article{bril:2005,
	author = {Bril, Isabelle},
	year = {2005},
	title = {Semantic and functional diversification of reciprocal and middle prefixes in {New Caledonian} and other {Austronesian} languages},
	journal = {Linguistic Typology},
	volume = {9},
	pages = {25--76}}

@incollection{bril:2007,
	author = {Bril, Isabelle},
	year = {2007},
	title = {Reciprocal constructions in {Nêlêmwa} ({New Caledonia})},
	editor = {Nedjalkov, Vladimir P.},
	booktitle = {Reciprocal constructions},
	volume = {3},
	pages = {1479--1509},
	publisher = {John Benjamins},
	address = {Amsterdam}}

@book{brown:al:2013,
	editor = {Brown, Dunstan and Chumakina, Marina and Corbett, Greville G.},
	year = {2013},
	title = {Canonical morphology and syntax},
	publisher = {Oxford University Press},
	address = {Oxford}}

@phdthesis{bruce:1979,
	author = {Bruce, Leslie P.},
	year = {1979},
	title = {A grammar of {Alamblak} ({Papua New Guinea})},
	school = {Australian National University},
	address = {Canberra}}

@thesis{bryant:1999,
	author = {Bryant, Michael G.},
	year = {1999},
	title = {Aspects of {Tirmaga} grammar},
	school = {University of Texas},
	address = {Arlington},
	type = {Master’s thesis}}

@book{bugaeva:2004,
	author = {Bugaeva, Anna Ju.},
	year = {2004},
	title = {Grammar and folklore texts of the {Chitose} dialect of {Ainu} (idiolect of {Ito Oda})},
	publisher = {Osaka Gakuin University},
	address = {Suita}}

@article{bugaeva:2010,
	author = {Bugaeva, Anna Ju.},
	year = {2010},
	title = {Ainu applicatives in typological perspective},
	journal = {Studies in Language},
	volume = {34},
	number = {4},
	pages = {749--801}}

@article{bugaeva:2015,
	author = {Bugaeva, Anna Ju.},
	year = {2015},
	title = {Causative constructions in {Ainu}: {A} typological perspective with remarks on diachrony},
	journal = {Sprachtypologie und Universalienforschung},
	volume = {68},
	number = {4},
	pages = {439--484}}

@book{burbiel:2018,
	author = {Burbiel, Gustav},
	year = {2018},
	title = {A grammar of contemporary {Tatar} literary language},
	publisher = {Institute for Bible Translation},
	address = {Stockholm}}

@incollection{burgess:1984,
	author = {Burgess, Don},
	year = {1984},
	title = {Western {Tarahumara}},
	editor = {Langacker, Ronald W.},
	maintitle = {Studies in {Uto-Aztecan} grammar},
	booktitle = {Southern {Uto-Aztecan} grammatical sketches},
	volume = {4},
	pages = {1--149},
	publisher = {Summer Institute of Linguistics},
	address = {Dallas}}

@phdthesis{burung:2017,
	author = {Burung, Willem},
	year = {2017},
	title = {A grammar of {Wano}},
	school = {University of Oxford},
	address = {Oxford}}

@phdthesis{caballero:2008,
	author = {Caballero, Gabriela},
	year = {2008},
	title = {Choguita {Rarámuri (Tarahumara)} phonology and morphology},
	school = {University of California},
	address = {Berkeley}}

@article{chafe:1960,
	author = {Chafe, Wallace L.},
	year = {1960},
	title = {Seneca morphology {IV}: {Expanded} bases},
	journal = {International Journal of American Linguistics},
	volume = {26},
	number = {4},
	pages = {283--289}}

@book{chang:1996,
	author = {Chang, Suk-Jin},
	year = {1996},
	title = {Korean},
	publisher = {John Benjamins},
	address = {Amsterdam}}

@incollection{chapman:derbyshire:1991,
	author = {Chapman, Shirley and Derbyshire, Desmond},
	year = {1991},
	title = {Paumarí},
	editor = {Derbyshire, Desmond C. and Pullum, Geoffrey K.},
	booktitle = {Handbook of {Amazonian} languages},
	volume = {3},
	pages = {161--352},
	publisher = {Mouton de Gruyter},
	address = {Berlin}}

@book{charney:1993,
	author = {Charney, Jean O.},
	year = {1993},
	title = {A grammar of {Comanche}},
	publisher = {University of Nebraska Press},
	address = {Lincoln}}

@phdthesis{chavula:2016,
	author = {Chavula, Jean J.},
	year = {2016},
	title = {Verbal derivation and valency in {Citumbuka}},
	school = {Leiden University},
	address = {Leiden}}

@book{childs:1995,
	author = {Childs, G. Tucker},
	year = {1995},
	title = {A grammar of {Kisi}: {A Southern Atlantic} language},
	publisher = {Mouton de Gruyter},
	address = {Berlin}}

@book{childs:2011,
	author = {Childs, G. Tucker},
	year = {2011},
	title = {A grammar of {Mani}},
	publisher = {De Gruyter Mouton},
	address = {Berlin}}

@book{collinder:1969,
	author = {Collinder, Björn},
	year = {1969},
	title = {Comparative grammar of the {Uralic} languages},
	publisher = {Almqvist \& Wiksell},
	address = {Stockholm}}

@book{collins:gruber:2014,
	author = {Collins, Chris and Gruber, Jeffrey S.},
	year = {2014},
	title = {A grammar of ǂ{Hȍã}},
	publisher = {Rüdiger Köppe},
	address = {Cologne}}

@book{comrie:1981,
	author = {Comrie, Bernard},
	year = {1981},
	title = {Language universals and linguistic typology: {Syntax} and morphology},
	edition = {1},
	publisher = {Blackwell},
	address = {London}}

@incollection{comrie:1988,
	author = {Comrie, Bernard},
	year = {1988},
	title = {Passive and voice},
	editor = {Shibatani, Masayoshi},
	booktitle = {Passive and voice},
	pages = {9--23},
	publisher = {John Benjamins},
	address = {Amsterdam}}

@book{comrie:1989,
	author = {Comrie, Bernard},
	year = {1989},
	title = {Language universals and linguistic typology: {Syntax} and morphology},
	edition = {2},
	publisher = {The University of Chicago Press},
	address = {Chicago}}

@incollection{comrie:1993,
	author = {Comrie, Bernard},
	year = {1993},
	title = {Argument structure},
	editor = {Jacobs, Joachim and von Stechow, Arnim and Sternefeld, Wolfgang and Vennemann, Theo},
	booktitle = {Syntax: {An} international handbook of contemporary research},
	pages = {905--914},
	publisher = {Walter de Gruyter},
	address = {Berlin}
	}

@article{comrie:2006,
	author = {Comrie, Bernard},
	year = {2006},
	title = {Transitivity pairs, markedness, and diachronic stability},
	journal = {Linguistics},
	volume = {44},
	number = {2},
	pages = {303--318}}

@incollection{comrie:polinsky:1993,
	author = {Comrie, Bernard and Polinsky, Maria},
	year = {1993},
	title = {Preface},
	editor = {Comrie, Bernard and Polinsky, Maria},
	booktitle = {Causatives and transitivity},
	pages = {vii-viii},
	publisher = {John Benjamins},
	address = {Amsterdam}}

@phdthesis{cook:1987,
	author = {Cook, Anthony R.},
	year = {1987},
	title = {Wagiman matyin: {A} description of the {Wagiman} language of the {Northern Territory}},
	school = {La Trobe University},
	address = {Melbourne}}

@incollection{cooreman:1994,
	author = {Cooreman, Ann},
	year = {1994},
	title = {A functional typology of antipassives},
	editor = {Fox, Barbara A. and Hopper, Paul J.},
	booktitle = {Voice: {Form} and function},
	pages = {49--88},
	publisher = {John Benjamins},
	address = {Amsterdam}}

@phdthesis{copin:2012,
	author = {Copin, François},
	year = {2012},
	title = {Grammaire wayampi: {Famille} tupi-guarani},
	school = {Paris Diderot University}}

@incollection{corbett:2005,
	author = {Corbett, Greville G.},
	year = {2005},
	title = {The {Canonical Approach} in typology},
	editor = {Frajzyngier, Zygmunt and Hodges, Adam and Rood, David S.},
	booktitle = {Linguistic diversity and language theories},
	pages = {25--49},
	publisher = {John Benjamins},
	address = {Amsterdam}}

@article{corbett:2007,
	author = {Corbett, Greville G.},
	year = {2007},
	title = {Canonical typology, suppletion, and possible words},
	journal = {Language},
	volume = {83},
	number = {1},
	pages = {8--42}}

@incollection{corbett:2013,
	author = {Corbett, Greville G.},
	year = {2013},
	title = {Canonical morphosyntactic features},
	editor = {Brown, Dunstan and Chumakina, Marina and Corbett, Greville G.},
	booktitle = {Canonical morphology \& syntax},
	pages = {48--65},
	publisher = {Oxford University Press},
	address = {Oxford}}

@phdthesis{corris:2005,
	author = {Corris, Miriam},
	year = {2005},
	title = {A grammar of {Barupu}: {A} language of {Papua New Guinea}},
	school = {University of Sydney},
	address = {Sydney}}

@incollection{coupez:1985,
	author = {Coupez, André},
	year = {1985},
	title = {La dérivation verbale en rwanda (bantou {J}.61)},
	editor = {Cadiou, Yves},
	booktitle = {Le kinyarwanda: {Études} de morpho-syntaxe},
	pages = {7--41},
	publisher = {Peeters},
	address = {Leuven}}

@book{cowell:moss:2008,
	author = {Cowell, Andrew and Moss Sr., Alonzo},
	year = {2008},
	title = {The {Arapaho} language},
	publisher = {University Press of Colorado},
	address = {Boulder}}

@book{crass:2005,
	author = {Crass, Joachim},
	year = {2005},
	title = {Das {K’abeena}: {Deskriptive Grammatik} einer hochlandostkuschitischen {Sprache}},
	publisher = {Rüdiger Köppe},
	address = {Cologne}}

@book{creissels:2006,
	author = {Creissels, Denis},
	year = {2006},
	title = {Syntaxe générale, une introduction typologique},
	publisher = {Lavoisier-Hermès Science},
	address = {Paris}}

@unpublished{creissels:2012,
	author = {Creissels, Denis},
	year = {2012},
	title = {The origin of antipassive markers in {West Mande} languages},
	note = {Paper presented at the 45th Annual Meeting of the Societas Linguistica Europaea (Stockholm, August--September 2012)}}

@unpublished{creissels:2015,
	author = {Creissels, Denis},
	year = {2015},
	title = {Reconstructing the history of the {Soninke} voice system},
	note = {Paper presented at Syntax of the World’s Languages 6 (Pavia, September 2014)}}

@unpublished{creissels:2016,
	author = {Creissels, Denis},
	year = {2016},
	title = {Transitivity, valency, and voice},
	note = {Compendium for the European Summer School in Linguistic Typology (Porquerolles, September 2016)}}

@incollection{creissels:2018,
	author = {Creissels, Denis},
	year = {2018},
	title = {Current issues in {African} morphosyntactic typology},
	editor = {Güldemann, Tom},
	booktitle = {The languages and linguistics of {Africa}},
	pages = {712--821},
	publisher = {De Gruyter Mouton},
	address = {Berlin}}

@book{creissels:biaye:2016,
	author = {Creissels, Denis and Biaye, Séckou},
	year = {2016},
	title = {La balant ganja: {Phonologie}, morphosyntaxe, liste lexicale, textes},
	publisher = {Fundamental Institute of Black Africa},
	address = {Dakar}}

@article{creissels:diagne:2013,
	author = {Creissels, Denis and Diagne, Anne M.},
	year = {2013},
	title = {Transitivity in {Bakel Soninke}},
	journal = {Mandenkan},
	volume = {50},
	pages = {5--38}}

@incollection{creissels:nouguier-voisin:2008,
	author = {Creissels, Denis and Nouguier-Voisin, Sylvie},
	year = {2008},
	title = {Valency-changing operations in {Wolof} and the notion of “co-participation”},
	editor = {König, Ekkehard and Gast, Volker},
	booktitle = {Reciprocals and reflexives: {Theoretical} and typological explorations},
	pages = {289--305},
	publisher = {Mouton de Gruyter},
	address = {Berlin}}

@book{croft:1990,
	author = {Croft, William},
	year = {1990},
	title = {Typology and universals},
	publisher = {Cambridge University Press},
	address = {Cambridge}}

@incollection{croft:1995,
	author = {Croft, William},
	year = {1995},
	title = {Modern syntactic typology},
	editor = {Shibatani, Masayoshi and Bynon, Theodora},
	booktitle = {Approaches to language typology},
	pages = {85--144},
	publisher = {Clarendon},
	address = {London}}

@book{croft:2001,
	author = {Croft, William},
	year = {2001},
	title = {{Radical Construction Grammar}: {Syntactic} theory in typological perspective},
	publisher = {Oxford University Press},
	address = {Oxford}}

@book{croft:2003,
	author = {Croft, William},
	year = {2003},
	title = {Typology and universals},
	edition = {2},
	publisher = {Cambridge University Press},
	address = {Cambridge}}

@book{croft:2012,
	author = {Croft, William},
	year = {2012},
	title = {Verbs: {Aspect} and causal structure},
	publisher = {Oxford University Press},
	address = {Oxford}}

@book{davis:2003,
	author = {David, Karen},
	year = {2003},
	title = {A grammar of the {Hoava} language, {Western Solomons}},
	publisher = {Pacific Linguistics},
	address = {Canberra}}

@book{crum:dayley:1993,
	author = {Crum, Beverly and Dayley, Jon P.},
	year = {1993},
	title = {Western {Shoshoni} grammar},
	publisher = {Boise State University},
	address = {Boise}}

@article{culy:fagan:2001,
	author = {Culy, Christopher and Fagan, Sarah M. B.},
	year = {2001},
	title = {The history of the middle in {Dogon}},
	journal = {Studies in African Linguistics},
	volume = {30},
	number = {2},
	pages = {171--194}}

@phdthesis{cumberland:2005,
	author = {Cumberland, Linda A.},
	year = {2005},
	title = {A grammar of {Assiniboine}: {A Siouan} language of the {Northern Plains}},
	school = {Indiana University},
	address = {Bloomington}}

@phdthesis{curnow:1997,
	author = {Curnow, Timothy J.},
	year = {1997},
	title = {A grammar of {Awa Pit} ({Cuaiquer}): {An} indigenous language of {South-Western Colombia}},
	school = {Australian National University},
	address = {Canberra}}

@phdthesis{da-costa:1999,
	author = {da Costa, Januacele F.},
	year = {1999},
	title = {Ya:thê, a última língua nativa no nordeste do {Brasil}: {Aspectos} morfo-fonológicos e morfo-sintáticos},
	school = {Federal University of Pernambuco},
	address = {Recife}}

@phdthesis{daudey:2014,
	author = {Daudey, Henriëtte},
	year = {2014},
	title = {A grammar of {Wadu Pumi}},
	school = {La Trobe University},
	address = {Melbourne}}

@phdthesis{davidson:2002,
	author = {Davidson, Matthew},
	year = {2002},
	title = {Studies in {Southern Wakashan (Nootkan)} grammar},
	school = {State University of New York},
	address = {Buffalo}}

@book{davies:2010,
	author = {Davies, William D.},
	year = {2010},
	title = {A grammar of {Madurese}},
	publisher = {De Gruyter Mouton},
	address = {Berlin}}

@book{dayley:1989,
	author = {Dayley, Jon P.},
	year = {1989},
	title = {Tümpisa ({Panamint}) {Shoshone} grammar},
	publisher = {University of California Press},
	address = {Berkeley}}

@book{de-groot:1949,
	author = {Albert W. de Groot},
	year = {1949},
	title = {Structurele syntaxis},
	publisher = {Servire},
	address = {The Hague}}

@article{de-kind:bostoen:2012,
	author = {de Kind, Jasper and Bostoen, Koen},
	year = {2012},
	title = {The applicative in ci{Lubà} grammar and discourse: {A} semantic goal analysis},
	journal = {Southern African Linguistics and Applied Language Studies},
	volume = {30},
	number = {1},
	pages = {101--124}}

@phdthesis{de-oliveira:2005,
	author = {de Oliveira, Christiane C.},
	year = {2005},
	title = {The language of the {Apinajé} people of central {Brazil}},
	school = {University of Oregon},
	address = {Eugene}}

@book{de-rijk:2007,
	author = {de Rijk, Rudolf P. G.},
	year = {2007},
	title = {Standard {Basque}: {A} progressive grammar},
	publisher = {The MIT Press},
	address = {Cambridge}}

@phdthesis{de-sousa:2006,
	author = {de Sousa, Hilário},
	year = {2006},
	title = {The {Menggwa Dla} language},
	school = {University of Sydney},
	address = {Sydney}}

@book{dienst:2014,
	author = {Dienst, Stefan},
	year = {2014},
	title = {A grammar of {Kulina}},
	publisher = {De Gruyter Mouton},
	address = {Berlin}}

@incollection{dik:1983,
	author = {Dik, Simon C.},
	year = {1983},
	title = {The status of verbal reflexives},
	editor = {Tasmowski, Liliane and Willems, Dominique},
	booktitle = {Problems in syntax},
	pages = {231--256}}

@book{dik:1997,
	author = {Dik, Simon C.},
	year = {1997},
	maintitle = {The theory of {Functional Grammar}},
	title = {The structure of the clause},
	volume = {1},
	edition = {2},
	publisher = {Mouton de Gruyter},
	address = {Berlin}}

@book{dixon:1972,
	author = {Dixon, R. M. W.},
	year = {1972},
	title = {The {Dyirbal} language of {North Queensland}},
	publisher = {Cambridge University Press},
	address = {Cambridge}}

@book{dixon:1977,
	author = {Dixon, R. M. W.},
	year = {1977},
	title = {A grammar of {Yidiɲ}},
	publisher = {Cambridge University Press},
	address = {Cambridge}}

@article{dixon:1979,
	author = {Dixon, R. M. W.},
	year = {1979},
	title = {Ergativity},
	journal = {Language},
	volume = {55},
	number = {1},
	pages = {59--138}}

@book{dixon:1980,
	author = {Dixon, R. M. W.},
	year = {1980},
	title = {The languages of {Australia}},
	publisher = {Cambridge University Press},
	address = {Cambridge}}

@incollection{dixon:1983,
	author = {Dixon, R. M. W.},
	year = {1983},
	title = {Nyawaygi},
	editor = {Dixon, R. M. W. and Blake, Barry J.},
	booktitle = {Handbook of {Australian} languages},
	volume = {3},
	pages = {431--525},
	publisher = {The Australian National University Press},
	address = {Canberra}}

@book{dixon:1994,
	author = {Dixon, R. M. W.},
	year = {1994},
	title = {Ergativity},
	publisher = {Cambridge University Press},
	address = {Cambridge}}

@incollection{dixon:2000,
	author = {Dixon, R. M. W.},
	year = {2000},
	title = {A typology of causatives: {Form}, syntax and meaning},
	editor = {Dixon, R. M. W. and Aikhenvald, Alexandra Y.},
	booktitle = {Changing valency: {Case} studies in transitivity},
	pages = {30--83},
	publisher = {Cambridge University Press},
	address = {Cambridge}}

@book{dixon:2002,
	author = {Dixon, R. M. W.},
	year = {2002},
	title = {Australian languages},
	publisher = {Cambridge University Press},
	address = {Cambridge}}

@book{dixon:2010a,
	author = {Dixon, R. M. W.},
	sortkey = {Dixon2010a},
	year = {2010},
	maintitle = {Basic linguistic theory},
	title = {Methodology},
	volume = {1},
	publisher = {Oxford University Press},
	address = {Oxford}}

@book{dixon:2010b,
	author = {Dixon, R. M. W.},
	sortkey = {Dixon2010b},
	year = {2010},
	maintitle = {Basic linguistic theory},
	title = {Grammatical topics},
	volume = {2},
	publisher = {Oxford University Press},
	address = {Oxford}}

@incollection{dixon:aikhenvald:2000,
	author = {Dixon, R. M. W. and Aikhenvald, Alexandra Y.},
	year = {2000},
	title = {Introduction},
	editor = {Dixon, R. M. W. and Aikhenvald, Alexandra Y.},
	booktitle = {Changing valency: {Case} studies in transitivity},
	pages = {1--29},
	publisher = {Cambridge University Press},
	address = {Cambridge}}

@incollection{dixon:aikhenvald:2011,
	author = {Dixon, R. M. W. and Aikhenvald, Alexandra Y.},
	year = {2011},
	title = {A typology of argument-determined constructions},
	editor = {Dixon, R. M. W. and Aikhenvald, Alexandra Y.},
	booktitle = {Language at large},
	pages = {45--85},
	publisher = {Brill},
	address = {Leiden}}

@book{dol:2007,
	author = {Dol, Philomena},
	year = {2007},
	title = {A grammar of {Maybrat}: {A} language of the {Bird’s Head Peninsula, Papua Province, Indonesia}},
	publisher = {Pacific Linguistics},
	address = {Canberra}}

@article{dom:al:2016,
	author = {Dom, Sebastian and Kulikov, Leonid and Bostoen, Koen},
	year = {2016},
	title = {The middle as a voice category in {Bantu}: {Setting} the stage for further research},
	journal = {Lingua Posnaniensis},
	volume = {58},
	number = {2},
	pages = {129--149}}

@unpublished{donohue:2004,
	author = {Donohue, Mark},
	year = {2004},
	title = {A grammar of the {Skou} language of {New Guinea}},
	note = {(Unpublished manuscript)}}

@phdthesis{dos-anjos:2011,
	author = {dos Anjos, Zoraide},
	year = {2011},
	title = {Fonologia e gramática {Katukina-Kanamari}},
	school = {Free University Amsterdam},
	address = {Amsterdam}}

@phdthesis{dos-santos:2006,
	author = {dos Santos, Manoel G.},
	year = {2006},
	title = {Uma gramática do {Wapixana (Aruák)}: {Aspectos} da fonologia, da morfologia e da sintaxe},
	school = {University of Campinas},
	address = {Campinas}}

@article{dowty:1991,
	author = {Dowty, David R.},
	year = {1991},
	title = {Thematic proto-roles and argument selection},
	journal = {Language},
	volume = {67},
	pages = {547--619}}

@article{dryer:1989,
	author = {Dryer, Matthew},
	year = {1989},
	title = {Large linguistic areas and language sampling},
	journal = {Studies in Languages},
	volume = {13},
	number = {2},
	pages = {257--292}}

@article{dryer:1992,
	author = {Dryer, Matthew},
	year = {1992},
	title = {The {Greenbergian} word order correlations},
	journal = {Language},
	volume = {68},
	number = {1},
	pages = {81--138}}

@incollection{dryer:1997,
	author = {Dryer, Matthew},
	year = {1997},
	title = {Are grammatical relations universal?},
	editor = {Bybee, Joan L. and Haiman, John and Thompson, Sandra A.},
	booktitle = {Essays on language function and language type: {Dedicated} to {T. Givón}},
	pages = {115--143},
	publisher = {John Benjamins},
	address = {Amsterdam}}

@article{dryer:2000,
	author = {Dryer, Matthew},
	year = {2000},
	title = {Counting genera vs. counting languages},
	journal = {Linguistic Typology},
	volume = {4},
	pages = {334--356}}

@incollection{dryer:2005,
	author = {Dryer, Matthew},
	year = {2005},
	title = {Genealogical language list},
	editor = {Haspelmath, Martin and Gil, David and Comrie, Bernard},
	booktitle = {The world atlas of language structures},
	pages = {584--644},
	publisher = {Oxford University Press},
	address = {Oxford}}

@incollection{dryer:2013,
	author = {Dryer, Matthew},
	year = {2013},
	title = {Genealogical language list},
	editor = {Dryer, Matthew and Haspelmath, Martin},
	booktitle = {The world atlas of language structures},
	publisher = {Max Planck Institute for Evolutionary Anthropology},
	address = {Leipzig}}

@article{dryer:2016,
	author = {Dryer, Matthew},
	year = {2016},
	title = {Crosslinguistic categories, comparative concepts, and the {Walman} diminutive},
	journal = {Linguistic Typology},
	volume = {20},
	number = {2},
	pages = {305--331}}

@book{dum-tragut:2009,
	author = {Dum-Tragut, Jasmine},
	year = {2009},
	title = {Armenian: {Modern Eastern Armenian}},
	publisher = {John Benjamins},
	address = {Amsterdam}}

@phdthesis{dunn:1999,
	author = {Dunn, Michael J.},
	year = {1999},
	title = {A grammar of {Chukchi}},
	school = {Australian National University},
	address = {Canberra}}

@book{dyen:1965,
	author = {Dyen, Isidore},
	year = {1965},
	title = {A sketch grammar of {Trukese}},
	publisher = {American Oriental Society},
	address = {New Haven}}

@book{eades:2005,
	author = {Eades, Domenyk},
	year = {2005},
	title = {A grammar of {Gayo}: {A} language of {Aceh, Sumatra}},
	publisher = {Pacific Linguistics},
	address = {Canberra}}

@book{eather:2011,
	author = {Eather, Bronwyn},
	year = {2011},
	title = {A grammar of {Nakkara} ({Central Arnhem Land Coast})},
	publisher = {Lincom},
	address = {Munich}}

@book{eaton:2010,
	author = {Eaton, Helen},
	year = {2010},
	title = {A {Sandawe} grammar},
	publisher = {Summer Institute of Linguistics}}

@phdthesis{eberhard:2009,
	author = {Eberhard, David M.},
	year = {2009},
	title = {Mamaindê grammar: {A Northern Nambikwara} language and its cultural context},
	school = {Free University Amsterdam},
	address = {Amsterdam}}

@phdthesis{emkow:2006,
	author = {Emkow, Carola},
	year = {2006},
	title = {A grammar of {Araona}, an {Amazonian} language of {Northwestern Bolivia}},
	school = {La Trobe University},
	address = {Melbourne}}

@book{enfield:2007,
	author = {Enfield, N. J.},
	year = {2007},
	title = {A grammar of {Lao}},
	publisher = {Mouton de Gruyter},
	address = {Berlin}}

@book{enrico:2003,
	author = {Enrico, John},
	year = {2003},
	title = {Haida syntax},
	publisher = {University of Nebraska Press},
	address = {Lincoln}}

@book{epps:2008,
	author = {Epps, Patience},
	year = {2008},
	title = {A grammar of {Hup}},
	publisher = {Mouton de Gruyter},
	address = {Berlin}}

@phdthesis{eraso:2015,
	author = {Eraso, Natalia},
	year = {2015},
	title = {Gramática tanimuka, una lengua de la {Amazonía} colombiana},
	school = {Lumière University Lyon 2},
	address = {Lyon}}

@book{evans:1995,
	author = {Evans, Nicholas},
	year = {1995},
	title = {A grammar of {Kayardild}},
	publisher = {Mouton de Gruyter},
	address = {Berlin}}

@book{evans:2003,
	author = {Evans, Nicholas},
	year = {2003},
	title = {Bininj {Gun-Wok}: {A} pan-dialectal grammar of {Mayali, Kunwinjku and Kune}},
	publisher = {Pacific Linguistics},
	address = {Canberra}}

@incollection{evans:2017,
	author = {Evans, Nicholas},
	year = {2017},
	title = {Polysynthesis in {Dalabon}},
	editor = {Fortescue, Michael and Mithun, Marianne and Evans, Nicholas},
	booktitle = {The {Oxford} Handbook of Polysynthesis},
	pages = {759--781},
	publisher = {Oxford University Press},
	address = {Oxford}}

@incollection{evans:merlan:2003,
	author = {Evans, Nicholas and Merlan, Francesca C.},
	year = {2003},
	title = {Dalabon verb conjugations},
	editor = {Evans, Nicholas},
	booktitle = {The non-{Pama-Nyungan} languages of {Northern Australia}: {Comparative} studies of the continent’s most linguistically complex region},
	pages = {269--283},
	publisher = {Pacific Linguistics},
	address = {Canberra}}

@incollection{evans:al:2011,
	author = {Evans, Nicholas and Levinson, Stephen C. and Gaby, Alice and Majid, Asifa},
	year = {2011},
	title = {Introduction: {Reciprocals} and semantic typology},
	editor = {Evans, Nicholas and Gaby, Alice and Levinson, Stephen C. and Majid, Asifa},
	booktitle = {Reciprocals and semantic typology},
	pages = {1--28},
	publisher = {John Benjamins},
	address = {Amsterdam}}

@book{faltz:1985,
	author = {Faltz, Leonard M.},
	year = {1985},
	title = {Reflexivization: {A} study in universal syntax},
	publisher = {Garland},
	address = {New York}}

@book{farr:1999,
	author = {Farr, Cynthia J. M.},
	year = {1999},
	title = {The interface between syntax and discourse in {Korafe}, a {Papuan} language of {Papua New Guinea}},
	publisher = {Pacific Linguistics},
	address = {Canberra}}

@book{farrell:2005,
	author = {Farrell, Patrick},
	year = {2005},
	title = {Grammatical relations},
	publisher = {Oxford University Press},
	address = {Oxford}}

@book{fedden:2011,
	author = {Fedden, Sebastian},
	year = {2011},
	title = {A grammar of {Mian}},
	publisher = {De Gruyter Mouton},
	address = {Berlin}}

@phdthesis{fehn:2014,
	author = {Fehn, Anne-Maria},
	year = {2014},
	title = {A grammar of {Ts’ixa (Kalahari Khoe)}},
	school = {University of Cologne},
	address = {Cologne}}

@book{feldman:1986,
	author = {Feldman, Harry},
	year = {1986},
	title = {A grammar of {Awtuw}},
	publisher = {Pacific Linguistics},
	address = {Canberra}}

@article{fell:2012,
	author = {Fell, Brian},
	year = {2012},
	title = {Applicatives and incorporation in {Ubykh}},
	journal = {SKY Journal of Linguistics},
	volume = {25},
	pages = {61--92}}

@book{fenwick:2011,
	author = {Fenwick, Rohan S. H.},
	year = {2011},
	title = {A grammar of {Ubykh}},
	publisher = {Lincom},
	address = {Munich}}

@book{fernandez:2014,
	author = {Estrada Fernández, Zarina},
	year = {2014},
	title = {Gramática de referencia del pima bajo},
	publisher = {University of Sonora},
	address = {Hermosillo}}

@phdthesis{field:1997,
	author = {Field, Kenneth L.},
	year = {1997},
	title = {A grammatical overview of {Santa Mongolian}},
	school = {University of California},
	address = {Santa Barbara}}

@incollection{fleck:2002,
	author = {Fleck, David W.},
	year = {2002},
	title = {Causation in {Matses (Panoan, Amazonian Peru)}},
	editor = {Shibatani, Masayoshi},
	booktitle = {The grammar of causation and interpersonal manipulation},
	pages = {373--415},
	publisher = {John Benjamins},
	address = {Amsterdam}}

@book{foley:1991,
	author = {Foley, William A.},
	year = {1991},
	title = {The {Yimas} language of {New Guinea}},
	publisher = {Stanford University Press},
	address = {Stanford}}

@book{forker:2013,
	author = {Forker, Diana},
	year = {2013},
	title = {A grammar of {Hinuq}},
	publisher = {De Gruyter Mouton},
	address = {Berlin}}

@article{forker:2014,
	author = {Forker, Diana},
	year = {2014},
	title = {A canonical approach to the argument/adjunct distinction},
	journal = {Linguistic Discovery},
	volume = {12},
	number = {2},
	pages = {27--40}}

@book{fortescue:1984,
	author = {Fortescue, Michael},
	year = {1984},
	title = {West {Greenlandic}},
	publisher = {Croom Helm},
	address = {London}}

@book{fortescue:2005,
	author = {Fortescue, Michael},
	year = {2005},
	title = {Comparative {Chukotko-Kamchatkan} dictionary},
	publisher = {Mouton de Gruyter},
	address = {Berlin}}

@incollection{fortescue:2007,
	author = {Fortescue, Michael},
	year = {2007},
	title = {Reciprocals in {West Greenlandic Eskimo}},
	editor = {Nedjalkov, Vladimir P.},
	booktitle = {Reciprocal constructions},
	volume = {2},
	pages = {813--842},
	publisher = {John Benjamins},
	address = {Amsterdam}}

@book{fortescue:al:1994,
	author = {Fortescue, Michael and Jacobson, Steven and Kaplan, Lawrence},
	year = {1994},
	title = {Comparative {Eskimo} dictionary with {Aleut} cognates},
	publisher = {Alaska Native Language Center},
	address = {Fairbanks}}

@article{franco:2019,
	author = {Franco, Ludovico},
	year = {2019},
	title = {A syntactic interpretation of the applicative-causative syncretism},
	journal = {Working Papers in Linguistics and Oriental Studies},
	volume = {5},
	pages = {107--134}}

@phdthesis{frank:1985,
	author = {Frank, Paul S.},
	year = {1985},
	title = {A grammar of {Ika}},
	school = {University of Pennsylvania},
	address = {Philadelphia}}

@phdthesis{fried:2010,
	author = {Fried, Robert W.},
	year = {2010},
	title = {A grammar of {Bao’an Tu}: {A Mongolic} language of {Northwest China}},
	school = {State University of New York},
	address = {Buffalo}}

@phdthesis{gabas:1999,
	author = {Gabas, Nilson},
	year = {1999},
	title = {A grammar of {Karo}, {Tupí (Brazil)}},
	school = {University of California},
	address = {Santa Barbara}}

@thesis{gandon:2013,
	author = {Gandon, Ophélie},
	year = {2013},
	title = {Le suffixe verbal du réciproque en turc et dans les langues turciques: {Un} marqueur polysémique},
	school = {Lumière University Lyon 2},
	address = {Lyon},
	type = {Master’s thesis}}

@incollection{gandon:2018,
	author = {Gandon, Ophélie},
	year = {2018},
	title = {The verbal reciprocal suffix in {Turkic} languages and the development of its different values},
	editor = {Akıncı, M. A. and Kutlay, Y.},
	booktitle = {The {Rouen} meeting: {Studies} on {Turkic} structures and language contacts},
	pages = {29--43},
	publisher = {Harrassowitz},
	address = {Wiesbaden}}

@book{ganiev:1997,
	author = {Ganiev, F. E.},
	year = {1997},
	title = {Rusča-tatarča suzlek},
	publisher = {Isnan},
	address = {Moscow}}

@article{geeraerts:1989,
	author = {Geeraerts, Dick},
	year = {1989},
	title = {Introduction: {Prospects} and problems of prototype theory},
	journal = {Linguistics},
	volume = {27},
	pages = {587--612}}

@book{geniusiene:1987,
	author = {Geniušienė, Emma},
	year = {1987},
	title = {The typology of reflexives},
	publisher = {Mouton de Gruyter},
	address = {Berlin}}

@book{georg:2007,
	author = {Georg, Stefan},
	year = {2007},
	title = {A descriptive grammar of {Ket (Yenisei-Ostyak)}},
	publisher = {Global Oriental},
	address = {Kent}}

@book{gerritsen:1990,
	author = {Gerritsen, Nelleke},
	year = {1990},
	title = {Russian reflexive verbs: {In} search of unity in diversity},
	publisher = {Rodopi},
	address = {Amsterdam}}

@unpublished{gildea:2015,
	author = {Gildea, Spike},
	year = {2015},
	title = {The evolution of valence categories in the {Cariban} family},
	note = {Paper presented at the Venezuelan Cariban Conference (Lyon, May 2015)}}

@unpublished{gildea:al:2016,
	author = {Gildea, Spike and Cáceres Arandia, Natalia and Meira, Sérgio and Sapién, Racquel-Maria},
	year = {2016},
	title = {Antipassive and semantic classes of verbs in the {Cariban} family},
	note = {Paper presented at the 49th Annual Meeting of the Societas Linguistica Europaea (Naples, August--September 2016)}}

@book{givon:2001a,
	author = {Givón, Talmy},
	year = {2001},
	title = {Syntax},
	volume = {1},
	publisher = {John Benjamins},
	address = {Amsterdam}}

@book{givon:2001b,
	author = {Givón, Talmy},
	year = {2001},
	title = {Syntax},
	volume = {2},
	publisher = {John Benjamins},
	address = {Amsterdam}}

@book{givon:2011,
	author = {Givón, Talmy},
	year = {2011},
	title = {Ute reference grammar},
	publisher = {John Benjamins},
	address = {Amsterdam}}

@phdthesis{gomes:2013,
	author = {Gomes, Antonio A. S.},
	year = {2013},
	title = {Sanapaná, uma língua {Maskoy}: {Aspectos} gramaticais},
	school = {University of Campinas},
	address = {Campinas}}

@book{goodenough:sugita:1980,
	author = {Goodenough, Ward H. and Sugita, Hiroshi},
	year = {1980},
	title = {Trukese-{English} dictionary: {Pwpwuken} tettenin fóos: {Chuuk-Ingenes}},
	publisher = {American Philosophical Society},
	address = {Philadelphia}}

@phdthesis{gravelle:2010,
	author = {Gravelle, Gloria J.},
	year = {2010},
	title = {A grammar of {Moskona}: {An East Bird’s Head Language of West Papua, Indonesia}},
	school = {Free University Amsterdam},
	address = {Amsterdam}}

@phdthesis{green:1995,
	author = {Green, Rebecca},
	year = {1995},
	title = {A grammar of {Gurr-Goni} ({North Central Arnhem Land})},
	school = {Australian National University},
	address = {Canberra}}

@incollection{green:2003,
	author = {Green, Rebecca},
	year = {2003},
	title = {Proto {Mainingrida} within {Proto Arnhem}: {Evidence} from verbal inflectional suffixes},
	editor = {Evans, Nicholas},
	booktitle = {The non-{Pama-Nyungan} languages of {Northern Australia}: {Comparative} studies of the continent’s most linguistically complex region},
	pages = {369--421},
	publisher = {Pacific Linguistics},
	address = {Canberra}}

@inbook{greenberg:1963,
	author = {Greenberg, Joseph H.},
	year = {1963},
	title = {Universals of language},
	chapter = {Some universals of grammar with particular reference to the order of meaningful elements},
	pages = {73--113},
	publisher = {MIT Press},
	address = {Cambridge}}

@book{greenberg:1966,
	author = {Greenberg, Joseph H.},
	year = {1966},
	title = {Language universals, with special reference to feature hierarchies},
	publisher = {Mouton},
	address = {Berlin}}

@unpublished{grinevald:1990,
	author = {Grinevald, Colette G.},
	year = {1990},
	title = {A grammar of {Rama}},
	note = {(Unpublished manuscript)}}

@book{guillaume:2008,
	author = {Guillaume, Antoine},
	year = {2008},
	title = {A grammar of {Cavineña}},
	publisher = {Mouton de Gruyter},
	address = {Berlin}}

@incollection{guillaume:rose:2010,
	author = {Guillaume, Antoine and Rose, Françoise},
	year = {2010},
	title = {Sociative causative markers in {South American} languages: {A} possible areal feature},
	editor = {Floricic, Frank},
	booktitle = {Essais de typologie et de linguistique générale: {Mélanges} offerts à {Denis Creissels}},
	publisher = {ENS Éditions},
	address = {Lyon}}

@phdthesis{guirardello:1999,
	author = {Guirardello, Raquel},
	year = {1999},
	title = {A reference grammar of {Trumai}},
	school = {Rice University},
	address = {Houston}}

@phdthesis{gunnink:2018,
	author = {Gunnink, Hilde},
	year = {2018},
	title = {Grammar of {Fwe}: {A} {Bantu} Language of {Zambia} and {Namibia}},
	school = {Ghent University},
	address = {Ghent}}

@book{haiman:2011,
	author = {Haiman, John},
	year = {2011},
	title = {Cambodian ({Khmer})},
	publisher = {John Benjamins},
	address = {Amsterdam}}

@article{hammarstrom:donohue:2014,
	author = {Hammarström, Harald and Donohue, Mark},
	year = {2014},
	title = {Some principles on the use of macro-areas in typological comparison},
	journal = {Language Dynamics and Change},
	volume = {4},
	pages = {167--187}}

@phdthesis{hanson:2010,
	author = {Hanson, Rebecca},
	year = {2010},
	title = {A grammar of {Yine (Piro)}},
	school = {La Trobe University},
	address = {Melbourne}}

@book{harrison:1976,
	author = {Harrison, Sheldon P.},
	year = {1976},
	title = {Mokilese reference grammar},
	publisher = {The University Press of Hawaii},
	address = {Honolulu}}

@book{hartmann:al:2013,
	editor = {Hartmann, Iren and Haspelmath, Martin and Taylor, Bradley},
	year = {2013},
	title = {Valency {Patterns Leipzig}},
	publisher = {Max Planck Institute for Evolutionary Anthropology},
	address = {Leipzig}}

@thesis{harvey:1986,
	author = {Harvey, Mark},
	year = {1986},
	title = {Ngoni waray aungal-yang: {The Waray} language from {Adelaide River}},
	school = {Australian National University},
	address = {Canberra},
	type = {Master’s thesis}}

@book{harvey:2001,
	author = {Harvey, Mark},
	year = {2001},
	title = {A grammar of {Limilngan}: {A} language of the {Mary River Region, Northern Territory, Australia}},
	publisher = {Pacific Linguistics},
	address = {Canberra}}

@book{harvey:2011,
	author = {Harvey, Mark},
	year = {2011},
	title = {A grammar of {Gaagudju}},
	publisher = {Mouton de Gruyter},
	address = {Berlin}}

@article{haspelmath:1990,
	author = {Haspelmath, Martin},
	year = {1990},
	title = {The grammaticization of passive morphology},
	journal = {Studies in Language},
	volume = {14},
	number = {1},
	pages = {25--72}}

@incollection{haspelmath:1993,
	author = {Haspelmath, Martin},
	year = {1993},
	title = {More on the typology of inchoative/causative verb alternations},
	editor = {Comrie, Bernard and Polinsky, Maria},
	booktitle = {Causatives and transitivity},
	pages = {87--120},
	publisher = {John Benjamins},
	address = {Amsterdam}}

@incollection{haspelmath:2003,
	author = {Haspelmath, Martin},
	year = {2003},
	title = {The geometry of grammatical meaning: {Semantic} maps and cross-linguistic comparison},
	editor = {Tomasello, Michael},
	booktitle = {The new psychology of language: {Cognitive} and functional approaches to language structure},
	volume = {2},
	pages = {211--242},
	publisher = {Lawrence Erlbaum Associates},
	address = {Mahwah}}

@article{haspelmath:2010a,
	author = {Haspelmath, Martin},
	year = {2010},
	title = {Comparative concepts and descriptive categories in crosslinguistic studies},
	journal = {Language},
	volume = {86},
	number = {3},
	pages = {663--687}}

@article {haspelmath:2010b,
	author = {Haspelmath, Martin},
	year = {2010},
	title = {The interplay between comparative concepts and descriptive categories (Reply to {Newmeyer})},
	journal = {Language},
	volume = {86},
	number = {3},
	pages = {696--699}}

@article {haspelmath:2011a,
	author = {Haspelmath, Martin},
	year = {2011},
	title = {On {S, A, P, T, and R} as comparative concepts for alignment typology},
	journal = {Linguistic Typology},
	volume = {15},
	pages = {535--567}}

@article {haspelmath:2011b,
	author = {Haspelmath, Martin},
	year = {2011},
	title = {The indeterminacy of word segmentation and the nature of morphology and syntax},
	journal = {Folia Linguistica},
	volume = {45},
	number = {1},
	pages = {31--80}}

@article {haspelmath:2014,
	author = {Haspelmath, Martin},
	year = {2014},
	title = {Arguments and adjuncts as language-particular syntactic categories and as comparative concepts},
	journal = {Linguistic Discovery},
	volume = {12},
	number = {2},
	pages = {3--11}}

@article{haspelmath:2016a,
	author = {Haspelmath, Martin},
	year = {2016},
	title = {The challenge of making language description and comparison mutually beneficial},
	journal = {Linguistic Typology},
	volume = {20},
	number = {2},
	pages = {299--303}}

@article{haspelmath:2016b,
	author = {Haspelmath, Martin},
	year = {2016},
	title = {The serial verb construction: {Comparative} concept and cross-linguistic generalizations},
	journal = {Language and linguistics},
	volume = {17},
	number = {3},
	pages = {291--319}}

@incollection{haspelmath:2018,
	author = {Haspelmath, Martin},
	year = {2018},
	title = {How comparative concepts and descriptive linguistic categories are different},
	editor = {Van Olmen, Daniël and Mortelmans, Tanja and Brisard, Frank},
	booktitle = {Aspects of linguistic variation},
	pages = {83--114},
	publisher = {De Gruyter},
	address = {Berlin}}

@unpublished{haspelmath:2019,
	author = {Haspelmath, Martin},
	year = {2019},
	title = {Comparing reflexive constructions in the world’s languages},
	note = {(Unpublished manuscript)}}

@incollection{haspelmath:hartmann:2015,
	author = {Haspelmath, Martin and Hartmann, Iren},
	year = {2015},
	title = {Comparing verbal valency across languages},
	editor = {Malchukov, Andrej and Comrie, Bernard},
	maintitle = {Valency classes in the world's languages},
	booktitle = {Introducing the framework, and case studies from {Africa} and {Eurasia}},
	volume = {1},
	pages = {41--71},
	publisher = {De Gruyter Mouton},
	address = {Berlin}}

@incollection{haspelmath:muller-bardey:2004,
	author = {Haspelmath, Martin and Thomas Müller-Bardey},
	year = {2004},
	title = {Valency change},
	editor = {Booij, Geert E. and Lehmann, Christian and Mugdan, Joachim and Skopeteas, Stavros and Kesselheim, Wolfgang},
	booktitle = {Morphology: {An} international handbook on inflection and word-formation},
	volume = {2},
	pages = {1130--1145},
	publisher = {Walter de Gruyter},
	address = {Berlin}}

@phdthesis{hatfield:2016,
	author = {Hatfield, Adam},
	year = {2016},
	title = {A grammar of {Mehek}},
	school = {State University of New York},
	address = {Buffalo}}

@phdthesis{haude:2006,
	author = {Haude, Katharina},
	year = {2006},
	title = {A grammar of {Movima}},
	school = {Radboud University},
	address = {Nijmegen}}

@incollection{haude:2012,
	author = {Haude, Katharina},
	year = {2012},
	title = {Undergoer orientation in {Movima}},
	editor = {Authier, Gilles and Haude, Katharina},
	booktitle = {Ergativity, valency and voice},
	pages = {259--287},
	publisher = {De Gruyter Mouton},
	address = {Berlin}}

@phdthesis{haurholm-larsen:2016,
	author = {Haurholm-Larsen, Steffen},
	year = {2016},
	title = {A grammar of {Garifuna}},
	publisher = {University of Bern},
	address = {Bern}}

@incollection{haviland:1979,
	author = {Haviland, John},
	year = {1979},
	title = {Guugu {Yimidhirr}},
	editor = {Dixon, R. M. W. and Blake, Barry J.},
	booktitle = {Handbook of {Australian} languages},
	volume = {1},
	pages = {27--180},
	publisher = {The Australian National University Press},
	address = {Canberra}}

@phdthesis{hayami-allen:2001,
	author = {Hayami-Allen, Rika},
	year = {2001},
	title = {A descriptive study of the language of {Ternate}, the {Northern Moluccas, Indonesia}},
	school = {University of Pittsburgh},
	address = {Pittsburgh}}

@incollection{hayward:1984,
	author = {Hayward, Richard J.},
	year = {1984},
	title = {A reconstruction of some root extensions of the {Eastern Cushitic} verb},
	editor = {Bynon, James},
	booktitle = {Current progress in {Afro-Asiatic} linguistics},
	pages = {69--109},
	publisher = {John Benjamins},
	address = {Amsterdam}}

@book{heath:1978,
	author = {Heath, Jeffrey},
	year = {1978},
	title = {Ngandi grammar, texts, and dictionary},
	publisher = {Humanities Press},
	address = {Amherst}}

@book{heath:1984,
	author = {Heath, Jeffrey},
	year = {1984},
	title = {Functional grammar of {Nunggubuyu}},
	publisher = {Pacific Linguistics},
	address = {Canberra}}

@unpublished{heath:2014,
	author = {Heath, Jeffrey},
	year = {2014},
	title = {A grammar of {Humburi Senni (Songhay of Hombori, Mali)}},
	note = {(Unpublished manuscript)}}

@unpublished{heath:2017a,
	author = {Heath, Jeffrey},
	year = {2017},
	title = {A grammar of {Jalkunan (Mande, Burkina Faso)}},
	note = {(Unpublished manuscript)}}

@unpublished{heath:2017b,
	author = {Heath, Jeffrey},
	year = {2017},
	title = {A grammar of {Yanda Dom (Dogon, Mali)}},
	note = {(Unpublished manuscript)}}

@phdthesis{heaton:2017,
	author = {Heaton, Raina},
	year = {2017},
	title = {A typology of antipassives, with special reference to {Mayan}},
	school = {University of Hawaiʻi at Mānoa},
	address = {Honolulu}}

@article{heaton:2020,
	author = {Heaton, Raina},
	year = {2020},
	title = {Antipassives in crosslinguistic perspective},
	journal = {Annual Review of Linguistics},
	volume = {6},
	pages = {131--153}}

@incollection{heine:2000,
	author = {Heine, Bernd},
	year = {2000},
	title = {Polysemy involving reflexive and reciprocal markers in {African} languages},
	editor = {Frajzyngier, Zygmunt and Curl, Traci S.},
	booktitle = {Reciprocals: {Forms} and functions},
	pages = {1--29},
	publisher = {John Benjamins},
	address = {Amsterdam}}

@book{heine:konig:2015,
	author = {Heine, Bernd and König, Christa},
	year = {2015},
	title = {The {!Xun} language: {A} dialect grammar of {Northern Khoisan}},
	publisher = {Rüdiger Köppe},
	address = {Cologne}}

@book{heine:kuteva:2002,
	author = {Heine, Bernd and Kuteva, Tania},
	year = {2002},
	title = {World lexicon of grammaticalization},
	publisher = {Cambridge University Press},
	address = {Cambridge}}

@book{heine:kuteva:2007,
	author = {Heine, Bernd and Kuteva, Tania},
	year = {2007},
	title = {The genesis of grammar: {A} reconstruction},
	publisher = {Oxford University Press},
	address = {Oxford}}

@incollection{heine:miyashita:2008,
	author = {Heine, Bernd and Miyashita, Hiroyuki},
	year = {2008},
	title = {The intersection between reflexives and reciprocals: {A} grammaticalization perspective},
	editor = {König, Ekkehard and Gast, Volker},
	booktitle = {Reciprocals and reflexives: {Theoretical} and typological explorations},
	pages = {169--223},
	publisher = {Mouton de Gruyter},
	address = {Berlin}}

@phdthesis{hellenthal:2010,
	author = {Hellenthal, Anne-Christie},
	year = {2010},
	title = {A grammar of {Sheko}},
	school = {Leiden University},
	address = {Leiden}}

@book{hellwig:2011,
	author = {Hellwig, Birgit},
	year = {2011},
	title = {A grammar of {Goemai}},
	publisher = {De Gruyter Mouton},
	address = {Berlin}}

@unpublished{hemmila:luoma:1987,
	author = {Hemmilä, Ritva and Luoma, Pirkko},
	year = {1987},
	title = {Urim grammar},
	note = {(Unpublished manuscript)}}

@phdthesis{hernandez-green:2015,
	author = {Hernández-Green, Néstor},
	year = {2015},
	title = {Morfosintaxis verbal del otomí de {Acazulco}},
	school = {Centre for Research and Advanced Studies in Social Anthropology},
	address = {Mexico City}}

@phdthesis{higuita:2008,
	author = {Higuita, Jesús M. G.},
	year = {2008},
	title = {Una gramática del wã́nsöjöt},
	school = {Free University Amsterdam},
	address = {Amsterdam}}

@book{hilders:lawrance:1956,
	author = {Hilders, J. H. and Lawrance, J. C. D.},
	year = {1956},
	title = {An introduction to the {Ateso} language},
	publisher = {Eagle Press},
	address = {Kampala}}

@book{hill:2005,
	author = {Hill, Jane H.},
	year = {2005},
	title = {A grammar of {Cupeño}},
	publisher = {University of California Press},
	address = {Berkeley}}

@incollection{hock:2019,
	author = {Hock, Hans H.},
	year = {2019},
	title = {Anticausative and passive in {Vedic}: {Which} way reanalysis?},
	editor = {Heltoft, Lars and Igatura, Ivan and Joseph, Brian D. and Kragh, Kirsten J. and Schøsler, Lene},
	booktitle = {Perspectives on language structure and language change},
	pages = {181--191},
	publisher = {John Benjamins},
	address = {Amsterdam}}

@phdthesis{holton:2000,
	author = {Holton, Gary},
	year = {2000},
	title = {The phonology and morphology of the {Tanacross Athabaskan} language},
	school = {University of California},
	address = {Santa Barbara}}

@phdthesis{honeyman:2017,
	author = {Honeyman, Thomas},
	year = {2017},
	title = {A grammar of {Momu}: {A} language of {Papua New Guinea}},
	school = {Australian National University},
	address = {Canberra}}

@article{hopper:thompson:1980,
	author = {Hopper, Paul J. and Thompson, Sandra A.},
	year = {1980},
	title = {Transitivity in grammar and discourse},
	journal = {Language},
	volume = {56},
	number = {2},
	pages = {251--299}}

@incollection{hopper:thompson:1982,
	author = {Hopper, Paul J. and Thompson, Sandra A.},
	year = {1982},
	title = {Introduction},
	editor = {Hopper, Paul J. and Thompson, Sandra A.},
	booktitle = {Studies in transitivity},
	pages = {1--5},
	publisher = {Academic Press},
	address = {Cambridge}}

@book{hualde:de-urbina:2003,
	editor = {Hualde, José I. and de Urbina, Jon O.},
	year = {2003},
	title = {A grammar of {Basque}},
	publisher = {Mouton de Gruyter},
	address = {Berlin}}

@phdthesis{huber:2011,
	author = {Huber, Juliette},
	year = {2011},
	title = {A grammar of {Makalero}: {A} {Papuan} language of {East Timor}},
	publisher = {Leiden University},
	address = {Leiden}}

@incollection{hyman:2007,
	author = {Hyman, Larry M.},
	year = {2007},
	title = {Niger-{Congo} verb extensions: {Overview} and discussion},
	editor = {Payne, Doris L. and Peña, Jaime},
	booktitle = {Selected proceedings of the 37th {Annual Conference on African Linguistics}},
	pages = {149--163},
	publisher = {Cascadilla Proceedings Project},
	address = {Somerville}}

@article{ichihashi-nakayama:1996,
	author = {Ichihashi-Nakayama, Kumiko},
	year = {1996},
	title = {The “applicative” in {Hualapai}: {Its} functions and meanings},
	journal = {Cognitive Linguistics},
	volume = {7},
	number = {2},
	pages = {227--239}}

@article{ichihashi-nakayama:al:1997,
	author = {Ichihashi-Nakayama, Kumiko and Bender, Jorigine and Yamamota, Akira Y.},
	year = {1997},
	title = {Transitivity and auxiliary alternation in {Hualapai}},
	journal = {Journal of the Linguistic Society of Japan},
	volume = {111},
	pages = {1--17}}

@article{inglese:2017,
	author = {Inglese, Guglielmo},
	year = {2017},
	title = {A synchronic and diachronic typology of {Hittite} reciprocal constructions},
	journal = {Studies in Language},
	volume = {41},
	number = {4},
	pages = {956--1006}}
	
@book{inglese:2020,
	author = {Inglese, Guglielmo},
	year = {2020},
	title = {The {Hittite} middle voice},
	publisher = {Brill},
	address = {Leiden}}

@book{israeli:1997,
	author = {Israeli, Alina},
	year = {1997},
	title = {Semantics and pragmatics of the “reflexive” verbs in {Russian}},
	publisher = {Otto Sagner},
	address = {Munich}}

@book{ittmann:1939,
	author = {Ittmann, Johannes},
	year = {1939},
	title = {Grammatik des {Duala (Kamerun)}},
	publisher = {D. Reimer},
	address = {Berlin}}

@book{jacobsen:1982,
	author = {Jacobsen, Wesley},
	year = {1982},
	title = {Transitivity in the {Japanese} verbal system},
	publisher = {Indiana University Linguistics Club},
	address = {Bloomington}}

@article{janhunen:1982,
	author = {Janhunen, Juha},
	year = {1982},
	title = {On the structure of {Proto-Uralic}},
	journal = {Finnisch-Ugrische Forschungen},
	volume = {44},
	pages = {23--42}}

@book{janhunen:2003a,
	author = {Janhunen, Juha},
	year = {2003},
	title = {The {Mongolic} languages},
	publisher = {Routledge},
	address = {London}}

@incollection{janhunen:2003b,
	author = {Janhunen, Juha},
	year = {2003},
	title = {{Proto-Mongolic}},
	editor = {Janhunen, Juha},
	booktitle = {The {Mongolic} languages},
	pages = {1--29},
	publisher = {Routledge},
	address = {London}}

@book{janhunen:2012,
	author = {Janhunen, Juha},
	year = {2012},
	title = {Mongolian},
	publisher = {John Benjamins},
	address = {Amsterdam}}

@incollection{janic:2010,
	author = {Janic, Katarzyna},
	year = {2010},
	title = {On the reflexive-antipassive polysemy: {Typological} convergence from unrelated languages},
	editor = {Rolle, Nicholas and Steman, Jeremy and Sylak-Glassman, John},
	booktitle = {Proceedings of the Thirty Sixth Annual Meeting of the {Berkeley Linguistics Society}},
	publisher = {Berkeley Linguistics Society},
	address = {Berkeley},
	pages = {158--173}}

@article{janic:2016,
	author = {Janic, Katarzyna},
	year = {2016},
	title = {Synchronic and diachronic aspects of valency-reducing devices in {Oceanic} languages},
	journal = {Lingua Posnaniensis},
	volume = {58},
	number = {2},
	pages = {151--188}}

@phdthesis{jansen:2010,
	author = {Jansen, Joana W.},
	year = {2010},
	title = {A grammar of {Yakima Ichishkíin/Sahaptin}},
	school = {University of Oregon},
	address = {Eugene}}

@book{jany:2009,
	author = {Jany, Carmen},
	year = {2009},
	title = {Chimariko grammar: {Areal} and typological perspective},
	publisher = {University of California Press},
	address = {Berkeley}}

@phdthesis{jara:2013,
	author = {Jara, Yolanda V.},
	year = {2013},
	title = {Predication in {Rarómuri (Urique Tarahumara)}},
	school = {University of Oregon},
	address = {Eugene}}

@thesis{jendraschek:2012,
	author = {Jendraschek, Gerd},
	year = {2012},
	title = {A grammar of {Iatmul}},
	school = {University of Regensburg},
	address = {Regensburg},
	type = {Habilitation thesis}}

@incollection{jensen:1998,
	author = {Jensen, Cheryl},
	year = {1998},
	title = {Comparative study: {Tupí-Guaraní}},
	editor = {Derbyshire, Desmond C. and Pullum, Geoffrey K.},
	booktitle = {Handbook of {Amazonian} languages},
	volume = {4},
	pages = {489--618},
	publisher = {Mouton de Gruyter},
	address = {Berlin}}

@article{jerro:2017,
	author = {Jerro, Kyle},
	year = {2017},
	title = {The causative-instrumental syncretism},
	journal = {Journal of Linguistics},
	volume = {53},
	number = {4},
	pages = {1--38}}

@phdthesis{johnston:1978,
	author = {Johnston, Raymond L.},
	year = {1978},
	title = {Nakanai syntax},
	school = {Australian National University},
	address = {Canberra}}

@book{joseph:2007,
	author = {Joseph, U. V.},
	year = {2007},
	title = {Rabha},
	publisher = {Brill},
	address = {Leiden}}

@phdthesis{joswig:2019,
	author = {Joswig, Andreas},
	year = {2019},
	title = {The {Majang} language},
	school = {Leiden University},
	address = {Leiden}}

@incollection{juarez:gonzalez:2017,
	author = {Juárez, Cristian and González, Albert Á.},
	year = {2017},
	title = {The antipassive marking in {Mocoví}},
	editor = {González, Albert A. and Navarro, Ía},
	booktitle = {Verb valency changes: {Theoretical} and typological perspectives},
	pages = {227--255},
	publisher = {John Benjamins},
	address = {Amsterdam}}

@phdthesis{jukes:2006,
	author = {Jukes, Anthony},
	year = {2006},
	title = {Makassarese (basa {Mangkasara’}): {A} description of an {Austronesian} language of {South Sulawesi}},
	school = {University of Melbourne},
	address = {Melbourne}}
	
@incollection{jukes:2013,
	author = {Jukes, Anthony},
	year = {2013},
	title = {Voice, valence, and focus in {Makassarese}},
	editor = {Adelaar, Alexander},
	booktitle = {Voice variation in {Austronesian} languages of {Indonesia}},
	pages = {67--84},
	publisher = {Atma Jaya Catholic University of Indonesia},
	address = {Jakarta}}

@phdthesis{julian:2010,
	author = {Julian, Charles},
	year = {2010},
	title = {A history of {Iroquoian} languages},
	school = {University of Manitoba},
	address = {Winnipeg}}

@book{jung:2008,
	author = {Jung, Ingrid},
	year = {2008},
	title = {Gramática del {Páez} o {Nasa Yuwe}: {Descripción} de una lengua indígena de {Colombia}},
	publisher = {Lincom},
	address = {Munich}}

@incollection{kakumasu:1986,
	author = {Kakumasu, James},
	year = {1986},
	title = {Urubu-Kaapor},
	editor = {Derbyshire, Desmond C. and Pullum, Geoffrey K.},
	booktitle = {Handbook of {Amazonian} languages},
	volume = {1},
	pages = {326--403},
	publisher = {Mouton de Gruyter},
	address = {Berlin}}	

@phdthesis{kamil:2015,
	author = {Hassan Kamil, Mohamed},
	year = {2015},
	title = {L’afar: {Description} grammaticale d’une langue couchitique ({Djibouti, Erythrée et Ethiopie})},
	school = {INALCO},
	address = {Paris}}

@phdthesis{kanchoua:2005,
	author = {Kanchoua, Laré},
	year = {2005},
	title = {Description de la langue moba: {Approche} synchronique},
	school = {University of Lomé},
	address = {Lomé}}

@phdthesis{kanu:2012,
	author = {Kanu, Sullay M.},
	year = {2012},
	title = {Valence-increasing morphology in {Temne}},
	school = {University of Alberta},
	address = {Edmonton}}

@book{kari:2004,
	author = {Kari, Ethelbert E.},
	year = {2004},
	title = {A reference grammar of {Degema}},
	publisher = {Rüdiger Köppe},
	address = {Cologne}}

@incollection{karoly:1982,
	author = {Károly, Sándor},
	year = {1982},
	title = {Intransitive-transitive derivational suffixes in {Hungarian}},
	editor = {Kiefer, Ferenc},
	booktitle = {Hungarian general linguistics},
	pages = {185--243},
	publisher = {John Benjamins},
	address = {Amsterdam}}
	
@incollection{kasz:2013,
	author = {Kász, Csilla},
	year = {2013},
	title = {Modern {Standard Arabic} valency patterns},
	editor = {Hartmann, Iren and Haspelmath, Martin},
	booktitle = {Valency {Patterns Leipzig}},
	publisher = {Max Planck Institute for Evolutionary Anthropology},
	address = {Leipzig}}

@phdthesis{kawachi:2007,
	author = {Kawachi, Kazuhiro},
	year = {2007},
	title = {A grammar of {Sidaama (Sidamo)}, a {Cushitic} language of {Ethiopia}},
	scshool = {State University of New York},
	address = {Buffalo}}

@article{kazenin:1994,
	author = {Kazenin, Konstantin I.},
	year = {1994},
	title = {On the lexical distribution of agent-preserving and object-preserving transitivity alternations},
	journal = {Nordic Journal of Linguistics},
	volume = {17},
	number = {2},
	pages = {141--154}}

@incollection{kazenin:2001a,
	author = {Kazenin, Konstantin I.},
	year = {2001},
	title = {The passive voice},
	editor = {Haspelmath, Martin and König, Ekkehard and Oesterreicher, Wulf and Raible, Wolfgang},
	booktitle = {Language typology and language universals: {An} international handbook},
	volume = {2},
	pages = {899--916},
	publisher = {Walter de Gruyter},
	address = {Berlin}}
	
@incollection{kazenin:2001b,
	author = {Kazenin, Konstantin I.},
	year = {2001},
	title = {Verbal reflexives and the middle voice},
	editor = {Haspelmath, Martin and König, Ekkehard and Oesterreicher, Wulf and Raible, Wolfgang},
	booktitle = {Language typology and language universals: {An} international handbook},
	volume = {2},
	pages = {916--928},
	publisher = {Walter de Gruyter},
	address = {Berlin}}

@phdthesis{kebebew:2018,
	author = {{Lemmi Kebebew Gnarie}},
	shortauthor = {Lemmi},
	sortkey = {Lemmi},
	year = {2018},
	title = {Grammatical description and documentation of {Bayso}},
	school = {Addis Ababa University},
	address = {Addis Ababa}}

@book{kemmer:1993,
	author = {Kemmer, Suzanne},
	year = {1993},
	title = {The middle voice},
	publisher = {John Benjamins},
	address = {Amsterdam}}

@incollection{kemmer:1994,
	author = {Kemmer, Suzanne},
	year = {1994},
	title = {Middle voice, transitivity, and the elaboration of events},
	editor = {Fox, Barbara A. and Hopper, Paul J.},
	booktitle = {Voice: {Form} and function},
	pages = {179--230},
	publisher = {John Benjamins},
	address = {Amsterdam}}

@phdthesis{khachaturyan:2014,
	author = {Khachaturyan, Maria},
	year = {2014},
	title = {Grammaire de la langue mano (mandé-sud) dans une perspective typologique},
	school = {INALCO},
	address = {Paris}}

@phdthesis{khatiwada:2016,
	author = {Khatiwada, Karnakhar},
	year = {2016},
	title = {Dhimal morphosyntax},
	school = {Tribhuvan University},
	address = {Kathmandu}}

@phdthesis{kibebe:2015,
	author = {{Kibebe Tsehay Taye}},
	shortauthor = {Kibebe},
	sortkey = {Kibebe},
	year = {2015},
	title = {Documentation and grammatical description of {Chabu}},
	school = {Addis Ababa University},
	address = {Addis Ababa}}

@book{kiefer:1973,
	editor = {Kiefer, Ferenc},
	year = {1973},
	title = {Trends in {Soviet} theoretical linguistics},
	publisher = {D. Reidel},
	address = {Dordrecht}}

@article{kikusawa:2012,
	author = {Kikusawa, Ritsuko},
	year = {2012},
	title = {On the development of applicative constructions in {Austronesian} languages},
	journal = {Bulletin of the National Museum of Ethnology},
	volume = {36},
	number = {4},
	pages = {413--455}}

@phdthesis{killian:2015,
	author = {Killian, Don},
	year = {2005},
	title = {Topics in {Uduk} phonology and morphosyntax},
	school = {University of Helsinki},
	address = {Helsinki}}

@phdthesis{kim:2008,
	author = {Kim, Yuni},
	year = {2008},
	title = {Topics in the phonology and morphology of {San Francisco} del {Mar Huave}},
	school = {University of California},
	address = {Berkeley}}

@book{king:g:2003,
	author = {King, Gareth},
	year = {2003},
	title = {Modern {Welsh}: {A} comprehensive grammar},
	publisher = {Routledge},
	address = {London}}

@book{king:j:2009,
	author = {King, John T.},
	year = {2009},
	title = {A grammar of {Dhimal}},
	publisher = {Brill},
	address = {Leiden}}

@book{kioko:2005,
	author = {Kioko, Angelina Nd.},
	year = {2005},
	title = {Theoretical issues in the grammar of {Kikamba}, a {Bantu} language},
	publisher = {Lincom},
	address = {Munich}}

@book{kirillova:2008,
	author = {Kirillova, Ljudmila E.},
	year = {2008},
	title = {Udmurtsko-russkij slovar'},
	publisher = {Russian Academy of Sciences},
	address = {Iževsk}}

@incollection{kishimoto:al:2015,
	author = {Kishimoto, Hideki and Kageyama, Taro and Sasaki, Kan},
	year = {2015},
	title = {Valency classes in {Japanese}},
	editor = {Malchukov, Andrej and Comrie, Bernard},
	maintitle = {Valency classes in the world's languages},
	booktitle = {Case studies from {Austronesia} and the {Pacific}, the {Americas}, and theoretical outlook},
	volume = {2},
	pages = {765--805},
	publisher = {De Gruyter Mouton},
	address = {Berlin}}

@book{kittila:2002,
	author = {Kittilä, Seppo},
	year = {2002},
	title = {Transitivity: {Towards} a comprehensive typology},
	publisher = {Åbo Akademi University Press},
	address = {Turku}}

@incollection{kittila:2010,
	author = {Kittilä, Seppo},
	year = {2010},
	title = {Transitivity typology},
	editor = {Song, Jae Jung},
	booktitle = {The {Oxford} handbook of linguistic typology},
	pages = {346--367},
	publisher = {Oxford University Press},
	address = {Oxford}}

@incollection{kittila:2015,
	author = {Kittilä, Seppo},
	year = {2015},
	title = {Valence change: {General} and {Zapotec} perspectives},
	editor = {Operstein, Natalie and Sonnenschein, Aaron Huey},
	booktitle = {Valence changes in {Zapotec}: {Synchrony}, diachrony, typology},
	pages = {345--380},
	publisher = {John Benjamins},
	address = {Amsterdam}}

@incollection{klaiman:1982,
	author = {Klaiman, M. H.},
	year = {1982},
	title = {Affectiveness and the voice system of {Japanese}: {Satisfaction} guaranteed or your money back},
	editor = {Macaulay, Monica and Gensler, Orin D. and Brugman, Claudia and Čivkulis, Inese and Dahlström, Amy and Krile, Katherine and Sturm, Rob},
	booktitle = {Proceedings of the Eighth Annual Meeting of the {Berkeley Linguistics Society}},
	publisher = {Berkeley Linguistics Society},
	address = {Berkeley},
	pages = {398--413}}

@book{klaiman:1991,
	author = {Klaiman, M. H.},
	year = {1991},
	title = {Grammatical voice},
	publisher = {Cambridge University Press},
	address = {Cambridge}}

@book{klamer:2010,
	author = {Klamer, Marian},
	year = {2010},
	title = {A grammar of {Teiwa}},
	publisher = {De Gruyter Mouton},
	address = {Berlin}}

@incollection{knjazev:1998,
	author = {Knjazev, Jurij},
	year = {1998},
	title = {Towards a typology of grammatical polysemy: {Reflexive} markers as markers of reciprocity},
	editor = {Kulikov, Leonid and Vater, Heinz},
	booktitle = {Typology of verbal categories: {Papers} presented to {Vladimir Nedjalkov} on the occasion of his 70th birthday},
	pages = {185--194},
	publisher = {Max Niemeyer},
	address = {Tübingen}}

@incollection{knjazev:2007,
	author = {Knjazev, Jurij},
	year = {2007},
	title = {Reciprocal constructions in {Russian}},
	editor = {Nedjalkov, Vladimir P.},
	booktitle = {Reciprocal constructions},
	volume = {2},
	pages = {673--707},
	publisher = {John Benjamins},
	address = {Amsterdam}}

@incollection{knott:1995,
	author = {Knott, Judith},
	year = {1995},
	title = {The causative-passive correlation},
	editor = {Bennett, David C. and Bynon, Theodora and Hewitt, B. George},
	booktitle = {Subject, voice and ergativity: {Selected} essays},
	pages = {53--59},
	publisher = {University of London},
	address = {London}}

@phdthesis{kozmacs:2003,
	author = {Kozmács, István},
	year = {2003},
	title = {Az  \emph{-śk-} képző az udmurt (votják) igeképzés rendszerében},
	school = {University of Szeged},
	address = {Szeged}}

@book{krishnamurti:gwynn:1985,
	author = {Krishnamurti, Bh. and Gwynn, J. P. L.},
	year = {1985},
	title = {A grammar of modern {Telugu}},
	publisher = {Oxford University Press},
	address = {Oxford}}

@phdthesis{kroon:2016,
	author = {Kroon, Yosep B.},
	year = {2016},
	title = {A grammar of {Solor - Lamaholot}: {A} language of {Flores, Eastern Indonesia}},
	school = {University of Adelaide},
	address = {Adelaide}}

@book{kruger:1846,
	author = {Krüger, Karl W.},
	year = {1846},
	title = {Griechische {Sprachlehre} für {Schulen}},
	publisher = {K. W. Krüger}}

@book{kruspe:2004,
	author = {Kruspe, Nicole},
	year = {2004},
	title = {A grammar of {Semelai}},
	publisher = {Cambridge University Press},
	address = {Cambridge}}

@incollection{kulikov:1993,
	author = {Kulikov, Leonid},
	year = {1993},
	title = {The “second causative”: {A} typological sketch},
	editor = {Comrie, Bernard and Polinsky, Maria},
	booktitle = {Causatives and transitivity},
	pages = {121--154},
	publisher = {John Benjamins},
	address = {Amsterdam}}

@incollection{kulikov:2000,
	author = {Kulikov, Leonid},
	year = {2000},
	title = {Vedic causative nasal presents and their thematicization: {A} functional approach},
	editor = {Smith, John C. and Bentley, Delia},
	booktitle = {Historical linguistics 1995: {General} issues and non-{Germanic} languages},
	pages = {191--209},
	publisher = {John Benjamins},
	address = {Amsterdam}}

@incollection{kulikov:2001,
	author = {Kulikov, Leonid},
	year = {2001},
	title = {Causatives},
	editor = {Haspelmath, Martin and König, Ekkehard and Oesterreicher, Wulf and Raible, Wolfgang},
	booktitle = {Language typology and language universals: {An} international handbook},
	volume = {2},
	pages = {886--898},
	publisher = {Walter de Gruyter},
	address = {Berlin}}

@incollection{kulikov:2007,
	author = {Kulikov, Leonid},
	year = {2007},
	title = {Reciprocal constructions in {Vedic}},
	editor = {Nedjalkov, Vladimir P.},
	booktitle = {Reciprocal constructions},
	volume = {2},
	pages = {709--738},
	publisher = {John Benjamins},
	address = {Amsterdam}}

@incollection{kulikov:2012,
	author = {Kulikov, Leonid},
	year = {2012},
	title = {Voice and valency derivations in {Old Indo-Aryan} in a diachronic typological perspective: {The} degrammaticalization of the middle and other trends in the {Vedic} verbal system},
	editor = {Melazzo, Lucio},
	booktitle = {Usare il presente per spiegare il passato: {Teorie} linguistiche contemporanee e lingue storiche},
	pages = {161--191},
	publisher = {Il Calamo},
	address = {Grosseto}}
	
@incollection{kulikov:2009,
	author = {Kulikov, Leonid},
	year = {2009},
	title = {Valency-changing categories in {Indo-Aryan} and {Indo-European}: {A} diachronic typological portrait of {Vedic Sanskrit}},
	editor = {Saxena, Anju and Viberg, Åke},
	booktitle = {Multilingualism: {Proceedings} of the 23rd {Scandinavian Conference of Linguistics}},
	pages = {75--92},
	publisher = {Uppsala University},
	address = {Uppsala}}

@incollection{kulikov:2010,
	author = {Kulikov, Leonid},
	year = {2010},
	title = {Voice typology},
	editor = {Song, Jae Jung},
	booktitle = {The {Oxford} handbook of linguistic typology},
	pages = {368--398},
	publisher = {Oxford University Press},
	address = {Oxford}}

@incollection{kulikov:2011a,
	author = {Kulikov, Leonid},
	year = {2011},
	title = {The {Vedic} root variants of the type {\emph{CaC} // \emph{C(C)ā}}: {Morphophonological} features and syntactic patterns},
	editor = {Krisch, Thomas and Lindner, Thomas},
	booktitle = {Indogermanistik und {Linguistik im Dialog}: {Akten der XIII. Fachtagung der Indogermanischen Gesellschaft} vom 21. bis 27. {September 2008 in Salzburg}},
	pages = {310--320},
	publisher = {Reichert},
	address = {Wiesbaden}}
	
@incollection{kulikov:2011b,
	author = {Kulikov, Leonid},
	year = {2011},
	title = {Passive to anticausative through impersonalization: {The} case of {Vedic} and {Indo-European}},
	editor = {Malchukov, Andrej and Siewierska, Anna},
	booktitle = {Impersonal constructions: {A} cross-linguistic perspective},
	pages = {229--254},
	publisher = {John Benjamins},
	address = {Amsterdam}}

@incollection{kulikov:2013,
	author = {Kulikov, Leonid},
	year = {2013},
	title = {Middle and reflexive},
	editor = {Luraghi, Silvia and Parodi, Claudia},
	booktitle = {The {Bloomsbury} companion to syntax},
	pages = {261--280},
	publisher = {Bloomsbury},
	address = {London}}

@incollection{kulikov:2017,
	author = {Kulikov, Leonid},
	year = {2017},
	title = {The syntax of {Indic}},
	editor = {Klein, Jared and Joseph, Brian and Fritz, Matthias and Wenthe, Mark},
	booktitle = {Handbook of comparative and historical {Indo-European} linguistics},
	volume = {1},
	pages = {377--409},
	publisher = {De Gruyter Mouton},
	address = {Berlin}}
	
@incollection{kulikov:lavidas:2017,
	author = {Kulikov, Leonid and Lavidas, Nikolaos},
	year = {2017},
	title = {Between passive and middle: {Evidence} from {Greek} and beyond},
	editor = {Hellan, Lars and Malchukov, Andrej and Cennamo, Michela},
	booktitle = {Contrastive studies in verbal valency},
	pages = {297--325},
	publisher = {John Benjamins},
	address = {Amsterdam}}

@article{kulikov:nedjalkov:1992,
	author = {Kulikov, Leonid and Nedjalkov, Vladimir P.},
	year = {1992},
	title = {Questionnaire zur {Kausativierung}},
	journal = {Sprachwissenschaft und Kommunikationsforschung},
	volume = {45},
	number = {2},
	pages = {137--149}}

@phdthesis{kumar:2012,
	author = {Kumar, Pramod},
	year = {2012},
	title = {Descriptive and typological study of {Jarawa}},
	school = {Jawaharlal Nehru University},
	address = {New Delhi}}

@article{kurebito:2012,
	author = {Kurebito, Tokusu},
	year = {2012},
	title = {An outline of valency-reducing operations in {Chukchi}},
	journal = {Senri Ethnological Studies},
	volume = {77},
	pages = {177--189}}

@book{kurylowicz:1964,
	author = {Kuryłowicz, Jerzy},
	year = {1964},
	title = {The inflectional categories of {Indo-European}},
	publisher = {Carl Winter},
	address = {Heidelberg}}

@incollection{kuular:2007,
	author = {Kuular, Klara B.},
	year = {2007},
	title = {Reciprocals, sociatives, comitatives, and assistives in {Tuvan}},
	editor = {Nedjalkov, Vladimir P.},
	booktitle = {Reciprocal constructions},
	volume = {3},
	pages = {1163--1229},
	publisher = {John Benjamins},
	address = {Amsterdam}}

@phdthesis{lachler:2006,
	author = {Lachler, Jordan},
	year = {2006},
	title = {A grammar of {Laguna Keres}},
	school = {University of New Mexico},
	address = {Albuquerque}}

@phdthesis{lacroix:2009,
	author = {Lacroix, René},
	year = {2009},
	title = {Description du dialecte laze d’{Arhavi} (caucasique du sud, {Turquie})},
	school = {Lumière University Lyon 2},
	address = {Lyon}}

@incollection{lacroix:2012,
	author = {Lacroix, René},
	year = {2012},
	title = {Laz middle voice},
	editor = {Authier, Gilles and Haude, Katharina},
	booktitle = {Ergativity, valency, and voice},
	pages = {165--197},
	publisher = {De Gruyter Mouton},
	address = {Berlin}}

@book{langacker:1976,
	author = {Langacker, Ronald W.},
	year = {1976},
	title = {Non-distinct arguments in {Uto-Aztecan}},
	publisher = {University of California Press},
	address = {Berkeley}}

@article{langacker:munro:1975,
	author = {Langacker, Ronald W. and Munro, Pamela},
	year = {1975},
	title = {Passives and their meaning},
	journal = {Language},
	volume = {51},
	number = {4},
	pages = {789--830}}

@article{lapolla:al:2011,
	author = {LaPolla, Randy J. and Kratochvíl, František and Coupe, Alexander R.},
	year = {2011},
	title = {Introduction: {On} transitivity},
	journal = {Studies in Language},
	volume = {35},
	number = {3},
	pages = {469--491}}

@book{larochette:1958,
	author = {Larochette, J.},
	year = {1958},
	title = {Grammaire des dialectes mangbetu et medje suivie d’un manuel de conversation et d’un lexique},
	publisher = {Royal Museum of Belgian Congo},
	publisher = {Tervuren}}

@article{lazard:2002,
	author = {Lazard, Gilbert},
	year = {2002},
	title = {Transitivity revisited as an example of a more strict approach in typological research},
	journal = {Folia Linguistica},
	volume = {36},
	number = {3--4},
	pages = {141--190}}

@book{lee:1987,
	author = {Lee, Jennifer},
	year = {1987},
	title = {Tiwi today: {A} study of language change in a contact situation},
	publisher = {Pacific Linguistics},
	address = {Canberra}}

@incollection{lehmann:2015,
	author = {Lehmann, Christian},
	year = {2015},
	title = {Valency classes in {Yucatec Maya}},
	editor = {Malchukov, Andrej and Comrie, Bernard},
	maintitle = {Valency classes in the world’s languages},
	booktitle = {Case studies from {Austronesia} and the {Pacific}, the {Americas}, and theoretical outlook},
	volume = {2},
	pages = {1407--1461},
	publisher = {De Gruyter Mouton},
	address = {Berlin}}

@incollection{letuchiy:2007,
	author = {Letuchiy, Alexander},
	year = {2007},
	title = {Reciprocals, reflexives, comitatives, and sociatives in Adyghe},
	editor = {Nedjalkov, Vladimir P.},
	booktitle = {Reciprocal constructions},
	volume = {2},
	pages = {773--811},
	publisher = {John Benjamins},
	address = {Amsterdam}}
	
@phdthesis{levy:2002,
	author = {Levy, Catherine},
	year = {2002},
	title = {A tentative description of {Awar} phonology and morphology ({Lower Ramu} family, {Papua New Guinea})},
	school = {Free University of Brussels},
	address = {Brussels}}

@book{li:2018,
	author = {Li, Xuping},
	year = {2018},
	title = {A grammar of {Gan Chinese}: {The Yichun} language},
	publisher = {De Gruyter Mouton},
	address = {Berlin}}

@article{lichtenberk:1985,
	author = {Lichtenberk, Frantisek},
	year = {1985},
	title = {Multiple uses of reciprocal constructions},
	journal = {Australian Journal of Linguistics},
	volume = {5},
	number = {1},
	pages = {19--41}}

@incollection{lichtenberk:1991,
	author = {Lichtenberk, Frantisek},
	year = {1991},
	title = {Reciprocals and depatientives in {To’aba’ita}},
	editor = {Blust, Robert},
	booktitle = {Currents in {Pacific} linguistics: {Papers} on {Austronesian} languages and ethnolinguistics in honour of {George W. Grace}},
	pages = {171--183},
	publisher = {Pacific Linguistics},
	address = {Canberra}}

@incollection{lichtenberk:2000,
	author = {Lichtenberk, Frantisek},
	year = {2000},
	title = {Reciprocals without reflexives},
	editor = {Frajzyngier, Zygmunt and Curl, Traci S.},
	booktitle = {Reciprocals: {Forms} and functions},
	pages = {31--62},
	publisher = {John Benjamins},
	address = {Amsterdam}}

@incollection{lichtenberk:2007,
	author = {Lichtenberk, Frantisek},
	year = {2007},
	title = {Reciprocals and related meanings in {To'aba'ita}},
	editor = {Nedjalkov, Vladimir P.},
	booktitle = {Reciprocal constructions},
	volume = {4},
	pages = {1547--1571},
	publisher = {John Benjamins},
	address = {Amsterdam}}

@phdthesis{lidz:2010,
	author = {Lidz, Liberty A.},
	year = {2010},
	title = {A descriptive grammar of {Yongning Na (Mosuo)}},
	school = {University of Texas},
	address = {Austin}}

@phdthesis{linn:2000,
	author = {Linn, Mary S.},
	year = {2000},
	title = {A descriptive grammar of {Euchee (Yuchi)}},
	school = {University of Kansas},
	address = {Lawrence}}

@incollection{llanes:al:2017,
	author = {Llanes, Manuel P. and González, Albert Á. and Estrada-Fernández, Zarina},
	year = {2017},
	title = {Transitivity and valency-changing operations in {Huasteca Nahuatl}},
	editor = {González, Albert A. and Navarro, Ía},
	booktitle = {Verb valency changes: {Theoretical} and typological perspectives},
	pages = {82--105},
	publisher = {John Benjamins},
	address = {Amsterdam}}

@book{lock:2011,
	author = {Lock, Arnold H.},
	year = {2011},
	title = {Abau grammar},
	school = {Summer Institute of Linguistics},
	address = {Ukarumpa}}

@book{lojenga:1994,
	author = {Kutsch Lojenga, Constance},
	year = {1994},
	title = {Ngiti: {A Central-Sudanic} language of {Zaire}},
	publisher = {Rüdiger Köppe},
	address = {Cologne}}

@phdthesis{loughnane:2009,
	author = {Loughnane, Robyn},
	year = {2009},
	title = {A grammar of {Oksapmin}},
	school = {University of Melbourne},
	address = {Melbourne}}

@book{louwerse:1988,
	author = {Louwerse, John},
	year = {1988},
	title = {The morphosyntax of {Una} in relation to discourse structure: {A} descriptive analysis},
	publisher = {Pacific Linguistics},
	address = {Canberra}}

@thesis{lovestrand:2012,
	author = {Lovestrand, Joseph},
	year = {2012},
	title = {The linguistic structure of {Baraïn} ({Chadic})},
	school = {Graduate Institute of Applied Linguistics},
	address = {Dallas},
	type = {Master’s thesis}}

@article{luraghi:2010,
	author = {Luraghi, Silvia},
	year = {2010},
	title = {Transitivity, intransitivity and diathesis in {Hittite}},
	journal = {Indo-European Linguistics and Classical Philology},
	volume = {16},
	number = {2},
	pages = {133--154}}

@article{luraghi:2012,
	author = {Luraghi, Silvia},
	year = {2012},
	title = {Basic valency orientation and the middle voice in {Hittite}},
	journal = {Studies in Language},
	volume = {36},
	number = {1},
	pages = {1--32}}

@book{lyons:1968,
	author = {Lyons, John},
	year = {1968},
	title = {Introduction to theoretical linguistics},
	publisher = {Cambridge University Press},
	address = {Cambridge}}

@book{macaulay:1996,
	author = {Macaulay, Monica},
	year = {1996},
	title = {A grammar of {Chalcatongo Mixtec}},
	publisher = {University of California Press},
	address = {Berkeley}}

@incollection{majid:al:2011,
	author = {Majid, Asifa and Evans, Nicholas and Gaby, Alice and Levinson, Stephen C.},
	year = {2011},
	title = {The semantics of reciprocal constructions across languages: {An} extensional approach},
	editor = {Evans, Nicholas and Gaby, Alice and Levinson, Stephen C. and Majid, Asifa},
	booktitle = {Reciprocals and semantic typology},
	pages = {29--59},
	publisher = {John Benjamins},
	address = {Amsterdam}}

@incollection{malchukov:2015,
	author = {Malchukov, Andrej},
	year = {2015},
	title = {Valency classes and alternations: {Parameters} of variation},
	editor = {Malchukov, Andrej and Comrie, Bernard},
	maintitle = {Valency classes in the world’s languages},
	booktitle = {Introducing the framework, and case studies from {Africa} and {Eurasia}},
	volume = {1},
	pages = {73--130},
	publisher = {De Gruyter Mouton},
	address = {Berlin}}

@incollection {malchukov:2016,
	author = {Malchukov, Andrej},
	year = {2016},
	title = {“{Ambivalent} voice”: {Markedness} effects in valency change},
	editor = {Kageyama, Taro and Jacobsen, Wesley M.},
	booktitle = {Transitivity and valency alternations},
	pages = {389--422},
	publisher = {De Gruyter Mouton},
	address = {Berlin}}

@incollection{malchukov:2017,
	author = {Malchukov, Andrej},
	year = {2017},
	title = {Markedness effects in applicative formation},
	editor = {González, Albert A. and Navarro, Ía},
	booktitle = {Verb valency changes: {Theoretical} and typological perspectives},
	pages = {3-29},
	publisher = {John Benjamins},
	address = {Amsterdam}}

@book{malchukov:comrie:2015a,
	editor = {Malchukov, Andrej and Comrie, Bernard},
	sortkey = {MalchukovComrie2015a},
	year = {2015},
	maintitle = {Valency classes in the world's languages},
	title = {Introducing the framework, and case studies from {Africa} and {Eurasia}},
	volume = {1},
	publisher = {De Gruyter Mouton},
	address = {Berlin}}

@book{malchukov:comrie:2015b,
	editor = {Malchukov, Andrej and Comrie, Bernard},
	sortkey = {MalchukovComrie2015b},
	year = {2015},
	maintitle = {Valency classes in the world's languages},
	title = {Case studies from {Austronesia} and the {Pacific}, the {Americas}, and theoretical outlook},
	volume = {2},
	publisher = {De Gruyter Mouton},
	address = {Berlin}}

@incollection{malchukov:nedjalkov:2015,
	author = {Malchukov, Andrej and Nedjalkov, Igor V.},
	year = {2015},
	title = {Valency classes in {Even (North Tungusic)} in a comparative {Tungusic} perspective},
	editor = {Malchukov, Andrej and Comrie, Bernard},
	maintitle = {Valency Classes in the world’s languages},
	booktitle = {Introducing the framework, and case studies from {Africa} and {Eurasia}},
	volume = {1},
	pages = {571--627},
	publisher = {De Gruyter Mouton},
	address = {Berlin}}

@book{malchukov:al:2010,
	editor = {Malchukov, Andrej and Haspelmath, Martin and Comrie, Bernard},
	year = {2010},
	title = {Studies in ditransitive constructions: {A} comparative handbook},
	publisher = {De Gruyter Mouton},
	address = {Berlin}}

@book{martin:2011,
	author = {Martin, Jack B.},
	year = {2011},
	title = {A grammar of {Creek} ({Muskogee})},
	publisher = {University of Nebraska Press},
	address = {Lincoln}}

@book{masica:1991,
	author = {Masica, Colin P.},
	year = {1991},
	title = {The {Indo-Aryan} languages},
	publisher = {Cambridge University Press},
	address = {Cambridge}}

@incollection{maslova:2000,
	author = {Maslova, Elena},
	year = {2000},
	title = {Reciprocals and set construal},
	editor = {Frajzyngier, Zygmunt and Curl, Traci S.},
	booktitle = {Reciprocals: {Forms} and functions},
	pages = {161--178},
	publisher = {John Benjamins},
	address = {Amsterdam}}

@book{maslova:2003,
	author = {Maslova, Elena},
	year = {2003},
	title = {A grammar of {Kolyma Yukaghir}},
	publisher = {Mouton de Gruyter},
	address = {Berlin}}

@incollection{maslova:2007,
	author = {Maslova, Elena},
	year = {2007},
	title = {Reciprocal and polyadic ({Remarkable} reciprocals in {Bantu})},
	editor = {Nedjalkov, Vladimir P.},
	booktitle = {Reciprocal constructions},
	volume = {1},
	pages = {335--352},
	publisher = {John Benjamins},
	address = {Amsterdam}}

@incollection{maslova:2008,
	author = {Maslova, Elena},
	year = {2008},
	title = {Reflexive encoding of reciprocity: {Cross-linguistic} and language-internal variation},
	editor = {König, Ekkehard and Gast, Volker},
	booktitle = {Reciprocals and reflexives: {Theoretical} and typological explorations},
	pages = {225--257},
	publisher = {Mouton de Gruyter},
	address = {Berlin}}
	
@incollection{maslova:nedjalkov:2005,
	author = {Maslova, Elena and Nedjalkov, Vladimir P.},
	year = {2005},
	title = {Reciprocal constructions},
	editor = {Haspelmath, Martin and Dryer, Matthew and Gil, David and Comrie, Bernard},
	booktitle = {The {World Atlas of Language Structures}},
	pages = {430-433},
	publisher = {Oxford University Press},
	address = {Oxford}}

@book{matthews:1981,
	author = {Matthews, P. H.},
	year = {1981},
	title = {Syntax},
	publisher = {Cambridge University Press},
	address = {Cambridge}}

@phdthesis{mcfarland:2009,
	author = {McFarland, Teresa A.},
	year = {2009},
	title = {The phonology and morphology of {Filomeno Mata Totonac}},
	school = {University of California},
	address = {Berkeley}}

@phdthesis{mcgill:2009,
	author = {McGill, Stuart J.},
	year = {2009},
	title = {Gender and person agreement in {Cicipu} discourse},
	school = {University of London},
	address = {London}}
	
@incollection{mcgregor:2013,
	author = {McGregor, William B.},
	year = {2013},
	title = {Grammaticalisation of verbs into temporal and modal markers in {Australian} languages},
	editor = {Josephson, Folke and Söhrman, Ingmar},
	booktitle = {Diachronic and typological perspectives on verbs},
	pages = {107--132},
	publisher = {John Benjamins},
	address = {Amsterdam}}

@phdthesis{mckay:1975,
	author = {McKay, Graham},
	year = {1975},
	title = {Rembarnga: {A} language of {Central Arnhem Land}},
	school = {Australian National University},
	address = {Canberra}}

@book{meakins:nordlinger:2014,
	author = {Meakins, Felicity and Nordlinger, Rachel},
	year = {2014},
	title = {A grammar of {Bilinarra}: {An Australian Aboriginal} language of the {Northern Territory}},
	publisher = {Pacific Linguistics},
	address = {Canberra}}

@article{meeussen:1967,
	author = {Meeussen, Achille E.},
	year = {1967},
	title = {Bantu grammatical reconstructions},
	journal = {Africana Linguistica},
	volume = {3},
	pages = {79--121}}

@incollection{meira:2000,
	author = {Meira, Sérgio},
	year = {2000},
	title = {The accidental intransitive split in the {Cariban} family},
	editor = {Gildea, Spike},
	booktitle = {Reconstructing grammar: {Comparative} linguistics and grammaticalization},
	pages = {201--230},
	publisher = {John Benjamins},
	address = {Amsterdam}}
	
@article{meira:al:2010,
	author = {Meira, Sérgio and Gildea, Spike and Hoff, B. J.},
	year = {2010},
	title = {On the origin of ablaut in the {Cariban} family},
	journal = {International Journal of American Linguistics},
	volume = {76},
	number = {4},
	pages = {477--515}}

@phdthesis{mekonnen:2015,
	author = {{Mekonnen Hundie Kumbi}},
	shortauthor = {Mekonnen},
	sortkey = {Mekonnen},
	year = {2015},
	title = {The grammar of {Girirra}: {A Lowland East Cushitic language of Ethiopia}},
	school = {Addis Ababa University},
	address = {Addis Ababa}}

@incollection{melchuk:1993,
	author = {Mel’čuk, Igor},
	year = {1993},
	title = {The inflectional category of voice: {Towards} a more rigorous definition},
	editor = {Comrie, Bernard and Polinsky, Maria},
	booktitle = {Causatives and transitivity},
	pages = {11-46},
	publisher = {John Benjamins},
	address = {Amsterdam}}

@phdthesis{meng:2018,
	author = {Meng, Chenxi},
	year = {2018},
	title = {A grammar of {Tulil}},
	school = {La Trobe University},
	address = {Melbourne}}

@book{merlan:1983,
	author = {Merlan, Francesca C.},
	year = {1983},
	title = {Ngalakan grammar, texts and vocabulary},
	publisher = {Pacific Linguistics},
	address = {Canberra}}

@book{merlan:1989,
	author = {Merlan, Francesca C.},
	year = {1989},
	title = {Mangarayi},
	publisher = {Routledge},
	address = {London}}

@book{merlan:1994,
	author = {Merlan, Francesca C.},
	year = {1994},
	title = {A grammar of {Wardaman}: {A} language of the {Northern Territory of Australia}},
	publisher = {Mouton de Gruyter},
	address = {Berlin}}

@phdthesis{miestamo:2003,
	author = {Miestamo, Matti},
	year = {2003},
	title = {Clausal negation: {A} typological study},
	school = {Helsinki University},
	address = {Helsinki}}

@book{miestamo:2005,
	author = {Miestamo, Matti},
	year = {2005},
	title = {Standard negation: {The} negation of declarative verbal main clauses in a typological perspective},
	publisher = {Mouton de Gruyter},
	address = {Berlin}}

@article{miestamo:al:2016,
	author = {Miestamo, Matti and Bakker, Dik and Arppe, Antti},
	year = {2016},
	title = {Sampling for variety},
	journal = {Linguistic Typology},
	volume = {20},
	number = {2},
	pages = {233--296}}

@phdthesis{mihas:2010,
	author = {Mihas, Elena},
	year = {2010},
	title = {Essentials of {Ashéninka Perené} grammar},
	school = {University of Wisconsin-Milwaukee},
	address = {Milwaukee}}

@book{miller:a:2001,
	author = {Miller, Amy},
	year = {2001},
	title = {A grammar of {Jamul Tiipay}},
	publisher = {Mouton de Gruyter},
	address = {Berlin}}

@book{miller:d:g:1993,
	author = {Miller, D. Gary},
	year = {1993},
	title = {Complex verb formation},
	publisher = {John Benjamins},
	address = {Amsterdam}}

@incollection{mithun:2000,
	author = {Mithun, Marianne},
	year = {2000},
	title = {Valency-changing derivation in {Central Alaskan Yup’ik}},
	editor = {Dixon, R. M. W. and Aikhenvald, Alexandra Y.},
	booktitle = {Changing valency: {Case} studies in transitivity},
	pages = {84--114},
	publisher = {Cambridge University Press},
	address = {Cambridge}}

@book{miyaoka:2012,
	author = {Miyaoka, Osahito},
	year = {2012},
	title = {A grammar of {Central Alaskan Yupik (CAY)}},
	publisher = {De Gruyter Mouton},
	address = {Berlin}}

@phdthesis{montgomery-anderson:2008,
	author = {Mont\-go\-me\-ry-An\-der\-son, Brad},
	year = {2008},
	title = {A reference grammar of {Oklahoma Cherokee}},
	school = {University of Kansas},
	address = {Lawrence}}

@phdthesis{morgan:1991,
	author = {Morgan, Lawrence},
	year = {1991},
	title = {A description of the {Kutenai} language},
	school = {University of California},
	address = {Berkeley}}

@book{mosel:1984,
	author = {Mosel, Ulrike},
	year = {1984},
	title = {Tolai syntax and its historical development},
	publisher = {Pacific Linguistics},
	address = {Canberra}}

@incollection{mosel:1991,
	author = {Mosel, Ulrike},
	year = {1991},
	title = { Towards a typology of valency},
	editor = {Seiler, Hansjakob and Premper, Waldfried},
	booktitle = {Partizipation: {Das} sprachliche {Erfassen} von {Sachverhalten}},
	pages = {240--251},
	publisher = {Gunter Narr},
	address = {Tübingen}}

@book{moser:2004,
	author = {Moser, Rosmarie},
	year = {2004},
	title = {Kabba: {A Nilo-Saharan} language of the {Central African Republic}},
	publisher = {Lincom},
	address = {Munich}}

@phdthesis{mourigh:2015,
	author = {Mourigh, Khalid},
	year = {2015},
	title = {A grammar of {Ghomara Berber}},
	school = {Leiden University},
	address = {Leiden}}

@incollection{moyse-faurie:2007,
	author = {Moyse-Faurie, Claire},
	year = {2007},
	title = {Reciprocal, sociative, middle, and iterative constructions in {East Futunan}},
	editor = {Nedjalkov, Vladimir P.},
	booktitle = {Reciprocal constructions},
	volume = {3},
	pages = {1511--1543},
	publisher = {John Benjamins},
	address = {Amsterdam}}
	
@incollection{moyse-faurie:2008,
	author = {Moyse-Faurie, Claire},
	year = {2008},
	title = {Constructions expressing middle, reflexive and reciprocal situations in some {Oceanic} languages},
	editor = {König, Ekkehard and Gast, Volker},
	booktitle = {Reciprocals and reflexives: {Theoretical} and typological explorations},
	pages = {105--168},
	publisher = {Mouton de Gruyter},
	address = {Berlin}}

@incollection{moyse-faurie:2013,
	author = {Moyse-Faurie, Claire},
	year = {2013},
	title = {Xârâcùù valency patterns},
	editor = {Hartmann, Iren and Haspelmath, Martin},
	booktitle = {Valency {Patterns Leipzig}},
	publisher = {Max Planck Institute for Evolutionary Anthropology},
	address = {Leipzig}}

@incollection{moyse-faurie:2015,
	author = {Moyse-Faurie, Claire},
	year = {2015},
	title = {Valency classes in {Xârâcùù (New Caledonia)}},
	editor = {Malchukov, Andrej and Comrie, Bernard},
	maintitle = {Valency classes in the world’s languages},
	booktitle = {Case studies from {Austronesia} and the {Pacific}, the {Americas}, and theoretical outlook},
	volume = {2},
	pages = {1015--1068},
	publisher = {De Gruyter Mouton},
	address = {Berlin}}

@article{moyse-faurie:2017,
	author = {Moyse-Faurie, Claire},
	year = {2013},
	title = {Reflexive markers in {Oceanic} languages},
	journal = {Studia Linguistica},
	volume = {71},
	number = {1--2},
	pages = {107--135}}

@article{mugane:1999,
	author = {Mugane, John},
	year = {1999},
	title = {The recalcitrant nature of the {Bantu} verbal morpheme \emph{-an-}},
	journal = {Linguistic Analysis},
	volume = {29},
	pages = {160--181}}

@book{mushin:2012,
	author = {Mushin, Ilana},
	year = {2012},
	title = {A grammar of {(Western) Garrwa}},
	publisher = {De Gruyter Mouton},
	address = {Berlin}}

@book{nagaraja:2014,
	author = {Nagaraja, K. S.},
	year = {2014},
	title = {The {Nihali} language (grammar, texts and vocabulary)},
	publisher = {Central Institute of Indian Languages},
	address = {Mysore}}

@incollection{navarro:2017,
	author = {Navarro, Ía},
	year = {2017},
	title = {The semantics of {Nahuatl} \emph{tla-} constructions},
	editor = {González, Albert A. and Navarro, Ía},
	booktitle = {Verb valency changes: {Theoretical} and typological perspectives},
	pages = {108--132},
	publisher = {John Benjamins},
	address = {Amsterdam}}

@incollection{ndayiragije:2006,
	author = {Ndayiragije, Juvénal},
	year = {2006},
	title = {The ergativity parameter: {A} view from antipassive},
	editor = {Johns, Alana and Massam, Diane and Ndayiragije, Juvénal},
	booktitle = {Ergativity: {Emerging} issues},
	pages = {271--292},
	publisher = {Springer},
	address = {Berlin}}

@incollection{nedjalkov:1964,
	author = {Nedjalkov, Vladimir P.},
	year = {1964},
	title = {O svjazi kauzativnosti i passivnosti},
	editor = {Skrebnev, Ju. M.},
	booktitle = {Voprosy obščego i romano-germanskogo jazykoznanija},
	pages = {301--310},
	publisher = {Baškirskoe knižnoe izdatel’stvo},
	address = {Ufa}}

@incollection{nedjalkov:1988,
	author = {Nedjalkov, Vladimir P.},
	year = {1988},
	title = {Preface},
	editor = {Nedjalkov, Vladimir P.},
	booktitle = {Typology of resultative constructions},
	pages = {xi--xiii},
	publisher = {John Benjamins},
	address = {Amsterdam}}

@incollection{nedjalkov:2006,
	author = {Nedjalkov, Vladimir P.},
	year = {2006},
	title = {Chukchi reciprocals (with an appendix on {Koryak} and {Itelmen})},
	editor = {Tsunoda, Tasaku and Kageyama, Taro},
	booktitle = {Voice and grammatical relations},
	pages = {217--246},
	publisher = {John Benjamins},
	address = {Amsterdam}}

@book{nedjalkov:2007a,
	editor = {Nedjalkov, Vladimir P.},
	sortkey = {Nedjalkov2007a},
	year = {2007},
	title = {Reciprocal constructions},
	publisher = {John Benjamins},
	address = {Amsterdam}}

@incollection{nedjalkov:2007b,
	author = {Nedjalkov, Vladimir P.},
	sortkey = {Nedjalkov2007b},
	year = {2007},
	title = {Overview of the research: {Definitions} of terms, framework, and related issues},
	editor = {Nedjalkov, Vladimir P.},
	booktitle = {Reciprocal constructions},
	volume = {1},
	pages = {3--114},
	publisher = {John Benjamins},
	address = {Amsterdam}}

@incollection{nedjalkov:2007c,
	author = {Nedjalkov, Vladimir P.},
	sortkey = {Nedjalkov2007c},
	year = {2007},
	title = {Encoding of the reciprocal meaning},
	editor = {Nedjalkov, Vladimir P.},
	booktitle = {Reciprocal constructions},
	volume = {1},
	pages = {147--207},
	publisher = {John Benjamins},
	address = {Amsterdam}}

@incollection{nedjalkov:2007d,
	author = {Nedjalkov, Vladimir P.},
	sortkey = {Nedjalkov2007d},
	year = {2007},
	title = {Polysemy of reciprocal markers},
	editor = {Nedjalkov, Vladimir P.},
	booktitle = {Reciprocal constructions},
	volume = {1},
	pages = {231--333},
	publisher = {John Benjamins},
	address = {Amsterdam}}

@incollection{nedjalkov:2007e,
	author = {Nedjalkov, Vladimir P.},
	sortkey = {Nedjalkov2007e},
	year = {2007},
	title = {Reciprocals, assistives, and plural in {Kirghiz}},
	editor = {Nedjalkov, Vladimir P.},
	booktitle = {Reciprocal constructions},
	volume = {3},
	pages = {1231--1279},
	publisher = {John Benjamins},
	address = {Amsterdam}}

@incollection{nedjalkov:al:1995,
	author = {Nedjalkov, Vladimir P. and Otaina, Galina A. and Xolodovič, Aleksandr A.},
	year = {1995},
	title = {Morphological and lexical causatives in {Nivkh}},
	editor = {Bennett, David C. and Bynon, Theodora and Hewitt, B. George},
	booktitle = {Subject, voice and ergativity: {Selected} essays},
	pages = {60--81},
	publisher = {University of London},
	address = {London}}

@incollection{nedjalkov:litvinov:1995,
	author = {Nedjalkov, Vladimir P. and Litvinov, Viktor P.},
	year = {1995},
	title = {The {St. Petersburg}/{Leningrad} {Typology Group}},
	editor = {Shibatani, Masayoshi and Bynon, Theodora},
	booktitle = {Approaches to language typology},
	pages = {215--271},
	publisher = {Clarendon},
	address = {London}}

@incollection{nedjalkov:nedjalkov:2007,
	author = {Nedjalkov, Vladimir P. and Nedjalkov, Igor V.},
	year = {2007},
	title = {Reciprocals, sociatives, comitatives, and assistives in {Yakut}},
	editor = {Nedjalkov, Vladimir P.},
	booktitle = {Reciprocal constructions},
	volume = {3},
	pages = {1095--1161},
	publisher = {John Benjamins},
	address = {Amsterdam}}

@incollection{nedjalkov:otaina:1981,
	author = {Nedjalkov, Vladimir P. and Otaina, Galina A.},
	year = {1981},
	title = {Nivxskie refleksivnye glagoly i tipologija smyslovyx refleksivov},
	editor = {Xrakovskij, Viktor S.},
	booktitle = {Zalogovye konstrukcii v raznostrukturnyx jazykax},
	pages = {185--220},
	publisher = {Nauka},
	address = {Leningrad}}

@book{nedjalkov:otaina:2013,
	author = {Nedjalkov, Vladimir P. and Otaina, Galina A.},
	year = {2013},
	title = {A syntax of the {Nivkh} language: {The Amur} dialect},
	publisher = {John Benjamins},
	address = {Amsterdam}}

@incollection{nedjalkov:silnickij:1969,
	author = {Nedjalkov, Vladimir P. and Sil’nickij, Georgij G.},
	year = {1969},
	title = {Tipologija kauzativnyx konstrukcij},
	editor = {Xolodovič, Aleksandr A.},
	booktitle = {Tipologija kauzativnyx konstrukcij: {Morfologičeskij} kauzativ},
	pages = {5--19},
	publisher = {Nauka},
	address = {Leningrad}}

@article{nedyalkov:1991,
	author = {Nedyalkov, Igor V.},
	year = {1991},
	title = {Recessive-accessive polysemy of verbal suffixes},
	journal = {Languages of the World},
	volume = {1},
	pages = {4--32}}

@article{nedyalkov:1993,
	author = {Nedyalkov, Igor V.},
	year = {1993},
	title = {Causative-passive polysemy of the {Manchu-Tungusic} \emph{-bu/-v(u)}},
	journal = {Linguistica Antverpiensia},
	volume = {27},
	pages = {193--202}}

@incollection{nedyalkov:silnitsky:1973,
	author = {Nedyalkov, Vladimir P. and Silnitsky, Georgy G.},
	year = {1973},
	title = {The typology of morphological and lexical causatives},
	editor = {Kiefer, Ferenc},
	booktitle = {Trends in {Soviet} theoretical linguistics},
	pages = {1--32},
	publisher = {D. Reidel},
	address = {Dordrecht}}

@book{nass:2007,
	author = {Næss, Åshild},
	year = {2007},
	title = {Prototypical transitivity},
	publisher = {John Benjamins},
	address = {Amsterdam}}

@phdthesis{nicolas:2016,
	author = {Nicolás, Oscar L.},
	year = {2016},
	title = {Estudios de la fonología y gramática del zapoteco de {Zoochina}},
	school = {Centre for Research and Advanced Studies in Social Anthropology},
	address = {Mexico City}}

@incollection{nichols:2008,
	author = {Nichols, Johanna},
	year = {2008},
	title = {Why are stative-active languages rare in {Eurasia}? {A} typological perspective on split-subject marking},
	editor = {Donohue, Mark and Wichmann, Søren},
	booktitle = {The typology of semantic alignment},
	pages = {121-140},
	publisher = {Oxford University Press},
	address = {Oxford}}

@book{nichols:2011,
	author = {Nichols, Johanna},
	year = {2011},
	title = {Ingush grammar},
	publisher = {University of California Press},
	address = {Berkeley}}

@article{nichols:al:2004,
	author = {Nichols, Johanna and Peterson, David A. and Barnes, Jonathan},
	year = {2004},
	title = {Transitivizing and detransitivizing languages},
	journal = {Linguistic Typology},
	volume = {8},
	pages = {149--211}}

@book{nikolaeva:2014,
	author = {Nikolaeva, Irina},
	year = {2014},
	title = {A grammar of {Tundra Nenets}},
	publisher = {De Gruyter Mouton},
	address = {Berlin}}

@article{nonno:2015,
	author = {Nonno, Tresi},
	year = {2015},
	title = {History of {Ainu} causatives},
	journal = {Cultural Anthropology and Ethnosemiotics},
	volume = {1},
	number = {3},
	pages = {14--18}}

@book{noonan:1992,
	author = {Noonan, Michael},
	year = {1992},
	title = {A grammar of {Lango}},
	publisher = {De Gruyter Mouton},
	address = {Berlin}}

@phdthesis{obrien:2018,
	author = {O’Brien, Colleen A.},
	year = {2018},
	title = {A grammatical description of {Kamsá}, a language isolate of {Colombia}},
	school = {University of Hawaiʻi at Mānoa},
	address = {Honolulu}}

@phdthesis{okrand:1977,
	author = {Okrand, Marc},
	year = {1977},
	title = {Mutsun grammar},
	school = {University of California},
	address = {Berkeley}}

@book{olawsky:2006,
	author = {Olawsky, Knut J.},
	year = {2006},
	title = {A grammar of {Urarina}},
	publisher = {Mouton de Gruyter},
	address = {Berlin}}

@phdthesis{olsson:2017,
	author = {Olsson, Bruno},
	year = {2017},
	title = {The {Coastal Marind} language},
	school = {Nanyang Technological University},
	address = {Singapore}}

@incollection{oner:2007,
	author = {Öner, Mustafa},
	year = {2007},
	title = {Tatar {Türkçesi}},
	editor = {Ercilâsun, Ahmet B.},
	booktitle = {Türk Lehçeleri Grameri},
	pages = {679--748},
	publisher = {Akçağ Yayınları},
	address = {Ankara}}

@book{oner:2009,
	author = {Öner, Mustafa},
	year = {2009},
	title = {Kazan-{Tatar Türkçesi} sözlüğü},
	publisher = {Türk Dili Kurumu Yayınları},
	address = {Ankara}}

@phdthesis{onishi:1994,
	author = {Onishi, Masayuki},
	year = {1994},
	title = {A grammar of {Motuna (Bougainville, Papua New Guinea)}},
	school = {Australian National University},
	address = {Canberra}}

@phdthesis{orkaydo:2013,
	author = {{Ongaye Oda Orkaydo}},
	shortauthor = {Ongaye},
	sortkey = {Ongaye},
	year = {2013},
	title = {A grammar of {Konso}},
	school = {Leiden University},
	address = {Leiden}}

@incollection{otaina:nedjalkov:2007,
	author = {Otaina, Galina A. and Nedjalkov, Vladimir P.},
	year = {2007},
	title = {Reciprocal constructions in {Nivkh} ({Gilyak})},
	editor = {Nedjalkov, Vladimir P.},
	booktitle = {Reciprocal constructions},
	volume = {4},
	pages = {1715--1747},
	publisher = {John Benjamins},
	address = {Amsterdam}}

@incollection{ottosson:2008,
	author = {Ottosson, Kjartan},
	year = {2008},
	title = {The {Old Norse} middle voice in the pre-literary period: {Questions} of grammaticalisation and cliticization},
	editor = {Josephson, Folke and Söhrman, Ingmar},
	booktitle = {Interdependence of diachronic and synchronic analyses},
	pages = {185--219},
	publisher = {John Benjamins},
	address = {Amsterdam}}

@phdthesis{paiyu:2013,
	author = {Zhang, Paiyu},
	year = {2013},
	title = {The {Kilen} language of {Manchuria}: {Grammar} of a moribund {Tungusic} language},
	school = {University of Hong Kong},
	address = {Hong Kong}}

@book{palancar:2009,
	author = {Palancar, Enrique L.},
	year = {2009},
	title = {Grámatica y textos del hñöñhö: {Otomí} de {San Ildefonso Tultepec Querétaro}},
	publisher = {Plaza y Valdes},
	address = {Colonia San Rafael}}

@phdthesis{patz:2002,
	author = {Patz, Elisabeth},
	year = {2002},
	title = {A grammar of the {Kuku Yalanji} language of {North Queensland}},
	school = {Australian National University},
	address = {Canberra}}

@article{pawley:1973,
	author = {Pawley, Andres},
	year = {1973},
	title = {Some problems in {Proto-Oceanic} grammar},
	journal = {Oceanic Linguistics},
	volume = {12},
	number = {1--2},
	pages = {103-188}}

@article{payne:1985a,
	author = {Payne, Doris L.},
	year = {1985},
	title = {Degrees of inherent transitivity in {Yagua} verbs},
	journal = {International Journal of American Linguistics},
	volume = {51},
	number = {1},
	pages = {19--37}}

@phdthesis{payne:1985b,
	author = {Payne, Doris L.},
	year = {1985},
	title = {Aspects of the grammar of {Yagua}: {A} typological perspective},
	school = {University of California},
	address = {Los Angeles}}

@incollection{payne:2002,
	author = {Payne, Doris L.},
	year = {2002},
	title = {Causatives in {Asheninka}: {The} case for a sociative source},
	editor = {Shibatani, Masayoshi},
	booktitle = {The grammar of causation and interpersonal manipulation},
	pages = {485--505},
	publisher = {John Benjamins},
	address = {Amsterdam}}

@book{payne:payne:2012,
	author = {Payne, Thomas E. and Payne, Doris L.},
	year = {2012},
	title = {A typological grammar of {Panare}},
	publisher = {Brill},
	address = {Leiden}}

@phdthesis{pederson:1991,
	author = {Pederson, Eric},
	year = {1991},
	title = {Subtle semantics: {Universals} in the polysemy of reflexive and causative constructions},
	school = {University of California},
	address = {Berkeley}}

@phdthesis{pena:2015,
	author = {Peña, Jaime G.},
	year = {2015},
	title = {A grammar of {Wampis}},
	school = {University of Oregon},
	address = {Eugene}}

@book{pensalfini:2003,
	author = {Pensalfini, Rob},
	year = {2003},
	title = {A grammar of {Jingulu}, an {Aboriginal} language of the {Northern Territory}},
	publisher = {Pacific Linguistics},
	address = {Canberra}}

@book{perevoscikov:1962,
	author = {Perevoščikov, Pjotr N.},
	year = {1962},
	title = {Grammatika sovremennogo udmurtskogo jazyka: {Fonetika} i morfologija},
	publisher = {Udmurtskoe knižnoe izdatel’stvo},
	address = {Iževsk}}

@book{peterson:2007,
	author = {Peterson, David A.},
	year = {2007},
	title = {Applicative constructions},
	publisher = {Oxford University Press},
	address = {Oxford}}

@phdthesis{petrollino:2016,
	author = {Petrollino, Sara},
	year = {2016},
	title = {A grammar of {Hamar}, a {South Omotic} language of {Ethiopia}},
	school = {Leiden University},
	address = {Leiden}}

@phdthesis{pharris:2006,
	author = {Pharris, Nicholas J.},
	year = {2006},
	title = {Winuunsi tm talapaas: {A} grammar of the {Molalla} language},
	school = {University of Michigan},
	address = {Ann Arbor}}

@phdthesis{plaisier:2007,
	author = {Plaisier, Heleen},
	year = {2007},
	title = {A grammar of {Lepcha}},
	school = {Leiden University},
	address = {Leiden}}

@incollection{plungian:1993,
	author = {Plungian, Vladimir A.},
	year = {1993},
	title = {Three causatives in {Dogon} and the overlapping causative and passive markers},
	editor = {Comrie, Bernard and Polinsky, Maria},
	booktitle = {Causatives and transitivity},
	pages = {391--396},
	publisher = {John Benjamins},
	address = {Amsterdam}}

@incollection{polinsky:2017,
	author = {Polinsky, Maria},
	year = {2017},
	title = {Antipassive},
	editor = {Coon, Jessica and Massam, Diane and Travis, Lisa deMena},
	booktitle = {The {Oxford} handbook of ergativity},
	pages = {208--331},
	publisher = {Oxford University Press},
	address = {Oxford}}
	
@phdthesis{post:2007,
	author = {Post, Mark W.},
	year = {2007},
	title = {A grammar of {Galo}},
	school = {La Trobe University},
	address = {Melbourne}}

@incollection{queixalos:2002,
	author = {Queixalós, Francesc},
	year = {2002},
	title = {The notion of transfer in {Sikuani} causatives},
	editor = {Shibatani, Masayoshi},
	booktitle = {The grammar of causation and interpersonal manipulation},
	pages = {319--339},
	publisher = {John Benjamins},
	address = {Amsterdam}}

@book{quesada:2000,
	author = {Quesada, J. Diego},
	year = {2000},
	title = {A grammar of {Teribe}},
	publisher = {Lincom},
	address = {Munich}}

@book{reesink:1999,
	author = {Reesink, Ger P.},
	year = {1999},
	title = {A grammar of {Hatam: Bird’s Head Peninsula, Irian Jaya}},
	publisher = {Pacific Linguistics},
	address = {Canberra}}
	
@phdthesis{reid:1990,
	author = {Reid, Nicholas J.},
	year = {1990},
	title = {{Ngan’gityemerri}: {A} language of the {Daly River Region, Northern Territory of Australia}},
	school = {Australian National University},
	address = {Canberra}}

@incollection{rickheit:sichelschmidt:2007,
	author = {Rickheit, Gert and Sichelschmidt, Lorenz},
	year = {2007},
	title = {Valency and cognition -- a notion in translation},
	editor = {Herbst, Thomas and Götz-Votteler, Katrin},
	booktitle = {Valency: {Theoretical}, descriptive and cognitive issues},
	pages = {163--182},
	publisher = {Mouton de Gruyter},
	address = {Berlin}}

@book{riese:2001,
	author = {Riese, Timothy},
	year = {2001},
	title = {Vogul},
	publisher = {Lincom},
	address = {Munich}}

@article{rijkhoff:al:1993,
	author = {Rijkhoff, Jan and Bakker, Dik and Hengeveld, Kees and Kahrel, Peter},
	year = {1993},
	title = {A method of language sampling},
	journal = {Studies in Language},
	volume = {17},
	number = {1},
	pages = {169--203}}

@article{rijkhoff:bakker:1998,
	author = {Rijkhoff, Jan and Bakker, Dik},
	year = {1998},
	title = {Language sampling},
	journal = {Linguistic Typology},
	volume = {2},
	pages = {263--314}}

@article{robbeets:2007,
	author = {Robbeets, Martine},
	year = {2007},
	title = {The causative-passive in the {Trans-Eurasian} languages},
	journal = {Turkic Languages},
	volume = {11},
	pages = {158--201}}

@book{robbeets:2015,
	author = {Robbeets, Martine},
	year = {2015},
	title = {Diachrony of verb morphology: {Japanese} and the {Transeurasian} languages},
	publisher = {De Gruyter Mouton},
	address = {Berlin}}

@phdthesis{robinson:l:2011,
	author = {Robinson, Laura},
	year = {2011},
	title = {Dupaningan {Agta}: {Grammar}, vocabulary, and texts},
	school = {University of Hawaiʻi at Mānoa},
	address = {Honolulu}}

@phdthesis{robinson:s:2011,
	author = {Robinson, Stuart},
	year = {2011},
	title = {Split intransitivity in {Rotokas}, a {Papuan} Language of {Bougainville}},
	school = {Radboud University},
	address = {Nijmegen}}

@book{rombandeeva:1973,
	author = {Rombandeeva, Evdokija I.},
	year = {1973},
	title = {Mansijskij (vogul’skij) jazyk},
	publisher = {Nauka},
	address = {Leningrad}}

@phdthesis{romero-mendez:2009,
	author = {Romero-Méndez, Rodrigo},
	year = {2008},
	title = {A reference grammar of {Ayutla Mixe} ({Tukyo’m Ayuujk})},
	school = {State University of New York},
	address = {Buffalo}}

@phdthesis{rose:2003,
	author = {Rose, Françoise},
	year = {2003},
	title = {Morphosyntaxe de l’émérillon: {Une} langue tupi-guarani de {Guyana} française},
	school = {Lumière University Lyon 2},
	address = {Lyon}}

@phdthesis{roset:2018,
	author = {Roset, Caroline J.},
	year = {2018},
	title = {A grammar of {Darfur Arabic}},
	school = {University of Amsterdam},
	address = {Amsterdam}}

@book{round:2013,
	author = {Round, Erich R.},
	year = {2013},
	title = {Kayardild morphology and syntax},
	publisher = {Oxford University Press},
	address = {Oxford}}

@book{sakayan:2007,
	author = {Sakayan, Dora},
	year = {2007},
	title = {Eastern {Armenian} for the {English}-speaking world: {A} contrastive approach},
	publisher = {Yerevan State University Press},
	address = {Yerevan}}

@book{sakel:2004,
	author = {Sakel, Jeanette},
	year = {2004},
	title = {A grammar of {Mosetén}},
	publisher = {Mouton de Gruyter},
	address = {Berlin}}

@article{salo:2013,
	author = {Salo, Merja},
	year = {2013},
	title = {Deverbal reflexive and passive in {Chuvash}},
	journal = {Journal de la société finno-ougrienne},
	volume = {94},
	pages = {223--255}}

@phdthesis{san-roque:2008,
	author = {San Roque, Lila},
	year = {2008},
	title = {An introduction to {Duna} grammar},
	school = {Australian National University},
	address = {Canberra}}

@article{sanso:2017,
	author = {Sansò, Andrea},
	year = {2017},
	title = {Where do antipassive constructions come from? {A} study in diachronic typology},
	journal = {Diachronica},
	volume = {34},
	number = {2},
	pages = {175--218}}

@article{sanso:2018,
	author = {Sansò, Andrea},
	year = {2018},
	title = {Explaining the diversity of antipassives: {Formal} grammar vs. (diachronic) typology},
	journal = {Language and Linguistics Compass},
	volume = {12},
	number = {6}}

@article{sapir:1930,
	author = {Sapir, Edward},
	year = {1930},
	title = {Southern {Paiute}, a {Shoshonean} language},
	journal = {Proceedings of the American Academy of Arts and Sciences},
	volume = {65},
	number = {1},
	pages = {1--296}}

@phdthesis{sarvasy:2014,
	author = {Sarvasy, Hannah S.},
	year = {2014},
	title = {A grammar of {Nungon}: {A Papuan} language of the {Morobe Province, Papua New Guinea}},
	school = {James Cook University},
	address = {Cairns}}

@article{saunders:davis:1982,
	author = {Saunders, Ross and Davis, Philip W.},
	year = {1982},
	title = {The control system of {Bella Coola}},
	journal = {International Journal of American Linguistics},
	volume = {48},
	number = {1},
	pages = {1--15}}

@phdthesis{sava:2005,
	author = {Savà, Graziano},
	year = {2005},
	title = {A grammar of {Ts’amakko}},
	school = {Leiden University},
	address = {Leiden}}

@phdthesis{sawaki:2016,
	author = {Sawaki, Yusuf W.},
	year = {2016},
	title = {A grammar of {Wooi}: {An Austronesian} language of {Yapen Island, Western New Guinea}},
	school = {Australian National University},
	address = {Canberra}}

@incollection{schadeberg:2003,
	author = {Schadeberg, Thilo C.},
	year = {2003},
	title = {Derivation},
	editor = {Nurse, Derek and Philippson, Gérard},
	booktitle = {The {Bantu} languages},
	pages = {71--89},
	publisher = {Routledge},
	address = {London}}

@book{schaub:1985,
	author = {Schaub, Willi},
	year = {1985},
	title = {Babungo},
	publisher = {Croom Helm},
	address = {London}}

@unpublished{schikowski:2009,
	author = {Schikowski, Robert},
	year = {2009},
	title = {The {West Greenlandic} antipassives},
	note = {(Unpublished manuscript)}}

@book{schlie:1983,
	author = {Schlie, Ginny},
	year = {1983},
	title = {Individuation and topicality as indices of transitivity: {Degrees} of passive in {Kara}},
	publisher = {Summer Institute of Linguistics}}

@phdthesis{schmalz:2013,
	author = {Schmalz, Mark},
	year = {2013},
	title = {Aspects of the grammar of {Tundra Yukaghir}},
	school = {University of Amsterdam},
	address = {Amsterdam}}

@article{schmidt:2003,
	author = {Schmidt, Bodil K.},
	year = {2003},
	title = {West {Greenlandic} antipassive},
	journal = {Nordlyd},
	volume = {31},
	number = {2},
	pages = {385--399}}

@book{schneider-blum:2007,
	author = {Schneider-Blum, Gertrud},
	year = {2007},
	title = {A grammar of {Alaaba}},
	publisher = {Rüdiger Köppe},
	address = {Cologne}}

@phdthesis{schrock:2014,
	author = {Schrock, Terrill B.},
	year = {2014},
	title = {A grammar of {Ik (Icé-tód): Northeast Uganda’s} last thriving {Kuliak} language},
	school = {Leiden University},
	address = {Leiden}}

@incollection{seifart:2015,
	author = {Seifart, Frank},
	year = {2015},
	title = {Valency classes in {Bora}},
	editor = {Malchukov, Andrej and Comrie, Bernard},
	maintitle = {Valency classes in the world’s languages},
	booktitle = {Case studies from {Austronesia} and the {Pacific}, the {Americas}, and theoretical outlook},
	volume = {2},
	pages = {1481--1514},
	publisher = {De Gruyter Mouton},
	address = {Berlin}}	

@phdthesis{selezilo:2008,
	author = {Selezilo, Apollinaire},
	year = {2008},
	title = {Description systématique du ngbaka manza de {Bogangolo} en {République} centrafricaine},
	school = {University of Yaounde 1},
	address = {Yaounde}}

@article{shibatani:1985,
	author = {Shibatani, Masayoshi},
	year = {1985},
	title = {Passives and related constructions: {A} prototype analysis},
	journal = {Language},
	volume = {61},
	number = {4},
	pages = {821--848}}

@book{shibatani:1990,
	author = {Shibatani, Masayoshi},
	year = {1990},
	title = {The languages of {Japan}},
	publisher = {Cambridge University Press},
	address = {Cambridge}}

@incollection{shibatani:2004,
	author = {Shibatani, Masayoshi},
	year = {2004},
	title = {Voice},
	editor = {Booij, Geert E. and Lehmann, Christian and Mugdan, Joachim and Skopeteas, Stavros and Kesselheim, Wolfgang},
	booktitle = {Morphology: {An} international handbook on inflection and word-formation},
	volume = {2},
	pages = {1145--1165},
	publisher = {Walter de Gruyter},
	address = {Berlin}}

@article{shibatani:pardeshi:2001,
	author = {Shibatani, Masayoshi and Pardeshi, Prashant},
	year = {2001},
	title = {The causative continuum},
	journal = {Kobe Papers in Linguistics},
	volume = {3},
	pages = {136--177}}

@incollection{shibatani:pardeshi:2002,
	author = {Shibatani, Masayoshi and Pardeshi, Prashant},
	year = {2002},
	title = {The causative continuum},
	editor = {Shibatani, Masayoshi},
	booktitle = {The grammar of causation and interpersonal manipulation},
	pages = {85--126},
	publisher = {John Benjamins},
	address = {Amsterdam}}

@book{shimelman:2017,
	author = {Shimelman, Aviva},
	year = {2017},
	title = {A grammar of {Yauyos Quechua}},
	publisher = {Language Science Press},
	address = {Berlin}}

@phdthesis{shimoji:2008,
	author = {Shimoji, Michinori},
	year = {2008},
	title = {A grammar of {Irabu}, a {Southern Ryukyuan} language},
	school = {Australian National University},
	address = {Canberra}}

@phdthesis{sibamo:2015,
	author = {{Tadesse Sibamo Garkebo}},
	shortauthor = {Tadesse},
	sortkey = {Tadesse},
	year = {2015},
	title = {Documentation and description of {Hadiyya}: {A Highland East Cushitic language of Ethiopia}},
	school = {Addis Ababa University},
	address = {Addis Ababa}}

@book{siegl:2013,
	author = {Siegl, Florian},
	year = {2013},
	title = {Materials on {Forest Enets}, an indigenous language of {Northern Siberia}},
	publisher = {Suomalais-ugrilainen seura},
	address = {Helsinki}}

@book{siewierska:1984,
	author = {Siewierska, Anna},
	year = {1984},
	title = {The passive: {A} comparative linguistic analysis},
	publisher = {Croom Helm},
	address = {London}}

@incollection{siewierska:bakker:2012,
	author = {Siewierska, Anna and Bakker, Dik},
	year = {2012},
	title = {Passive agents: {Prototypical} vs. canonical passives},
	editor = {Brown, Dunstan and Chumakina, Marina and Corbett, Greville G.},
	booktitle = {Canonical morphology \& syntax},
	pages = {151--189},
	publisher = {Oxford University Press},
	address = {Oxford}}

@book{slater:2003,
	author = {Slater, Keith W.},
	year = {2003},
	title = {A grammar of {Mangghuer}: {A Mongolic} language of {China’s Qinghai Gansu Sprachbund}},
	publisher = {Routledge},
	address = {London}}

@book{smeets:2008,
	author = {Smeets, Ineke},
	year = {2008},
	title = {A grammar of {Mapuche}},
	publisher = {Mouton de Gruyter},
	address = {Berlin}}

@phdthesis{smits:2017,
	author = {Smits, Heleen J.},
	year = {2017},
	title = {A grammar of {Lumun}, a {Kordofanian} language of {Sudan}},
	school = {Leiden University},
	address = {Leiden}}

@incollection{sohn:j-s:1995,
	author = {Sohn, Joong-Sun},
	year = {1995},
	title = {The reflexive suffix \emph{-v} in {Hualapai}},
	editor = {Goodell, Melissa and Choi, Dong-Ik},
	booktitle = {Kansas Working Papers in Linguistics},
	volume = {20},
	pages = {149--163},
	publisher = {University of Kansas},
	address = {Lawrence}}

@book{sohn:h-m:1999,
	author = {Sohn, Ho-Min},
	year = {1999},
	title = {The {Korean} Language},
	publisher = {Cambridge University Press},
	address = {Cambridge}}

@article{somers:1984,
	author = {Somers, Harold},
	year = {1984},
	title = {On the validity of the complement-adjunct distinction in valency grammar},
	journal = {Linguistics},
	volume = {22},
	pages = {507--530}}

@book{song:2001,
	author = {Song, Jae Jung},
	year = {2001},
	title = {Linguistic typology: {Morphology} and syntax},
	publisher = {Routledge},
	address = {London}}

@phdthesis{sposato:2015,
	author = {Sposato, Adam M.},
	year = {2015},
	title = {A grammar of {Xong}},
	school = {State University of New York},
	address = {Buffalo}}

@incollection{spreng:2006,
	author = {Spreng, Bettina},
	year = {2006},
	title = {Antipassive morphology and case assignment in {Inuktitut}},
	editor = {Johns, Alana and Massam, Diane and Ndayiragije, Juvénal},
	booktitle = {Ergativity: {Emerging} issues},
	pages = {247--270},
	publisher = {Springer},
	address = {Berlin}}	

@book{stassen:1985,
	author = {Stassen, Leon},
	year = {1985},
	title = {Comparison and universal grammar},
	publisher = {Blackwell},
	address = {London}}

@incollection{stassen:2010,
	author = {Stassen, Leon},
	year = {2010},
	title = {The problem of cross-linguistic identification},
	editor = {Song, Jae Jung},
	booktitle = {The {Oxford} handbook of linguistic typology},
	pages = {90--99},
	publisher = {Oxford University Press},
	address = {Oxford}}

@phdthesis{steeman:2012,
	author = {Steeman, Sander},
	year = {2012},
	title = {A grammar of {Sandawe}: {A Khoisan} language of {Tanzania}},
	school = {Leiden University},
	address = {Leiden}}

@incollection{stefanowitsch:2002,
	author = {Stefanowitsch, Anatol},
	year = {2002},
	title = {Causative constructions in {Akawaio}},
	editor = {Shibatani, Masayoshi},
	booktitle = {The grammar of causation and interpersonal manipulation},
	pages = {341--371}, 
	publisher = {John Benjamins},
	address = {Amsterdam}}

@article{stenin:2017,
	author = {Stenin, Ivan A.},
	year = {2017},
	title = {Non-causative effects of causative morphology in {Chukchi}},
	journal = {Higher School of Economics Research Paper},
	number = {Working Paper BRP 59/LNG/2017}}

@phdthesis{stirtz:2012,
	author = {Stirtz, Timothy M.},
	year = {2012},
	title = {A grammar of {Gaahmg}: {A Nilo-Saharan language of Sudan}},
	school = {Leiden University},
	address = {Leiden}}

@book{storch:2014,
	author = {Storch, Anne},
	year = {2014},
	title = {A grammar of {Luwo}: {An} anthropological approach},
	publisher = {John Benjamins},
	address = {Amsterdam}}

@incollection{subbarao:murthy:1999,
	author = {Subbarao, K. V. and Murthy, B. Lalitha},
	year = {1999},
	title = {Lexical anaphors and pronouns in {Telugu}},
	editor = {Lust, Barbara C. and Wali, Kashi and Gair, James W. and Subbarao, K. V.},
	booktitle = {Lexical anaphors and pronouns in selected {South Asian} languages: {A} principled typology},
	pages = {217-273},
	publisher = {Mouton de Gruyter},
	address = {Berlin}}

@book{sun:liu:2009,
	author = {Sun, Hongkai and Liu, Guangkun},
	year = {2009},
	title = {A grammar of {Anong}: {Language} death under intense contact},
	publisher = {Brill},
	address = {Leiden}}

@unpublished{sung:2006,
	author = {Sung, Li-May},
	year = {2006},
	title = {Verbal reflexives/reciprocals in (some) {Formosan} languages},
	note = {(Unpublished manuscript)}}

@book{suttles:2004,
	author = {Suttles, Wayne},
	year = {2004},
	title = {Musqueam reference grammar},
	publisher = {University of British Columbia Press},
	address = {Vancouver}}

@book{svantesson:1983,
	author = {Svantesson, Jan-Olof},
	year = {1983},
	title = {Kammu phonology and morphology},
	publisher = {University of Lund},
	address = {Lund}}

@incollection{svantesson:2003,
	author = {Svantesson, Jan-Olof},
	year = {2003},
	title = {Khalkha},
	editor = {Janhunen, Juha},
	booktitle = {The {Mongolic} languages},
	pages = {154--176},
	publisher = {Routledge},
	address = {London}}

@phdthesis{tajebe:2015,
	author = {{Esayas Tajebe}},
	shortauthor = {Esayas},
	sortkey = {Esayas},
	year = {2015},
	title = {Descriptive grammar of {Saaho}},
	school = {Addis Ababa University},
	address = {Addis Ababa}}

@phdthesis{tallman:2018,
	author = {Tallman, Adam J.},
	year = {2018},
	title = {A grammar of {Chácobo}, a {Southern Pano} language of the northern {Bolivian Amazon}},
	school = {University of Texas},
	address = {Austin}}

@phdthesis{tanangkingsing:2009,
	author = {Tanangkingsing, Michael},
	year = {2009},
	title = {A functional reference grammar of {Cebuano}},
	school = {National Taiwan University},
	address = {Taipei}}

@article{tanczos:2014,
	author = {Tánczos, Orsolya},
	year = {2014},
	title = {Towards an analysis of the causative/non-causative alternation in {Udmurt}},
	journal = {Acta Linguistica Hungarica},
	volume = {61},
	number = {3},
	pages = {297--315}}

@article{tanko:2016,
	author = {Tankó, Enikő},
	year = {2016},
	title = {On the {Hungarian} equivalents of the {English} passive in literary translations: {A} case study on the translations of two novels},
	journal = {Acta Universitatis Sapientiae, Philologica},
	volume = {8},
	number = {2},
	pages = {93--107}}

@article{tanko:2017,
	author = {Tankó, Enikő},
	year = {2017},
	title = {Passive constructions: {Strangers} among {L1} speakers of {Hungarian}?},
	journal = {Acta Universitatis Sapientiae, Philologica},
	volume = {9},
	number = {2},
	pages = {107--124}}

@phdthesis{teferi:2019,
	author = {{Teferi Kumssa Dandena}},
	shortauthor = {Teferi},
	sortkey = {Teferi},
	year = {2019},
	title = {A grammar of {Rayya Afaan Oromoo}: {Documentation} and description},
	school = {Addis Ababa University},
	address = {Addis Ababa}}

@article{terrill:1997,
	author = {Terrill, Angela},
	year = {1997},
	title = {The development of antipassive constructions in {Australian} languages},
	journal = {Australian Journal of Linguistics},
	volume = {17},
	number = {1},
	pages = {71--88}}

@book{terrill:2003,
	author = {Terrill, Angela},
	year = {2003},
	title = {A grammar of {Lavukaleve}},
	publisher = {Mouton de Gruyter},
	address = {Berlin}}

@book{tesniere:1959,
	author = {Tesnière, Lucien},
	year = {1959},
	title = {Éléments de syntaxe structurale},
	publisher = {C. Klincksieck},
	address = {Paris}}
	
@book{thiesen:weber:2012,
	author = {Thiesen, Wesley and Weber, David J.},
	year = {2012},
	title = {A grammar of {Bora} with special attention to tone},
	publisher = {Summer Institute of Linguistics},
	address = {Dallas}}

@phdthesis{thomas:2014,
	author = {Thomas, Michael F.},
	year = {2014},
	title = {A grammar of {Sakun (Sukur)}},
	school = {University of Colorado},
	address = {Boulder}}

@article{thompson:1996,
	author = {Thompson, Chad},
	year = {1996},
	title = {The {Na-Dene} middle voice: {An} impersonal source of the \emph{d}-element},
	journal = {International Journal of American Linguistics},
	volume = {62},
	number = {4},
	pages = {351--378}}
	
@book{thompson:al:2006,
	author = {Thompson, Sandra A. and Park, Joseph S.-Y. and Li, Charles N.},
	year = {2006},
	title = {A reference grammar of {Wappo}},
	publisher = {University of California Press},
	address = {Berkeley}}

@phdthesis{thornes:2003,
	author = {Thornes, Timothy J.},
	year = {2003},
	title = {A {Northern Paiute} grammar with texts},
	school = {University of Oregon},
	address = {Eugene}}

@phdthesis{tida:2006,
	author = {Tida, Syuntarô},
	year = {2006},
	title = {A grammar of the {Dom} language: {A Papuan} language of {Papua New Guinea}},
	school = {Kyoto University},
	address = {Kyoto}}

@book{tserenpil:kullmann:2008,
	author = {Tserenpil, Dandii-Yadamyn and Kullmann, Rita},
	year = {2008},
	title = {Mongolian grammar},
	publisher = {National University of Mongolia},
	address = {Ulaanbaatar}}

@book{tsunoda:2011,
	author = {Tsunoda, Tasaku},
	year = {2011},
	title = {A grammar of {Warrongo}},
	publisher = {De Gruyter Mouton},
	address = {Berlin}}

@book{tucker:1994,
	author = {Tucker, Archibald N.},
	year = {1994},
	title = {A grammar of {Kenya Luo (Dholuo)}},
	publisher = {Rüdiger Köppe},
	address = {Cologne}}

@incollection{underhill:1980,
	author = {Underhill, Robert},
	year = {1980},
	title = {Case relations in modern {Greenlandic}},
	editor = {Caron, Bruce R. and Hoffman, Meredith A. B. and Silva, Marilyn and Van Oosten, Jeanne and Aiford, Danny K. and Hunoid, Karen A. and Macaulay, Monica and Manley-Buser, John},
	booktitle = {Proceedings of the Sixth Annual Meeting of the {Berkeley Linguistics Society}},
	publisher = {Berkeley Linguistics Society},
	address = {Berkeley},
	pages = {457--478}}

@book{vajda:2004,
	author = {Vajda, Edward J.},
	year = {2004},
	title = {Ket},
	publisher = {Lincom},
	address = {Munich}}

@article{valenzuela:2016,
	author = {Valenzuela, Pilar M.},
	year = {2016},
	title = {“{Simple}” and “double” applicatives in {Shiwilu (Kawapanan)}},
	journal = {Studies in Language},
	volume = {40},
	number = {3},
	pages = {513--550}}

@book{vanderelst:2016,
	author = {Vanderelst, John},
	year = {2016},
	title = {A grammar of {Dagik}: {A Kordofanian language of Sudan}},
	publisher = {Rüdiger Köppe},
	address = {Cologne}}

@book{van-der-voort:2004,
	author = {van der Voort, Hein},
	year = {2004},
	title = {A grammar of {Kwaza}},
	publisher = {Mouton de Gruyter},
	address = {Berlin}}

@phdthesis{van-egmond:2012,
	author = {van Egmond, Marie-Elaine},
	year = {2012},
	title = {Enindhilyakwa phonology, morphosyntax and genetic position},
	school = {University of Sydney},
	address = {Sydney}}

@unpublished{van-gysel:2018,
	author = {Van Gysel, Jens E. L.},
	year = {2018},
	title = {Causative-applicative polysemy and its sources},
	note = {Paper presented at the 13th High Desert Linguistics Society Conference (Albuquerque, November 2018)}}

@book{van-valin:2001,
	author = {Van Valin, Robert D.},
	year = {2001},
	title = {An introduction to syntax},
	publisher = {Cambridge University Press},
	address = {Cambridge}}

@book{van-valin:2005,
	author = {Van Valin, Robert D.},
	year = {2005},
	title = {Exploring the syntax-semantics interface},
	publisher = {Cambridge University Press},
	address = {Cambridge}}

@incollection{vater:1978,
	author = {Vater, Heinz},
	year = {1978},
	title = {On the possibility of distinguishing between complements and adjuncts},
	editor = {Abraham, Werner},
	booktitle = {Valence, semantic case, and grammatical relations},
	pages = {21--45},
	publisher = {John Benjamins},
	address = {Amsterdam}}

@incollection{vazquez-soto:2002,
	author = {Vázquez Soto, Verónica},
	year = {2002},
	title = {Some constraints on {Cora} causative constructions},
	editor = {Shibatani, Masayoshi},
	booktitle = {The grammar of causation and interpersonal manipulation},
	pages = {197--243},
	publisher = {John Benjamins},
	address = {Amsterdam}}

@incollection{velazquez-castillo:2002,
	author = {Velázquez-Castillo, Maura},
	year = {2002},
	title = {Guaraní causative constructions},
	editor = {Shibatani, Masayoshi},
	booktitle = {The grammar of causation and interpersonal manipulation},
	pages = {507--534},
	publisher = {John Benjamins},
	address = {Amsterdam}}
	
@phdthesis{vidal:2001,
	author = {Vidal, Alejandra},
	year = {2001},
	title = {Pilagá grammar ({Guaykuruan} family, {Argentina})},
	school = {University of Oregon},
	address = {Eugene}}

@thesis{vigus:2016,
	author = {Vigus, Meagan},
	year = {2016},
	title = {A {Radical Construction Grammar} analysis of antipassive constructions},
	school = {University of New Mexico},
	address = {Albuquerque},
	type = {Master’s thesis}}

@book{von-der-gabelentz:1861,
	author = {von der Gabelentz, Hans C.},
	year = {1861},
	title = {Über das {Passivum}: {Eine} sprachvergleichende {Abhandlung}},
	publisher = {S. Hirzel},
	address = {Leipzig}}

@book{vorbichler:1965,
	author = {Vorbichler, Anton},
	year = {1965},
	title = {Die {Phonologie und Morphologie des Balese (Ituri-Urwald, Kongo)}},
	publisher = {J. J. Augustin},
	address = {Glückstadt}}

@book{vovin:1993,
	author = {Vovin, Alexander},
	year = {1993},
	title = {A reconstruction of {Proto-Ainu}},
	publisher = {Brill},
	address = {Leiden}}

@phdthesis{vuillermet:2012,
	author = {Vuillermet, Marine},
	year = {2012},
	title = {A grammar of {Ese Ejja}, a {Takanan} language of the {Bolivian Amazon}},
	school = {Lumière University Lyon 2},
	address = {Lyon}}

@phdthesis{wakasa:2008,
	author = {Wakasa, Motomichi},
	year = {2008},
	title = {A descriptive study of the modern {Wolaytta} language},
	school = {University of Tokyo},
	address = {Tokyo}}

@phdthesis{walker:2013,
	author = {Walker, Neil A.},
	year = {2013},
	title = {A grammar of {Southern Pomo}: {An} indigenous language of {California}},
	school = {University of California},
	address = {Santa Barbara}}

@article{wallis:1964,
	author = {Wallis, Ethel E.},
	year = {1964},
	title = {Mezquital {Otomi} verb fusion},
	journal = {Language},
	volume = {40},
	number = {1},
	pages = {75--82}}

@thesis{walters:2015,
	author = {Walters, Josiah K.},
	year = {2015},
	title = {A grammar sketch of {Dazaga}},
	school = {Graduate Institute of Applied Linguistics},
	address = {Dallas},
	type = {Master’s thesis}}

@article{washio:1993,
	author = {Washio, Ryuichi},
	year = {1993},
	title = {When causatives mean passive: {A} cross-linguistic perspective},
	journal = {Journal of East Asian Linguistics},
	volume = {2},
	pages = {45--90}}

@book{watahomigie:al:1982,
	author = {Watahomigie, Lucille J. and Bender, Jorigine and Yamamoto, Akira Y.},
	year = {1982},
	title = {Hualapai reference grammar},
	publisher = {University of California},
	address = {Los Angeles}}

@book{waters:1989,
	author = {Waters, Bruce E.},
	year = {1989},
	title = {Djinang and {Djinba}: {A} grammatical and historical perspective},
	publisher = {Pacific Linguistics},
	address = {Canberra}}

@book{weber:1989,
	author = {Weber, David J.},
	year = {1989},
	title = {A grammar of {Huallaga (Huánuco) Quechua}},
	publisher = {University of California Press},
	address = {Berkeley}}

@book{wegener:2012,
	author = {Wegener, Claudia},
	year = {2012},
	title = {A grammar of {Savosavo}},
	publisher = {De Gruyter Mouton},
	address = {Berlin}}

@book{werner:1997,
	author = {Werner, Heinrich},
	year = {1997},
	title = {Die ketische {Sprache}},
	publisher = {Harrassowitz},
	address = {Wiesbaden}}

@phdthesis{whitehead:2006,
	author = {Whitehead, Carl R.},
	year = {2006},
	title = {A reference grammar of {Menya}, an {Angan} language of {Papua New Guinea}},
	school = {University of Manitoba},
	address = {Winnipeg}}

@article{wichmann:2014,
	author = {Wichmann, Søren},
	year = {2014},
	title = {Arguments and adjuncts cross-linguistically: {A} brief introduction},
	journal = {Linguistic Discovery},
	volume = {12},
	number = {2},
	pages = {1--2}}

@incollection{wichmann:2015,
	author = {Wichmann, Søren},
	year = {2015},
	title = {Statistical observations on implicational (verb) hierarchies},
	editor = {Malchukov, Andrej and Comrie, Bernard},
	maintitle = {Valency classes in the world's languages},
	booktitle = {Introducing the framework, and case studies from {Africa} and {Eurasia}},
	volume = {1},
	pages = {155--181},
	publisher = {De Gruyter Mouton},
	address = {Berlin}}

@phdthesis{wilkins:1989,
	author = {Wilkins, David P.},
	year = {1989},
	title = {Mparntwe {Arrernte (Aranda): Studies} in the structure and semantics of grammar},
	school = {Australian National University},
	address = {Canberra}}

@phdthesis{willett:2003,
	author = {Willett, Marie L.},
	year = {2003},
	title = {A grammatical sketch of {Nxa’amxcin} ({Moses-Columbia Salish})},
	school = {University of Victoria},
	address = {Victoria}}
	
@phdthesis{wilson:2017,
	author = {Wilson, Jennifer},
	year = {2017},
	title = {A grammar of {Yeri}, a {Torricelli} language of {Papua New Guinea}},
	school = {State University of New York},
	address = {Buffalo}}

@book{winkler:2011,
	author = {Winkler, Eberhard},
	year = {2011},
	title = {Udmurtische {Grammatik}},
	publisher = {Harrassowitz},
	address = {Wiesbaden}}

@incollection{wise:1990,
	author = {Wise, Mary R.},
	year = {1990},
	title = {Valence-changing affixes in {Maipuran Arawakan} languages},
	editor = {Payne, Doris},
	booktitle = {Amazonian linguistics: {Studies} in {Lowland South American} languages},
	publisher = {University of Texas Press},
	pages = {89--116}}

@phdthesis{witzlack-makarevich:2011,
	author = {Witzlack-Makarevich, Alena},
	year = {2011},
	title = {Typological variation in grammatical relations},
	school = {Leipzig University},
	address = {Leipzig}}

@phdthesis{wojtylak:2017,
	author = {Wojtylak, Katarzyna I.},
	year = {2017},
	title = {A grammar of {Murui (Bue): A Witotoan} language of {Northwest Amazonia}},
	school = {James Cook University},
	address = {Cairns}}

@thesis{wood:2012,
	author = {Wood, Joyce K.},
	year = {2012},
	title = {Valence-increasing strategies in {Urim} syntax},
	school = {Graduate Institute of Applied Linguistics},
	address = {Dallas},
	type = {Master’s thesis}}

@phdthesis{wu:2006,
	author = {Wu, Jing-lan J.},
	year = {2006},
	title = {Verb classification, case marking, and grammatical relations in {Amis}},
	school = {State University of New York},
	address = {Buffalo}}

@book{xolodovic:1969,
	editor = {Xolodovič, Aleksandr A.},
	year = {1969},
	title = {Tipologija kauzativnyx konstrukcij: {Morfologičeskij kauzativ}},
	publisher = {Nauka},
	address = {Leningrad}}

@article{yap:ahn:2019,
	author = {Yap, Foong H. and Ahn, Mikyung},
	year = {2019},
	title = {Development of grammatical voice marking in {Korean}: {On} the causative, middle and passive uses of suffix \emph{-i}},
	journal = {Lingua},
	volume = {219},
	pages = {1--23}}

@incollection{yap:iwasaki:1998,
	author = {Yap, Foong H. and Iwasaki, Shoichi},
	year = {1998},
	title = {The emergence of ‘give’ passives in {East and Southeast Asian} languages},
	editor = {Alves, Mark and Sidwell, Paul and Gil, David},
	booktitle = {Papers from the 8th meeting of the {Southeast Asian Linguistics Society}},
	pages = {193--208},
	publisher = {Pacific Linguistics},
	address = {Canberra}}

@incollection{yap:iwasaki:2003,
	author = {Yap, Foong H. and Iwasaki, Shoichi},
	year = {2003},
	title = {From causative to passive: {A} passage in some {East and Southeast Asian} languages},
	editor = {Casad, Eugene H. and Palmer, Gary B.},
	booktitle = {Cognitive linguistics and non-{Indo-European} languages},
	pages = {419--446},
	publisher = {Mouton de Gruyter},
	address = {Berlin}}

@phdthesis{yarapea:2006,
	author = {Yarapea, Apoi},
	year = {2006},
	title = {Morphosyntax of {Kewapi}},
	school = {Australian National University},
	address = {Canberra}}

@book{yeon:brown:2011,
	author = {Yeon, Jaehoon and Brown, Lucien},
	year = {2011},
	title = {Korean: {A} comprehensive grammar},
	publisher = {Routledge},
	address = {London}}

@phdthesis{zahir:2018,
	author = {Zahir, Zalmai},
	year = {2018},
	title = {Elements of {Lushootseed} grammar in discourse perspective},
	school = {University of Oregon},
	address = {Eugene}}

@thesis{zandvoort:1999,
	author = {Zandvoort, Franklin D.},
	year = {1999},
	title = {A grammar of {Matngele}},
	school = {University of New England},
	address = {Armidale},
	type = {Bachelor’s thesis}}

@phdthesis{zavala:2000,
	author = {Zavala, Roberto M.},
	year = {2000},
	title = {Inversion and other topics in the grammar of {Olutec (Mixe)}},
	school = {University of Oregon},
	address = {Eugene}}

@book{zinnatullina:1969,
	author = {Zinnatullina, K. Z.},
	year = {1969},
	title = {Zalogi glagola v sovremennom tatarskom literaturnom jazyke},
	publisher = {Tatknigoizdat},
	address = {Kazan}}
	
@incollection{zinnatullina:1993,
	author = {Zinnatullina, K. Z.},
	year = {1993},
	title = {Zalogi glagola},
	editor = {Zakiev, M. Z. and Ganiev, F. A.},
	booktitle = {Tatarskaja grammatika},
	volume = {2},
	pages = {161--184}}

@book{zuniga:kittila:2019,
	author = {Zúñiga, Fernando and Kittilä, Seppo},
	year = {2019},
	title = {Grammatical voice},
	publisher = {Cambridge University Press},
	address = {Cambridge}}
