@article{2006discourse,
  title = {Discourse Structure and Anaphora in Tutorial Dialogues: {{An}} Empirical Analysis of Two Theories of the Global Focus},
  author = {Poesio, Massimo and Patel, Amrita and Di Eugenio, Barbara},
  journal = {Research on Language and Computation},
  year = {2006},
  volume = {4},
  number = {2-3},
  pages = {229--257},
}

@unpublished{ontonotesSlides,
	author = {Pradhan, Sameer and Xue, Nianwen},
        howpublished = {online},
	title = {{{{OntoN}otes}}: {{The}} 90\% Solution},
	year = {2009}, 
        url = {https://cemantix.org/papers/ontonotes-tutorial.pdf}
}

@techreport{sidner1979towards,
	author = {Sidner, Candace Lee},
	institution = {{Massachusetts Inst of Tech Cambridge Artificial Intelligence lab}},
	title = {Towards a Computational Theory of Definite Anaphora Comprehension in {English} Discourse.},
	year = {1979}
}

@techreport{hearst1993texttiling,
	author = {Hearst, Marti A},
	title = {{{{TextT}iling}}: {{A}} Quantitative Approach to Discourse Segmentation},
	year = {1993}
}

@phdthesis{zarriess2016syntactic,
	author = {Zarrieß, Sina},
	doi = {10.18419/OPUS-3643},
	school = {University of Stuttgart},
	title = {Syntactic and Referential Choice in Corpus-Based Generation: {Modeling} Source, Context and Interactions},
	year = {2016}
}

@phdthesis{vogels2014referential,
	author = {Vogels, Jorrig},
	school = {Tilburg: Tilburg center for Cognition and Communication (TiCC)},
	title = {Referential Choices in Language Production: {{The}} Role of Accessibility},
	year = {2014}
}

@phdthesis{viethen2011generation,
	author = {Viethen, Jette},
	school = {Australia: Macquarie University},
	title = {The Generation of Natural Descriptions: {Corpus-based} Investigations of Referring Expressions in Visual Domains},
	year = {2011}
}

@phdthesis{rosa2015semantic,
	author = {Rosa, Elise C},
	school = {The University of North Carolina at Chapel Hill},
	title = {Semantic Role Predictability Affects Referential Form},
	year = {2015}
}

@phdthesis{kutlak2014generation,
	author = {Kutlak, Roman},
	school = {University of Aberdeen},
	title = {Generation of Referring Expressions for an Unknown Audience},
	year = {2014}
}

@phdthesis{ferreira2018advances,
	author = {Castro Ferreira, Thiago},
	school = {Tilburg University},
	location = {Tilburg},
	title = {Advances in Natural Language Generation: {{Generating}} Varied Outputs from Semantic Inputs},
	year = {2018}
}

@phdthesis{de2015putting,
	author = {{De la Fuente}, Israel},
	school = {Université paris Diderot},
	title = {Putting Pronoun Resolution in Context: {{The}} Role of Syntax, Semantics, and Pragmatics in Pronoun Interpretation},
	year = {2015}
}

@phdthesis{Vliet2008,
	address = {{Utrecht}},
	author = {Vliet, Sarah},
	school = {LOT},
	title = {Proper Nouns and Pronouns : {The} Production of Referential Expressions in Narrative Discourse},
	year = {2008}
}

@phdthesis{Chiarcos2009MentalSA,
	author = {{Christian Chiarcos}},
	title = {Mental Salience and Grammatical Form: {Toward} a Framework for Salience Metrics in Natural Language Generation},
	year = {2009}
}

@misc{weischedel2013ontonotes,
	author = {{Weischedel, Ralph} and {Palmer, Martha} and {Marcus, Mitchell} and {Hovy, Eduard} and {Pradhan, Sameer} and {Ramshaw, Lance} and {Xue, Nianwen} and {Taylor, Ann} and {Kaufman, Jeff} and {Franchini, Michelle} and {El-Bachouti, Mohammed} and {Belvin, Robert} and {Houston, Ann}},
	doi = {10.35111/XMHB-2B84},
	publisher = {{Linguistic Data Consortium, Philadelphia, PA}},
	title = {{{{OntoN}otes}} Release 5.0 {{{LDC}2013t19}}},
	year = {2013}
}

@misc{weischedel2012ontonotes,
	author = {Weischedel, Ralph and Palmer, Martha and Marcus, Mitchell and Hovy, Eduard and Pradhan, Sameer and Ramshaw, Lance and Xue, Nianwen and Taylor, Ann and Kaufman, Jeff and Franchini, Michelle and others},
	publisher = {{Linguistic Data Consortium}},
	title = {{{{OntoN}otes}} Release 5.0 with {{{OntoN}otes {DB} Tool}} v0. 999 Beta},
	year = {2012},
url = {https://catalog.ldc.upenn.edu/docs/LDC2013T19/OntoNotes-Release-5.0.pdf}
}

@misc{vaswani2017attention,
	author = {Vaswani, Ashish and Shazeer, Noam and Parmar, Niki and Uszkoreit, Jakob and Jones, Llion and Gomez, Aidan N and Kaiser, Lukasz and Polosukhin, Illia},
	eprint = {1706.03762},
	title = {Attention Is All You Need},
	year = {2017},
        archivePrefix={arXiv},
        primaryClass={cs.CL},
        doi = {10.48550/arXiv.1706.03762}
}

@misc{same2022,
	author = {Same, Fahime and Chen, Guanyi and van Deemter, Kees},
	copyright = {Creative Commons Attribution 4.0 International},
	doi = {10.48550/ARXIV.2203.08274},
	publisher = {{arXiv}},
	title = {Non-Neural Models Matter: {{A}} Re-Evaluation of Neural Referring Expression Generation Systems},
	year = {2022}
}

@misc{reiter2020,
	author = {Reiter, Ehud B.},
	title = {Accuracy Errors Go beyond Getting Facts Wrong},
        howpublished = {Online},
	url = {https://ehudreiter.com/2020/04/27/accuracy-errors-go-beyond-getting-facts-wrong}, 
	year = {2020}
}

@patent{reiter2016method,
  title = {Method and Apparatus for Referring Expression Generation},
  author = {Reiter, Ehud B.},
  year = {2016},
  month = may,
  number = {US9355093B2},
  assignee = {Arria Data2Text Ltd},
  nationality = {US}
}


@misc{reiter2016commercial,
	author = {Reiter, Ehud B.},
	title = {Commercial and Academic Perspectives on {{{NLG}}} (and {{{AI}}}?)},
	howpublished = {Online},
	year = {2016},
url = {https://ehudreiter.com/2016/12/21/commercial-and-academic-nlg/}
}

@misc{poesio2000gnome,
	author = {Poesio, Massimo},
	title = {The {{{GNOME}}} Annotation Scheme Manual, {Version} 4},
        howpublished = {Online},
	url = {https://cswww.essex.ac.uk/Research/nle/corpora/GNOME/anno_manual_4.htm},
	year = {2000}
}

@manual{kuhn2018package,
	author = {Kuhn, Max and Weston, Steve and Culp, Mark and Coulter, Nathan and Quinlan, Ross},
	url = {https://CRAN.R-project.org/package=C50},
	title = {{C}50: {C}5.0 Decision Trees and Rule-Based Models},
	year = {2018}
}

@misc{hallucination2018,
	author = {Reiter, Ehud B.},
	month = {11},
	title = {Hallucination in {{Neural {NLG}}}},
        howpublished = {Online},
	url = {https://ehudreiter.com/2018/11/12/hallucination-in-neural-nlg/},
	year = {2018}
}

@misc{daelemans2007timbl,
	author = {Daelemans, Walter and Zavrel, Jakub and van der Sloot, Ko and van den Bosch, Antal},
	publisher = {Tilburg {University}},
	title = {{{{TiMBL}}}: {{Tilburg}} Memory-Based Learner},
	year = {2007},
        url = {https://languagemachines.github.io/timbl/}
}

@misc{chiarcos2005annotation,
	author = {Chiarcos, Christian and Krasavina, Olga},
	howpublished = {Online},
	title = {Annotation Guidelines. {{{POCOS}-Potsdam}} Coreference Scheme Draft},
	url = {https://www.researchgate.net/publication/228572420_Annotation_Guidelines_PoCoS-Potsdam_Coreference_Scheme_Draft},
	year = {2005}
}

@misc{allen1995trains,
	author = {Allen, James and Heeman, Peter},
	doi = {10.35111/VDZW-3271},
	publisher = {Linguistic Data Consortium},
	title = {{{{TRAINS}}} Spoken Dialog Corpus {{{LDC}95S25}}},
	year = {1995}
}

@misc{Weischedel2013,
	author = {{Weischedel, Ralph} and {Palmer, Martha} and {Marcus, Mitchell} and {Hovy, Eduard} and {Pradhan, Sameer} and {Ramshaw, Lance} and {Xue, Nianwen} and {Taylor, Ann} and {Kaufman, Jeff} and {Franchini, Michelle} and {El-Bachouti, Mohammed} and {Belvin, Robert} and {Houston, Ann}},
	doi = {10.35111/XMHB-2B84},
	publisher = {{Linguistic Data Consortium, Philadelphia, PA}},
	title = {{{{OntoN}otes}} Release 5.0 {{{LDC}2013t19}}},
	year = {2013}
}

@misc{NovikovaDR17a,
	archiveprefix = {arxiv},
	author = {Novikova, Jekaterina and Dusek, Ondrej and Rieser, Verena},
	eprint = {1706.09433},
	primaryclass = {cs.CL},
	title = {Data-Driven Natural Language Generation: {{Paving}} the Road to Success},
	volume = {abs/1706.09433},
	year = {2017},
        doi = {10.48550/arXiv.1706.09433}
}

@misc{Nori2019,
	archiveprefix = {arxiv},
	author = {Nori, Harsha and Jenkins, Samuel and Koch, Paul and Caruana, Rich},
	eprint = {1909.09223},
	month = {9},
	primaryclass = {cs.LG},
	title = {{{{InterpretML}}}: {{A}} Unified Framework for {Machine} Learning Interpretability},
	year = {2019},
        doi = {10.48550/arXiv.1909.09223}
}

@misc{Carlson2002,
	author = {Carlson, Lynn and Marcu, Daniel and Okurowski, Mary Ellen},
	doi = {10.35111/4W31-M996},
	publisher = {{Linguistic Data Consortium}},
	title = {{{{RST}}} Discourse Treebank},
	year = {2002}
}

@mastersthesis{clark2000,
	author = {Clark, Stephen A.},
	school = {University of North Dakota},
	title = {Participant Reference in Narrative Discourse: {{A}} Comparison of Three Methodologies},
	year = {2000}
}

@inproceedings{zhou-su-2004-high,
	address = {{Geneva}},
	author = {Zhou, GuoDong and Su, Jian},
	booktitle = {{{{{COLING}}} 2004: {{Proceedings}} of the 20th International Conference on Computational Linguistics}},
	month = {8},
	pages = {522--528},
	publisher = {{COLING}},
	title = {A High-Performance Coreference Resolution System Using a Constraint-Based Multi-Agent Strategy},
	year = {2004}
}

@inproceedings{zarriess2013combining,
	author = {Zarrieß, Sina and Kuhn, Jonas},
	booktitle = {Proceedings of the 51st Annual Meeting of the {Association for Computational Linguistics} (Volume 1: {{Long}} Papers)},
	pages = {1547--1557},
	title = {Combining Referring Expression Generation and {Surface} Realization: {{A}} Corpus-Based Investigation of Architectures},
	year = {2013}
}

@inproceedings{yang-etal-2016-hierarchical,
	address = {{San Diego}},
	author = {Yang, Zichao and Yang, Diyi and Dyer, Chris and He, Xiaodong and Smola, Alex and Hovy, Eduard},
	booktitle = {{Proceedings of the 2016 Conference of the {North} {{{American}}} Chapter of the Association for Computational Linguistics: {{Human}} Language Technologies}},
	doi = {10.18653/v1/N16-1174},
	month = {6},
	pages = {1480--1489},
	publisher = {{Association for Computational Linguistics}},
	title = {Hierarchical Attention Networks for Document Classification},
	year = {2016}
}

@inproceedings{xgboost2016,
	address = {{New York}},
	author = {Chen, Tianqi and Guestrin, Carlos},
	booktitle = {{Proceedings of the 22nd {{{ACM} {SIGKDD}}} International Conference on Knowledge Discovery and Data Mining}},
	doi = {10.1145/2939672.2939785},
	pages = {785--794},
	publisher = {{Association for Computing Machinery}},
	series = {{{KDD}} '16},
	title = {{{{XGB}oost}}: {{A}} Scalable Tree Boosting System},
	year = {2016}
}

@inproceedings{webber-etal-2010-discourse,
	address = {{Uppsala}},
	author = {Webber, Bonnie and Egg, Markus and Kordoni, Valia},
	booktitle = {Proceedings of the 48th Annual Meeting of the Association for Computational Linguistics: {{Tutorial}} Abstracts},
	month = {7},
	pages = {3},
	publisher = {{Association for Computational Linguistics}},
	title = {Discourse Structure: {{Theory}}, Practice and Use},
	year = {2010}
}

@inproceedings{walker1990mixed,
	author = {Walker, Marilyn A. and Whittaker, Steve},
	booktitle = {Proceedings of the 28th Annual Meeting on {{Association}} for {{Computational Linguistics}}},
	pages = {70--78},
	publisher = {{Association for Computational Linguistics}},
	title = {Mixed Initiative in Dialogue: {{An}} Investigation into Discourse Segmentation},
	year = {1990}
}

@inproceedings{vogels2019both,
	author = {Vogels, Jorrig},
	booktitle = {{{{CogS}ci}}},
	pages = {3029--3035},
	title = {Both Thematic Role and Next-Mention Biases Affect Pronoun Use in {{{Dutch}}}.},
	year = {2019}
}

@inproceedings{viethen2007evaluation,
	author = {Viethen, Jette and Dale, Robert},
	booktitle={Traitement Automatique des Langues, Volume 48, Num{\'e}ro 1: Principes de l'{\'e}valuation en Traitement Automatique des Langues [Principles of Evaluation in Natural Language Processing]},
	publisher = {{{ATALA}} (Association pour le Traitement Automatique des Langues)},
editor = {Paroubek, Patrick  and
      Chaudiron, St{\'e}phane  and
      Hirschman, Lynette},
	title = {Evaluation in Natural Language Generation: {{Lessons}} from Referring Expression Generation},
        pages={141--160},
	year = {2007}
}

@inproceedings{viethen2006algorithms,
	author = {Viethen, Jette and Dale, Robert},
	booktitle = {{Proceedings of the Fourth International Natural Language Generation Conference}},
	pages = {63--70},
	publisher = {{Association for Computational Linguistics}},
	title = {Algorithms for Generating Referring Expressions: {Do} They Do What People Do?},
	year = {2006}
}

@inproceedings{van2019best,
	author = {van der Lee, Chris and Gatt, Albert and van Miltenburg, Emiel and Wubben, Sander and Krahmer, Emiel},
	booktitle = {{Proceedings of the 12th International Conference on Natural Language Generation}},
	pages = {355--368},
	title = {Best Practices for the Human Evaluation of Automatically Generated Text},
	year = {2019}
}

@inproceedings{van2006building,
	author = {van Deemter, Kees and van der Sluis, Ielka and Gatt, Albert},
	booktitle = {{Proceedings of the Fourth International Natural Language Generation Conference}},
	pages = {130--132},
	publisher = {{Association for Computational Linguistics}},
	title = {Building a Semantically Transparent Corpus for the Generation of Referring Expressions},
	year = {2006}
}

@inproceedings{van-miltenburg-etal-2021-underreporting,
	address = {{Aberdeen}},
	author = {van Miltenburg, Emiel and Clinciu, Miruna and Dušek, Ondřej and Gkatzia, Dimitra and Inglis, Stephanie and Leppänen, Leo and Mahamood, Saad and Manning, Emma and Schoch, Stephanie and Thomson, Craig and Wen, Luou},
	booktitle = {{Proceedings of the 14th International Conference on Natural Language Generation}},
	month = {8},
	pages = {140--153},
	publisher = {{Association for Computational Linguistics}},
	title = {Underreporting of Errors in {{{NLG}}} Output, and What to Do about It},
	year = {2021}
}

@inproceedings{van-der-lee-etal-2017-pass,
	address = {{Santiago de Compostela}},
	author = {van der Lee, Chris and Krahmer, Emiel and Wubben, Sander},
	booktitle = {{Proceedings of the 10th International Conference on Natural Language Generation}},
	doi = {10.18653/v1/W17-3513},
	month = {9},
	pages = {95--104},
	publisher = {{Association for Computational Linguistics}},
	title = {{{{PASS}}}: {{A {Dutch}}} Data-to-Text System for Soccer, Targeted towards Specific Audiences},
	year = {2017}
}

@inproceedings{upadhye-etal-2020-predicting,
	address = {{Online}},
	author = {Upadhye, Shiva and Bergen, Leon and Kehler, Andrew},
	booktitle = {{Proceedings of the 2020 Conference on Empirical Methods in Natural Language Processing ({{{EMNLP}}})}},
	doi = {10.18653/v1/2020.emnlp-main.70},
	month = {11},
	pages = {977--982},
	publisher = {{Association for Computational Linguistics}},
	title = {Predicting Reference: {{What}} Do Language Models Learn about Discourse Models?},
	year = {2020}
}

@inproceedings{torroba-hennigen-etal-2020-intrinsic,
	address = {{Online}},
	author = {Torroba Hennigen, Lucas and Williams, Adina and Cotterell, Ryan},
	booktitle = {{Proceedings of the 2020 Conference on Empirical Methods in Natural Language Processing ({{{EMNLP}}})}},
	doi = {10.18653/v1/2020.emnlp-main.15},
	month = {11},
	pages = {197--216},
	publisher = {{Association for Computational Linguistics}},
	title = {Intrinsic Probing through Dimension Selection},
	year = {2020}
}

@inproceedings{tofiloski2009syntactic,
	address = {{Suntec}},
	author = {Tofiloski, Milan and Brooke, Julian and Taboada, Maite},
	booktitle = {{Proceedings of the {{{ACL}-{IJCNLP}}} 2009 Conference Short Papers}},
	month = {8},
	pages = {77--80},
	publisher = {{Association for Computational Linguistics}},
	title = {A Syntactic and Lexical-Based Discourse Segmenter},
	year = {2009}
}

@inproceedings{tily2009refer,
	author = {Tily, Harry and Piantadosi, Steven},
	booktitle = {{Proceedings of the Workshop on the Production of Referring Expressions: {{Bridging}} the Gap between Computational and Empirical Approaches to Reference}},
	title = {Refer Efficiently: {{Use}} Less Informative Expressions for More Predictable Meanings},
	year = {2009}
}

@inproceedings{theune2007cost,
	author = {Theune, Mari{\"e}t and Touset, Pascal and Viethen, Jette and Krahmer, Emiel},
	booktitle = {{Proceedings of the {{{MT}}} Summit {{{XI}}} Workshop on Using Corpora for {{{NLG}}}: {{Language}} Generation and {Machine} Translation ({{{UCNLG}}}+ {{{MT}}})}},
	pages = {95--97},
	publisher = {{European Association for Machine Translation}},
	title = {Cost-Based Attribute Selection for Gre ({{Graph}}-Sc/{{Graph}}-Fp)},
	year = {2007}
}

@inproceedings{straka2017tokenizing,
	author = {Straka, Milan and Straková, Jana},
	booktitle = {Proceedings of the {{{CoNLL}}} 2017 Shared Task: {{Multilingual}} Parsing from Raw Text to Universal Dependencies},
	pages = {88--99},
	title = {Tokenizing, Pos Tagging, Lemmatizing and Parsing Ud 2.0 with Udpipe},
	year = {2017}
}

@inproceedings{stoia2006noun,
	author = {Stoia, Laura and Shockley, Darla Magdalene and Byron, Donna K and {Fosler-Lussier}, Eric},
	booktitle = {{Proceedings of the Fourth International Natural Language Generation Conference}},
	pages = {81--88},
	publisher = {{Association for Computational Linguistics}},
	title = {Noun Phrase Generation for Situated Dialogs},
	year = {2006}
}

@inproceedings{stent2011computational,
	author = {Stent, Amanda J},
	booktitle = {{{{{PRE}-{CogS}ci}} Workshop}},
	title = {Computational Approaches to the Production of Referring Expressions: {{Dialog}} Changes (Almost) Everything},
	year = {2011}
}

@inproceedings{stent2000rhetorical,
	author = {Stent, Amanda},
	booktitle = {{{{{INLG}}}'2000 Proceedings of the First International Conference on Natural Language Generation}},
	pages = {247--252},
	title = {Rhetorical Structure in Dialog},
	year = {2000}
}

@inproceedings{sporleder-lapata-2004-automatic,
	address = {{Barcelona}},
	author = {Sporleder, Caroline and Lapata, Mirella},
	booktitle = {{Proceedings of the 2004 Conference on Empirical Methods in Natural Language Processing}},
	month = {7},
	pages = {72--79},
	publisher = {{Association for Computational Linguistics}},
	title = {Automatic Paragraph Identification: {{A}} Study across Languages and Domains},
	year = {2004}
}

@inproceedings{sorodoc-etal-2020-probing,
	address = {{Online}},
	author = {Sorodoc, Ionut-Teodor and Gulordava, Kristina and Boleda, Gemma},
	booktitle = {Proceedings of the 58th Annual Meeting of the {Association for Computational Linguistics}},
	doi = {10.18653/v1/2020.acl-main.384},
	month = {7},
	pages = {4177--4189},
	publisher = {{Association for Computational Linguistics}},
	title = {Probing for Referential Information in Language Models},
	year = {2020}
}

@inproceedings{soricut2003sentence,
	author = {Soricut, Radu and Marcu, Daniel},
	booktitle = {{Proceedings of the 2003 Conference of the {North} {American} Chapter of the Association for Computational Linguistics on Human Language Technology-Volume 1}},
	pages = {149--156},
	publisher = {{Association for Computational Linguistics}},
	title = {Sentence Level Discourse Parsing Using Syntactic and Lexical Information},
	year = {2003}
}

@inproceedings{siddharthan-copestake-2004-generating,
	address = {{Barcelona}},
	author = {Siddharthan, Advaith and Copestake, Ann},
	booktitle = {Proceedings of the 42nd Annual Meeting of the {Association for Computational Linguistics} ({{{ACL}-04}})},
	doi = {10.3115/1218955.1219007},
	month = {7},
	pages = {407--414},
	title = {Generating Referring Expressions in Open Domains},
	year = {2004}
}

@inproceedings{same-van-deemter-2020-linguistic,
	address = {Barcelona},
	author = {Same, Fahime and van Deemter, Kees},
	booktitle = {{Proceedings of the 28th International Conference on Computational Linguistics}},
	doi = {10.18653/v1/2020.coling-main.403},
	month = {12},
	pages = {4575--4586},
	publisher = {{International Committee on Computational Linguistics}},
	title = {A Linguistic Perspective on Reference: {{Choosing}} a Feature Set for Generating Referring Expressions in Context},
	year = {2020}
}

@inproceedings{same-van-deemter-2020-computational,
	author = {Same, Fahime and van Deemter, Kees},
	booktitle = {{Proceedings of the First Workshop on Computational Approaches to Discourse}},
	doi = {10.18653/v1/2020.codi-1.12},
	month = {11},
	pages = {113--123},
	publisher = {{Association for Computational Linguistics}},
	title = {Computational Interpretations of Recency for the Choice of Referring Expressions in Discourse},
	year = {2020}
}

@inproceedings{same-etal-2023-models,
  title = {Models of Reference Production: {{How}} Do They Withstand the Test of Time?},
  booktitle = {Proceedings of the 16th {{International Natural Language Generation Conference}}},
  author = {Same, Fahime and Chen, Guanyi and van Deemter, Kees},
  editor = {Keet, C. Maria and Lee, Hung-Yi and Zarrie{\ss}, Sina},
  year = {2023},
  month = sep,
  pages = {93--105},
  publisher = {{Association for Computational Linguistics}},
  address = {{Prague}},
  doi = {10.18653/v1/2023.inlg-main.7},
}

@inproceedings{same-etal-2022-non,
  title = {Non-neural Models Matter: {{A}} Re-evaluation of Neural Referring Expression Generation Systems},
  booktitle = {Proceedings of the 60th {{Annual Meeting}} of the {{Association}} for {{Computational Linguistics}} ({{Volume}} 1: {{Long Papers}})},
  author = {Same, Fahime and Chen, Guanyi and Van Deemter, Kees},
  editor = {Muresan, Smaranda and Nakov, Preslav and Villavicencio, Aline},
  year = {2022},
  month = may,
  pages = {5554--5567},
  publisher = {{Association for Computational Linguistics}},
  address = {Dublin},
  doi = {10.18653/v1/2022.acl-long.380},
}

@inproceedings{saha2011single,
	author = {Saha, Sriparna and Ekbal, Asif and Uryupina, Olga and Poesio, Massimo},
	booktitle = {{Proceedings of 5th International Joint Conference on Natural Language Processing}},
	pages = {93--101},
	title = {Single and Multi-Objective Optimization for Feature Selection in Anaphora Resolution},
	year = {2011}
}

@inproceedings{rosiger2018bashi,
	author = {Rösiger, Ina},
	booktitle = {{Proceedings of the Eleventh International Conference on Language Resources and Evaluation ({{{LREC}}} 2018)}},
	title = {{{{BASHI}}}: {{A}} Corpus of Wall Street Journal Articles Annotated with Bridging Links},
	year = {2018}
}

@inproceedings{rohrbach-etal-2018-object,
	address = {Brussels},
	author = {Rohrbach, Anna and Hendricks, Lisa Anne and Burns, Kaylee and Darrell, Trevor and Saenko, Kate},
	booktitle = {{Proceedings of the 2018 Conference on Empirical Methods in Natural Language Processing}},
	doi = {10.18653/v1/D18-1437},
	pages = {4035--4045},
	publisher = {{Association for Computational Linguistics}},
	title = {Object Hallucination in Image Captioning},
	year = {10}
}

@inproceedings{rogers-augenstein-2020-improve,
	author = {Rogers, Anna and Augenstein, Isabelle},
	booktitle = {Findings of the {Association for Computational Linguistics}: {{{EMNLP}}} 2020},
	doi = {10.18653/v1/2020.findings-emnlp.112},
	month = {11},
	pages = {1256--1262},
	publisher = {{Association for Computational Linguistics}},
	title = {What Can {We} Do to Improve Peer Review in {{{NLP}}}?},
	year = {2020}
}

@inproceedings{reiter-dale-1992-fast,
	author = {Reiter, Ehud B. and Dale, Robert},
	booktitle = {{{{{COLING}}} 1992 Volume 1: {{The}} 15th {{International Conference}} on {{Computational Linguistics}}}},
	title = {A Fast Algorithm for the Generation of Referring Expressions},
	year = {1992}
}

@inproceedings{reiter-2017-commercial,
	address = {Santiago de Compostela},
	author = {Reiter, Ehud B.},
	booktitle = {{Proceedings of the 10th International Conference on Natural Language Generation}},
	doi = {10.18653/v1/W17-3519},
	month = {9},
	pages = {134--138},
	publisher = {{Association for Computational Linguistics}},
	title = {A Commercial Perspective on Reference},
	year = {2017}
}

@inproceedings{prasad2015semantic,
	author = {Prasad, Rashmi and Bunt, Harry},
	booktitle = {{Proceedings of the 11th Joint {{{ACL}-{ISO}}} Workshop on Interoperable Semantic Annotation ({{{ISA}-11}})}},
	title = {Semantic Relations in Discourse: {{The}} Current State of {{{ISO}}} 24617-8},
	year = {2015}
}

@inproceedings{prasad-etal-2010-exploiting,
	address = {Valletta},
	author = {Prasad, Rashmi and Joshi, Aravind and Webber, Bonnie},
	booktitle = {{Proceedings of the Seventh International Conference on Language Resources and Evaluation ({{{LREC}}}'10)}},
	month = {5},
	publisher = {{European Language Resources Association (ELRA)}},
	title = {Exploiting Scope for Shallow Discourse Parsing},
	year = {2010}
}

@inproceedings{pradhan-etal-2013-towards,
	address = {Bulgaria},
	author = {Pradhan, Sameer and Moschitti, Alessandro and Xue, Nianwen and Ng, Hwee Tou and Björkelund, Anders and Uryupina, Olga and Zhang, Yuchen and Zhong, Zhi},
	booktitle = {{Proceedings of the Seventeenth Conference on Computational Natural Language Learning}},
	month = {8},
	pages = {143--152},
	publisher = {{Association for Computational Linguistics}},
	title = {Towards Robust Linguistic Analysis Using {{{OntoN}otes}}},
	year = {2013}
}

@inproceedings{polanyi2004sentential,
	author = {Polanyi, Livia and Culy, Chris and Van Den Berg, Martin and Thione, Gian Lorenzo and Ahn, David},
	booktitle = {{Proceedings of the 2004 {{{ACL}}} Workshop on Discourse Annotation}},
	pages = {80--87},
	publisher = {{Association for Computational Linguistics}},
	title = {Sentential Structure and Discourse Parsing},
	year = {2004}
}

@inproceedings{poesio2013arrau,
	author = {Poesio, Massimo and others},
	publisher = {{Philadelphia: Linguistic Data Consortium}},
	title = {The {{{ARRAU}}} Corpus of Anaphoric Information {{{LDC}2013T22}}.},
	year = {2013}
}

@inproceedings{poesio2004discourse,
	author = {Poesio, Massimo},
	booktitle = {{Proceedings of the Workshop on Discourse Annotation}},
	pages = {72--79},
	title = {Discourse Annotation and Semantic Annotation in the {{{GNOME}}} Corpus},
	year = {2004}
}

@inproceedings{poesio2000specifying,
	author = {Poesio, Massimo and Cheng, Hua and Henschel, Renate and Hitzeman, Janet and Kibble, Rodger and Stevenson, Rosemary},
	booktitle = {Proceedings of the 38th Annual Meeting on Association for Computational Linguistics},
	pages = {400--407},
	publisher = {{Association for Computational Linguistics}},
	title = {Specifying the Parameters of {{Centering Theory}}: {A} Corpus-Based Evaluation Using Text from Application-Oriented Domains},
	year = {2000}
}

@inproceedings{pereira2012corpus,
	author = {Pereira, Hilder and Novais, Eder and Mariotti, Andre and Paraboni, Ivandré},
	booktitle = {{{{LREC}}}},
	pages = {4004--4009},
	title = {Corpus-Based Referring Expressions Generation.},
	year = {2012}
}

@inproceedings{pennington-etal-2014-glove,
	address = {{Doha}},
	author = {Pennington, Jeffrey and Socher, Richard and Manning, Christopher},
	booktitle = {{Proceedings of the 2014 Conference on Empirical Methods in Natural Language Processing ({{{EMNLP}}})}},
	doi = {10.3115/v1/D14-1162},
	month = {10},
	pages = {1532--1543},
	publisher = {{Association for Computational Linguistics}},
	title = {{{{GloV}e}}: {{Global}} Vectors for Word Representation},
	year = {2014}
}

@inproceedings{papineni2002bleu,
	author = {Papineni, Kishore and Roukos, Salim and Ward, Todd and Zhu, Wei-Jing},
	booktitle = {Proceedings of the 40th {{Annual Meeting}} on {{Association}} for {{Computational Linguistics}}},
	pages = {311--318},
	publisher = {{Association for Computational Linguistics}},
	title = {{{{BLEU}}}: {A} Method for Automatic Evaluation of {Machine} Translation},
	year = {2002}
}

@inproceedings{pandit-hou-2021-probing,
	address = {{Online}},
	author = {Pandit, Onkar and Hou, Yufang},
	booktitle = {{Proceedings of the 2021 Conference of the {North} {American} Chapter of the Association for Computational Linguistics: {{Human}} Language Technologies}},
	doi = {10.18653/v1/2021.naacl-main.327},
	month = {6},
	pages = {4153--4163},
	publisher = {{Association for Computational Linguistics}},
	title = {Probing for Bridging Inference in Transformer Language Models},
	year = {2021}
}

@inproceedings{orita2015discourse,
	author = {Orita, Naho and Vornov, Eliana and Feldman, Naomi and Daum'e III, Hal},
	booktitle = {{Proceedings of the 53rd Annual Meeting of the Association for Computational Linguistics and the 7th International Joint Conference on Natural Language Processing (Volume 1 Long Papers)}},
	pages = {1639--1649},
	title = {Why Discourse Affects Speakers' Choice of Referring Expressions},
	year = {2015}
}

@inproceedings{orasan-dornescu-2009-wlv,
	address = {{Suntec}},
	author = {Or{\u a}san, Constantin and Dornescu, Iustin},
	booktitle = {{Proceedings of the 2009 Workshop on Language Generation and {Sum}marisation ({{{UCNLG}}}+{{{Sum}}} 2009)}},
	month = {8},
	pages = {107--108},
	publisher = {{Association for Computational Linguistics}},
	title = {{{{WLV}}}: {{A}} Confidence-Based {Machine} Learning Method for the {{{GREC}-{NEG}}}'09 Task},
	year = {2009}
}

@inproceedings{novikova-etal-2017-need,
	address = {{Copenhagen}},
	author = {Novikova, Jekaterina and Dušek, Ondřej and Cercas Curry, Amanda and Rieser, Verena},
	booktitle = {{Proceedings of the 2017 Conference on Empirical Methods in Natural Language Processing}},
	doi = {10.18653/v1/D17-1238},
	month = {9},
	pages = {2241--2252},
	publisher = {{Association for Computational Linguistics}},
	title = {Why {We} Need New Evaluation Metrics for {{{NLG}}}},
	year = {2017}
}

@inproceedings{nie-etal-2019-simple,
	address = {{Florence}},
	author = {Nie, Feng and Yao, Jin-Ge and Wang, Jinpeng and Pan, Rong and Lin, Chin-Yew},
	booktitle = {Proceedings of the 57th Annual Meeting of the {Association for Computational Linguistics}},
	doi = {10.18653/v1/P19-1256},
	month = {7},
	pages = {2673--2679},
	publisher = {{Association for Computational Linguistics}},
	title = {A Simple Recipe towards Reducing Hallucination in Neural {Surface} Realisation},
	year = {2019}
}

@inproceedings{mitchell2012midge,
	author = {Mitchell, Margaret and Han, Xufeng and Dodge, Jesse and Mensch, Alyssa and Goyal, Amit and Berg, Alex and Yamaguchi, Kota and Berg, Tamara and Stratos, Karl and Daumé III, Hal},
	booktitle = {Proceedings of the 13th {{Conference}} of the {{{European} Chapter}} of the {{Association}} for {{Computational Linguistics}}},
	pages = {747--756},
	publisher = {{Association for Computational Linguistics}},
	title = {Midge: {{Generating}} Image Descriptions from Computer Vision Detections},
	year = {2012}
}

@inproceedings{mei-etal-2016-talk,
	address = {{San Diego}},
	author = {Mei, Hongyuan and Bansal, Mohit and Walter, Matthew R.},
	booktitle = {{Proceedings of the 2016 Conference of the {North} {{{American}}} Chapter of the Association for Computational Linguistics: {{Human}} Language Technologies}},
	doi = {10.18653/v1/N16-1086},
	month = {6},
	pages = {720--730},
	publisher = {{Association for Computational Linguistics}},
	title = {What to Talk about and How? {{Selective}} Generation Using {{{LSTM}s}} with Coarse-to-Fine Alignment},
	year = {2016}
}

@inproceedings{mccoy_strube_discourse_structure_1999,
	author = {McCoy, Kathleen E. and Strube, Michael},
	booktitle = {{Proceedings of the Twenty-First Annual Conference of the Cognitive Science Society}},
	editor = {Martin Hahn, Scott C Stoness},
	pages = {378--383},
	publisher = {{Lawrence Erlbaum Associates}},
	title = {Taking Time to Structure Discourse: {{Pronoun}} Generation beyond Accessibility},
	year = {1999}
}

@inproceedings{mccoy1999generating,
	author = {McCoy, Kathleen E. and Strube, Michael},
	booktitle = {The Relation of {{Discourse}}/{{Dialogue}} Structure and Reference},
	title = {Generating Anaphoric Expressions: {{Pronoun}} or Definite Description?},
	year = {1999}
}

@inproceedings{markert2012collective,
	author = {Markert, Katja and Hou, Yufang and Strube, Michael},
	booktitle = {Proceedings of the 50th Annual Meeting of the Association for Computational Linguistics: {{Long}} Papers-Volume 1},
	pages = {795--804},
	publisher = {{Association for Computational Linguistics}},
	title = {Collective Classification for Fine-Grained Information Status},
	year = {2012}
}

@inproceedings{mariotti2018referring,
	author = {Mariotti, André and Paraboni, Ivandré},
	booktitle = {{Proceedings of the Eleventh International Conference on Language Resources and Evaluation ({{{LREC}}} 2018)}},
	title = {Referring {{Expression Generation}} in Time-Constrained Communication},
	year = {2018}
}

@inproceedings{mao2016generation,
	author = {Mao, Junhua and Huang, Jonathan and Toshev, Alexander and Camburu, Oana and Yuille, Alan L and Murphy, Kevin},
	booktitle = {{Proceedings of the {{{IEEE}}} Conference on Computer Vision and Pattern Recognition}},
	pages = {11--20},
	title = {Generation and Comprehension of Unambiguous Object Descriptions},
	year = {2016}
}

@inproceedings{kunz-kuhlmann-2020-classifier,
	address = {{Barcelona}},
	author = {Kunz, Jenny and Kuhlmann, Marco},
	booktitle = {{Proceedings of the 28th International Conference on Computational Linguistics}},
	doi = {10.18653/v1/2020.coling-main.450},
	month = {12},
	pages = {5136--5146},
	publisher = {{International Committee on Computational Linguistics}},
	title = {Classifier Probes May Just Learn from Linear Context Features},
	year = {2020}
}

@inproceedings{kibble1999using,
	author = {Kibble, Rodger and Power, Richard},
	booktitle = {Proceedings of the 12th {Amsterdam} Colloquium},
        pages = {187--192},
	publisher = {{AC}2012},
	title = {Using Centering Theory to Plan Coherent Texts},
	year = {1999}
}

@inproceedings{kibble1999cb,
	author = {Kibble, Rodger},
	booktitle = {The Relation of {{{DiscourseD}ialogue}} Structure and Reference},
	title = {Cb or Not {{Cb Centering}} Theory Applied to {{{NLG}}}},
	year = {1999}
}

@inproceedings{kameyama-1997-recognizing,
	author = {Kameyama, Megumi},
	booktitle = {Operational Factors in Practical, Robust Anaphora Resolution for Unrestricted Texts},
	title = {Recognizing Referential Links: {An} Information Extraction Prespective},
	year = {1997}
}

@inproceedings{jordan2000learning,
	author = {Jordan, Pamela and Walker, Marilyn A.},
	booktitle = {Proceedings of the 38th Annual Meeting on {Association for Computational Linguistics}},
	pages = {181--190},
	publisher = {{Association for Computational Linguistics}},
	title = {Learning Attribute Selections for Non-Pronominal Expressions},
	year = {2000}
}

@inproceedings{jamison2008osu,
	author = {Jamison, Emily and Mehay, Dennis},
	booktitle = {{Proceedings of the Fifth International Natural Language Generation Conference}},
	pages = {196--197},
	publisher = {{Association for Computational Linguistics}},
	title = {{{{OSU}-2}}: {{Generating}} Referring Expressions with a Maximum Entropy Classifier},
	year = {2008}
}

@inproceedings{howcroft-etal-2020-twenty,
	address = {{Dublin}},
	author = {Howcroft, David M. and Belz, Anya and Clinciu, Miruna-Adriana and Gkatzia, Dimitra and Hasan, Sadid A. and Mahamood, Saad and Mille, Simon and van Miltenburg, Emiel and Santhanam, Sashank and Rieser, Verena},
	booktitle = {{Proceedings of the 13th International Conference on Natural Language Generation}},
	month = {12},
	pages = {169--182},
	publisher = {{Association for Computational Linguistics}},
	title = {Twenty {Years} of Confusion in Human Evaluation: {{{NLG}}} Needs Evaluation Sheets and Standardised Definitions},
	year = {2020}
}

@inproceedings{hovy-etal-2006-ontonotes,
	address = {{New York City}},
	author = {Hovy, Eduard and Marcus, Mitchell and Palmer, Martha and Ramshaw, Lance and Weischedel, Ralph},
	booktitle = {{Proceedings of the Human Language Technology Conference of the {{{NAACL}}}, Companion Volume: {{Short}} Papers}},
	month = {6},
	pages = {57--60},
	publisher = {{Association for Computational Linguistics}},
	title = {{{{OntoN}otes}}: {{The}} 90\% Solution},
	year = {2006}
}

@inproceedings{hewitt-manning-2019-structural,
	address = {{Minneapolis}},
	author = {Hewitt, John and Manning, Christopher D.},
	booktitle = {{Proceedings of the 2019 Conference of the {North} {{{American}}} Chapter of the Association for Computational Linguistics: {{Human}} Language Technologies, Volume 1 (Long and Short Papers)}},
	doi = {10.18653/v1/N19-1419},
	month = {6},
	pages = {4129--4138},
	publisher = {{Association for Computational Linguistics}},
	title = {A Structural Probe for Finding Syntax in Word Representations},
	year = {2019}
}

@inproceedings{hewitt-liang-2019-designing,
	address = {{Hong Kong}},
	author = {Hewitt, John and Liang, Percy},
	booktitle = {{Proceedings of the 2019 Conference on Empirical Methods in Natural Language Processing and the 9th International Joint Conference on Natural Language Processing ({{{EMNLP}-{IJCNLP}}})}},
	doi = {10.18653/v1/D19-1275},
	month = {11},
	pages = {2733--2743},
	publisher = {{Association for Computational Linguistics}},
	title = {Designing and Interpreting Probes with Control Tasks},
	year = {2019}
}

@inproceedings{henschel2000pronominalization,
	author = {Henschel, Renate and Cheng, Hua and Poesio, Massimo},
	booktitle = {{Proceedings of the 18th Conference on {{Computational}} Linguistics-{{Volume}} 1}},
	pages = {306--312},
	publisher = {{Association for Computational Linguistics}},
	title = {Pronominalization Revisited},
	year = {2000}
}

@inproceedings{hendrickx2009coreference,
	author = {Hendrickx, Iris and Hoste, Veronique},
	booktitle = {Discourse Anaphora and Anaphor Resolution Colloquium},
	pages = {43--53},
	publisher = {{Springer}},
	title = {Coreference Resolution on Blogs and Commented News},
	year = {2009}
}

@inproceedings{hendrickx2008cnts,
	author = {Hendrickx, Iris and Daelemans, Walter and Luyckx, Kim and Morante, Roser and Van Asch, Vincent},
	booktitle = {{Proceedings of the Fifth International Natural Language Generation Conference}},
	pages = {194--195},
	publisher = {{Association for Computational Linguistics}},
	title = {{{{CNTS}}}: {{Memory-based}} Learning of Generating Repeated References},
	year = {2008}
}

@inproceedings{hahn1997centering,
	author = {Hahn, Udo and Strube, Michael},
	booktitle = {{Proceedings of the Eighth Conference on {{{European}}} Chapter of the {{Association}} for {{Computational Linguistics}}}},
	pages = {104--111},
	publisher = {{Association for Computational Linguistics}},
	title = {Centering In-the-Large: {{Computing}} Referential Discourse Segments},
	year = {1997}
}

@inproceedings{gupta2009junlg,
	author = {Gupta, Samir and Bandopadhyay, Sivaji},
	booktitle = {Proceedings of the 2009 {{Workshop}} on {{Language Generation}} and {{Summarisation}}},
	pages = {103--104},
	publisher = {{Association for Computational Linguistics}},
	title = {{{{JUNLG}-{MSR}}}: {{A}} Machine Learning Approach of Main Subject Reference Selection with Rule Based Improvement},
	year = {2009}
}

@inproceedings{guhe2009generating,
	author = {Guhe, Markus},
	booktitle = {{Proceedings of the Workshop Production of Referring Expressions: {{Bridging}} the Gap between Computational and Empirical Approaches to Reference, {Amsterdam}, the {Netherlands}}},
	title = {Generating Referring Expressions with a Cognitive Model},
	year = {2009}
}

@inproceedings{guhe2008adapting,
	author = {Guhe, Markus and Bard, Ellen Gurman},
	booktitle = {{Proceedings of the 30th Annual Conference of the Cognitive Science Society ({{{CogS}ci}})}},
	pages = {2404--2409},
	title = {Adapting Referring Expressions to the Task Environment},
	year = {2008}
}

@inproceedings{grosz1983providing,
	author = {Grosz, Barbara J. and Joshi, Aravind K. and Weinstein, Scott},
	booktitle = {21st {{Annual Meeting}} of the {{Association}} for {{Computational Linguistics}}},
	pages = {44--50},
	title = {Providing a Unified Account of Definite Noun Phrases in Discourse},
	year = {1983}
}

@inproceedings{greenbacker2009udel,
	author = {Greenbacker, Charles and McCoy, Kathleen E.},
	booktitle = {Proceedings of the 2009 {{Workshop}} on {{Language Generation}} and {{Summarisation}}},
	pages = {101--102},
	publisher = {{Association for Computational Linguistics}},
	title = {{{{UD}el}}: {Generating} Referring Expressions Guided by Psycholinguistic Findings},
	year = {2009}
}

@inproceedings{greenbacker2009feature,
	author = {Greenbacker, Charles F. and McCoy, Kathleen E.},
	booktitle = {Proceedings of the {{{CogS}ci}} 2009 {{Workshop}} on {{Production}} of {{Referring Expressions}} ({{{PRE}-Cogsci}} 2009)},
	title = {Feature Selection for Reference Generation as Informed by Psycholinguistic Research},
	year = {2009}
}

@inproceedings{gkatzia-mahamood-2015-snapshot,
	address = {{Brighton}},
	author = {Gkatzia, Dimitra and Mahamood, Saad},
	booktitle = {{Proceedings of the 15th {{{European}}} Workshop on Natural Language Generation ({{{ENLG}}})}},
	doi = {10.18653/v1/W15-4708},
	month = {9},
	pages = {57--60},
	publisher = {{Association for Computational Linguistics}},
	title = {A Snapshot of {{{NLG}}} Evaluation Practices 2005 - 2014},
	year = {2015}
}

@inproceedings{giuliani-etal-2010-situated,
	author = {Giuliani, Manuel and Foster, Mary Ellen and Isard, Amy and Matheson, Colin and Oberlander, Jon and Knoll, Alois},
	booktitle = {{Proceedings of the 6th International Natural Language Generation Conference}},
	title = {Situated Reference in a Hybrid Human-Robot Interaction System},
	year = {2010}
}

@inproceedings{giulianelli-etal-2018-hood,
	address = {{Brussels}},
	author = {Giulianelli, Mario and Harding, Jack and Mohnert, Florian and Hupkes, Dieuwke and Zuidema, Willem},
	booktitle = {{Proceedings of the 2018 {{{EMNLP}}} Workshop {{{BlackboxNLP}}}: {{Analyzing}} and Interpreting Neural Networks for {{{NLP}}}}},
	doi = {10.18653/v1/W18-5426},
	month = {11},
	pages = {240--248},
	publisher = {{Association for Computational Linguistics}},
	title = {Under the Hood: {{Using}} Diagnostic Classifiers to Investigate and Improve How Language Models Track Agreement Information},
	year = {2018}
}

@inproceedings{ghaddar-langlais-2016-wikicoref,
	address = {{Portorož}},
	author = {Ghaddar, Abbas and Langlais, Phillippe},
	booktitle = {{Proceedings of the Tenth International Conference on Language Resources and Evaluation ({{{LREC}}}'16)}},
	month = {5},
	pages = {136--142},
	publisher = {{European Language Resources Association (ELRA)}},
	title = {{{{WikiC}oref}}: {{An {English}}} Coreference-Annotated Corpus of {{{Wikipedia}}} Articles},
	year = {2016}
}

@inproceedings{gatt2013we,
	author = {Gatt, Albert and van Gompel, Roger P. G. and van Deemter, Kees and Krahmer, Emiel},
	booktitle = {{Proceedings of the {{{CogS}ci}} Workshop on the Production of Referring Expressions}},
	pages = {1--6},
	publisher = {{Cognitive Science Society}},
	title = {Are {We} {{{Bayesian}}} Referring Expression Generators},
	year = {2013}
}

@inproceedings{gatt2009generating,
	author = {Gatt, Albert and van Deemter, Kees},
	booktitle = {Proceedings of Production of Referring Expressions},
	title = {Generating Plural {{{NP}s}} in Discourse: {{Evidence}} from the {{{GNOME}}} Corpus},
	year = {2009}
}

@inproceedings{gatt2007evaluating,
	author = {Gatt, Albert and van Der Sluis, Ielka and van Deemter, Kees},
	booktitle = {{Proceedings of the {{Eleventh {European} Workshop}} on {{Natural Language Generation}}}},
	pages = {49--56},
	publisher = {{Association for Computational Linguistics}},
	title = {Evaluating Algorithms for the Generation of Referring Expressions Using a Balanced Corpus},
	year = {2007}
}

@inproceedings{gatt-van-deemter-2007-incremental,
	address = {Prague},
	author = {Gatt, Albert and van Deemter, Kees},
	booktitle = {{Proceedings of the 2007 Joint Conference on Empirical Methods in Natural Language Processing and Computational Natural Language Learning ({{{EMNLP}-{CoNLL}}})}},
	month = {6},
	pages = {102--111},
	publisher = {{Association for Computational Linguistics}},
	title = {Incremental Generation of Plural Descriptions: {{Similarity}} and Partitioning},
	year = {2007}
}

@inproceedings{gardent-etal-2017-creating,
	address = {{Vancouver}},
	author = {Gardent, Claire and Shimorina, Anastasia and Narayan, Shashi and {Perez-Beltrachini}, Laura},
	booktitle = {Proceedings of the 55th Annual Meeting of the {Association for Computational Linguistics} (Volume 1: {{Long}} Papers)},
	doi = {10.18653/v1/P17-1017},
	month = {7},
	pages = {179--188},
	publisher = {{Association for Computational Linguistics}},
	title = {Creating Training Corpora for {{{NLG}}} Micro-Planners},
	year = {2017}
}

@inproceedings{galley2003discourse,
	author = {Galley, Michel and McKeown, Kathleen and {Fosler-Lussier}, Eric and Jing, Hongyan},
	booktitle = {Proceedings of the 41st Annual Meeting on Association for Computational Linguistics-Volume 1},
	pages = {562--569},
	publisher = {{Association for Computational Linguistics}},
	title = {Discourse Segmentation of Multi-Party Conversation},
	year = {2003}
}

@inproceedings{futrell-etal-2019-neural,
	address = {{Minneapolis}},
	author = {Futrell, Richard and Wilcox, Ethan and Morita, Takashi and Qian, Peng and Ballesteros, Miguel and Levy, Roger},
	booktitle = {{Proceedings of the 2019 Conference of the {North} {{{American}}} Chapter of the Association for Computational Linguistics: {{Human}} Language Technologies, Volume 1 (Long and Short Papers)}},
	doi = {10.18653/v1/N19-1004},
	month = {6},
	pages = {32--42},
	publisher = {{Association for Computational Linguistics}},
	title = {Neural Language Models as Psycholinguistic Subjects: {{Representations}} of Syntactic State},
	year = {2019}
}

@inproceedings{filippova-strube-2006-using,
	address = {{Sydney}},
	author = {Filippova, Katja and Strube, Michael},
	booktitle = {{Proceedings of the 2006 Conference on Empirical Methods in Natural Language Processing}},
	month = {7},
	pages = {267--274},
	publisher = {{Association for Computational Linguistics}},
	title = {Using Linguistically Motivated Features for Paragraph Boundary Identification},
	year = {2006}
}


@inproceedings{ferreira2017improving,
	address = {{Santiago de Compostela}},
	author = {Castro Ferreira, Thiago and Paraboni, Ivandré},
	booktitle = {{Proceedings of the 10th International Conference on Natural Language Generation}},
	doi = {10.18653/v1/W17-3536},
	month = {9},
	pages = {233--237},
	publisher = {{Association for Computational Linguistics}},
	title = {Improving the Generation of Personalised Descriptions},
	year = {2017}
}

@inproceedings{favre2009icsi,
	author = {Favre, Benoit and Bohnet, Bernd},
	booktitle = {Proceedings of the 2009 {{Workshop}} on {{Language Generation}} and {{Summarisation}}},
	pages = {99--100},
	publisher = {{Association for Computational Linguistics}},
	title = {{{{ICSI}-{CRF}}}: {The} Generation of References to the Main Subject and Named Entities Using Conditional Random Fields},
	year = {2009}
}

@inproceedings{fang2015embodied,
	author = {Fang, Rui and Doering, Malcolm and Chai, Joyce Y},
	booktitle = {{Proceedings of the Tenth Annual {{{ACM}}}/{{{IEEE}}} International Conference on Human-Robot Interaction}},
	pages = {271--278},
	title = {Embodied Collaborative Referring Expression Generation in Situated Human-Robot Interaction},
	year = {2015}
}

@inproceedings{dusek-etal-2018-findings,
	address = {{Tilburg University}},
	author = {Dušek, Ondřej and Novikova, Jekaterina and Rieser, Verena},
	booktitle = {{Proceedings of the 11th International Conference on Natural Language Generation}},
	doi = {10.18653/v1/W18-6539},
	month = {11},
	pages = {322--328},
	publisher = {{Association for Computational Linguistics}},
	title = {Findings of the {{E2E {NLG}}} Challenge},
	year = {2018}
}

@inproceedings{di2008referring,
	author = {Di Fabbrizio, Giuseppe and Stent, Amanda J and Bangalore, Srinivas},
	booktitle = {{Proceedings of the Fifth International Natural Language Generation Conference}},
	pages = {211--214},
	publisher = {{Association for Computational Linguistics}},
	title = {Referring Expression Generation Using Speaker-Based Attribute Selection and Trainable Realization ({{{ATTR}}})},
	year = {2008}
}

@inproceedings{di1997learning,
	author = {Di Eugenio, Barbara and Moore, Johanna D and Paolucci, Massimo},
	booktitle = {{Proceedings of the 35th Annual Meeting of the Association for Computational Linguistics and Eighth Conference of the {European} Chapter of the Association for Computational Linguistics}},
	pages = {80--87},
	publisher = {{Association for Computational Linguistics}},
	title = {Learning Features That Predict Cue Usage},
	year = {1997}
}

@inproceedings{devlin-etal-2019-bert,
	address = {{Minneapolis}},
	author = {Devlin, Jacob and Chang, Ming-Wei and Lee, Kenton and Toutanova, Kristina},
	booktitle = {{Proceedings of the 2019 Conference of the {North} {{{American}}} Chapter of the Association for Computational Linguistics: {{Human}} Language Technologies, Volume 1 (Long and Short Papers)}},
	doi = {10.18653/v1/N19-1423},
	month = {6},
	pages = {4171--4186},
	publisher = {{Association for Computational Linguistics}},
	title = {{{{BERT}}}: {{Pre-training}} of Deep Bidirectional Transformers for Language Understanding},
	year = {2019}
}

@inproceedings{denis2010generating,
	author = {Denis, Alexandre},
	booktitle = {{Proceedings of the 6th International Natural Language Generation Conference}},
	pages = {27--35},
	publisher = {{Association for Computational Linguistics}},
	title = {Generating Referring Expressions with Reference Domain Theory},
	year = {2010}
}

@inproceedings{dale1989cooking,
	author = {Dale, Robert},
	booktitle = {27th {{Annual Meeting}} of the {{Association}} for {{Computational Linguistics}}},
	pages = {68--75},
	title = {Cooking up Referring Expressions},
	year = {1989}
}

@inproceedings{cunha-etal-2020-referring,
	address = {{Barcelona}},
	author = {Cunha, Rossana and Castro Ferreira, Thiago and Pagano, Adriana and Alves, Fabio},
	booktitle = {{Proceedings of the 28th International Conference on Computational Linguistics}},
	doi = {10.18653/v1/2020.coling-main.205},
	month = {12},
	pages = {2261--2272},
	publisher = {{International Committee on Computational Linguistics}},
	title = {Referring to What You Know and Do Not Know: {{Making}} Referring Expression Generation Models Generalize to Unseen Entities},
	year = {2020}
}

@inproceedings{conneau-etal-2018-cram,
	address = {{Melbourne}},
	author = {Conneau, Alexis and Kruszewski, German and Lample, Guillaume and Barrault, Lo{\"i}c and Baroni, Marco},
	booktitle = {Proceedings of the 56th Annual Meeting of the Association for Computational Linguistics (Volume 1: {{Long}} Papers)},
	doi = {10.18653/v1/P18-1198},
	month = {7},
	pages = {2126--2136},
	publisher = {{Association for Computational Linguistics}},
	title = {What You Can Cram into a Single \$\&!\#* Vector: {{Probing}} Sentence Embeddings for Linguistic Properties},
	year = {2018}
}

@inproceedings{cohen1996learning,
	author = {Cohen, William W},
	booktitle = {{{{AAAI}}}/{{{IAAI}}}, {{Vol}}. 1},
	pages = {709--716},
	title = {Learning Trees and Rules with Set-Valued Features},
	year = {1996}
}

@inproceedings{cho-etal-2014-learning,
	address = {{Doha}},
	author = {Cho, Kyunghyun and van Merriënboer, Bart and Gulcehre, Caglar and Bahdanau, Dzmitry and Bougares, Fethi and Schwenk, Holger and Bengio, Yoshua},
	booktitle = {{Proceedings of the 2014 Conference on Empirical Methods in Natural Language Processing ({{{EMNLP}}})}},
	doi = {10.3115/v1/D14-1179},
	month = {10},
	pages = {1724--1734},
	publisher = {{Association for Computational Linguistics}},
	title = {Learning Phrase Representations Using {{{RNN}}} Encoder{\textendash}Decoder for Statistical Machine Translation},
	year = {2014}
}

@inproceedings{chen-etal-2021-neural-referential,
	address = {{Aberdeen}},
	author = {Chen, Guanyi and Same, Fahime and van Deemter, Kees},
	booktitle = {{Proceedings of the 14th International Conference on Natural Language Generation}},
	month = {8},
	pages = {154--166},
	publisher = {{Association for Computational Linguistics}},
	title = {What Can Neural Referential Form Selectors Learn?},
	year = {2021},
        doi = {10.18653/v1/2021.inlg-1.15}
}

@inproceedings{chen-etal-2018-modelling,
	address = {{Tilburg University}},
	author = {Chen, Guanyi and van Deemter, Kees and Lin, Chenghua},
	booktitle = {{Proceedings of the 11th International Conference on Natural Language Generation}},
	doi = {10.18653/v1/W18-6519},
	month = {11},
	pages = {159--164},
	publisher = {{Association for Computational Linguistics}},
	title = {Modelling Pro-Drop with the Rational Speech Acts Model},
	year = {2018}
}

@inproceedings{castro-ferreira-etal-2019-neural,
	address = {{Hong Kong}},
	author = {Castro Ferreira, Thiago and van der Lee, Chris and van Miltenburg, Emiel and Krahmer, Emiel},
	booktitle = {{Proceedings of the 2019 Conference on Empirical Methods in Natural Language Processing and the 9th International Joint Conference on Natural Language Processing ({{{EMNLP}-{IJCNLP}}})}},
	doi = {10.18653/v1/D19-1052},
	month = {11},
	pages = {552--562},
	publisher = {{Association for Computational Linguistics}},
	title = {Neural Data-to-Text Generation: {{A}} Comparison between Pipeline and End-to-End Architectures},
	year = {2019}
}

@inproceedings{ferreira2018neuralreg,
	address = {{Melbourne}},
	author = {Castro Ferreira, Thiago and Moussallem, Diego and Kádár, {\'A}kos and Wubben, Sander and Krahmer, Emiel},
	booktitle = {Proceedings of the 56th Annual Meeting of the {Association for Computational Linguistics} (Volume 1: {{Long}} Papers)},
	doi = {10.18653/v1/P18-1182},
	month = {7},
	pages = {1959--1969},
	publisher = {{Association for Computational Linguistics}},
	title = {{NeuralREG}: {An} End-to-End Approach to Referring Expression Generation},
	year = {2018}
}

@inproceedings{castro-ferreira-etal-2018-enriching,
	address = {{Tilburg University}},
	author = {Castro Ferreira, Thiago and Moussallem, Diego and Krahmer, Emiel and Wubben, Sander},
	booktitle = {{Proceedings of the 11th International Conference on Natural Language Generation}},
	doi = {10.18653/v1/W18-6521},
	month = {11},
	pages = {171--176},
	publisher = {{Association for Computational Linguistics}},
	title = {Enriching the {{{WebNLG}}} Corpus},
	year = {2018}
}

@inproceedings{castro-ferreira-etal-2016-towards-variation,
	address = {{Berlin}},
	author = {Castro Ferreira, Thiago and Krahmer, Emiel and Wubben, Sander},
	booktitle = {Proceedings of the 54th Annual Meeting of the {Association for Computational Linguistics} (Volume 1: {{Long}} Papers)},
	doi = {10.18653/v1/P16-1054},
	month = {8},
	pages = {568--577},
	publisher = {{Association for Computational Linguistics}},
	title = {Towards More Variation in Text Generation: {{Developing}} and Evaluating Variation Models for Choice of Referential Form},
	year = {2016}
}

@inproceedings{castro-ferreira-etal-2016-individual,
	address = {{San Diego}},
	author = {Castro Ferreira, Thiago and Krahmer, Emiel and Wubben, Sander},
	booktitle = {Proceedings of the 2016 {{Conference}} of the {{{North} {American} Chapter}} of the {{Association}} for {{Computational Linguistics}}: {{Human Language Technologies}}},
	doi = {10.18653/v1/N16-1048},
	month = {6},
	pages = {423--427},
	publisher = {{Association for Computational Linguistics}},
	title = {Individual Variation in the Choice of Referential Form},
	year = {2016}
}

@inproceedings{cao2019referring,
	address = {{Hong Kong}},
	author = {Cao, Meng and Cheung, Jackie Chi Kit},
	booktitle = {{Proceedings of the 2019 Conference on Empirical Methods in Natural Language Processing and the 9th International Joint Conference on Natural Language Processing ({{{EMNLP}-{IJCNLP}}})}},
	doi = {10.18653/v1/D19-1312},
	month = {11},
	pages = {3163--3172},
	publisher = {{Association for Computational Linguistics}},
	title = {Referring Expression Generation Using Entity Profiles},
	year = {2019}
}

@inproceedings{callaway2002pronominalization,
	author = {Callaway, Charles B and Lester, James C},
	booktitle = {Proceedings of the 40th Annual Meeting on Association for Computational Linguistics},
	pages = {88--95},
	publisher = {{Association for Computational Linguistics}},
	title = {Pronominalization in Generated Discourse and Dialogue},
	year = {2002}
}

@inproceedings{brennan-etal-1987-centering,
	address = {{Stanford}},
	author = {Brennan, Susan E. and Friedman, Marilyn W. and Pollard, Carl J.},
	booktitle = {25th Annual Meeting of the {Association for Computational Linguistics}},
	doi = {10.3115/981175.981197},
	month = {7},
	pages = {155--162},
	publisher = {{Association for Computational Linguistics}},
	title = {A Centering Approach to Pronouns},
	year = {1987}
}

@inproceedings{bohnet2008g,
	author = {Bohnet, Bernd},
	booktitle = {{Proceedings of the {{Fifth International Natural Language Generation Conference}}}},
	pages = {192--193},
	publisher = {{Association for Computational Linguistics}},
	title = {{{{IS}-G}}: {{The}} Comparison of Different Learning Techniques for the Selection of the Main Subject References},
	year = {2008}
}

@inproceedings{bohnet2005viewing,
	author = {Bohnet, Bernd and Dale, Robert and others},
	booktitle = {{{{IJCAI}}}},
	pages = {1004--1009},
	title = {Viewing Referring Expression Generation as Search.},
	year = {2005}
}

@inproceedings{belz2010grec,
	author = {Belz, Anja and Kow, Eric},
	booktitle = {{Proceedings of the 6th International Natural Language Generation Conference}},
	pages = {219--229},
	publisher = {{Association for Computational Linguistics}},
	title = {The {{{GREC}}} Challenges 2010: {O}verview and Evaluation Results},
	year = {2010}
}

@inproceedings{belz2007generation,
	author = {Belz, Anja and Varges, Sebastian},
	booktitle = {{Proceedings of the Eleventh {European} Workshop on Natural Language Generation}},
	pages = {9--16},
	publisher = {{Association for Computational Linguistics}},
	title = {Generation of Repeated References to Discourse Entities},
	year = {2007}
}

@inproceedings{belz-reiter-2006-comparing,
	address = {{Trento}},
	author = {Belz, Anja and Reiter, Ehud B.},
	booktitle = {11th {{Conference}} of the {{{European} Chapter}} of the {{Association}} for {{Computational Linguistics}}},
	month = {4},
	publisher = {{Association for Computational Linguistics}},
	title = {Comparing Automatic and Human Evaluation of {{{NLG}}} Systems},
	year = {2006}
}

@inproceedings{belinkov-etal-2017-neural,
	address = {{Vancouver}},
	author = {Belinkov, Yonatan and Durrani, Nadir and Dalvi, Fahim and Sajjad, Hassan and Glass, James},
	booktitle = {Proceedings of the 55th Annual Meeting of the {Association for Computational Linguistics} (Volume 1: {{Long}} Papers)},
	doi = {10.18653/v1/P17-1080},
	month = {7},
	pages = {861--872},
	publisher = {{Association for Computational Linguistics}},
	title = {What Do Neural Machine Translation Models Learn about Morphology?},
	year = {2017}
}

@inproceedings{baldwin2003learning,
	address = {{Sapporo}},
	author = {Baldwin, Timothy and Bond, Francis},
	booktitle = {Proceedings of the 41st Annual Meeting of the Association for Computational Linguistics},
	doi = {10.3115/1075096.1075155},
	month = jul,  pages = {463--470},
	publisher = {{Association for Computational Linguistics}},
	title = {Learning the Countability of {{{English}}} Nouns from Corpus Data},
	year = {2003}
}

@inproceedings{alt-etal-2020-probing,
	address = {{Online}},
	author = {Alt, Christoph and Gabryszak, Aleksandra and Hennig, Leonhard},
	booktitle = {Proceedings of the 58th Annual Meeting of the {Association for Computational Linguistics}},
	doi = {10.18653/v1/2020.acl-main.140},
	month = {7},
	pages = {1534--1545},
	publisher = {{Association for Computational Linguistics}},
	title = {Probing Linguistic Features of Sentence-Level Representations in Neural Relation Extraction},
	year = {2020}
}

@inproceedings{Webber1988,
	author = {Webber, Bonnie L.},
	booktitle = {26th Annual Meeting of the Association for Computational Linguistics, 7-10 June 1988, State Univerity of {{New York}} at Buffalo, Buffalo, {{New York}}, {{{USA}}}, Proceedings},
	doi = {10.3115/982023.982037},
	editor = {Hobbs, Jerry R.},
	pages = {113--122},
	publisher = {{ACL}},
	title = {Discourse Deixis: {{Reference}} to Discourse Segments},
	year = {1988}
}

@inproceedings{Prokhorenkova2018,
	author = {Prokhorenkova, Liudmila Ostroumova and Gusev, Gleb and Vorobev, Aleksandr and Dorogush, Anna Veronika and Gulin, Andrey},
	booktitle = {{Advances in Neural Information Processing Systems 31: {{Annual}} Conference on Neural Information Processing Systems 2018, {{{NeurIPS}}} 2018, December 3-8, 2018, Montréal, {Canada}}},
	editor = {Bengio, Samy and Wallach, Hanna M. and Larochelle, Hugo and Grauman, Kristen and {Cesa-Bianchi}, Nicol{\`o} and Garnett, Roman},
	pages = {6639--6649},
	title = {{{{CatB}oost}}: {Unbiased} Boosting with Categorical Features},
	year = {2018}
}

@inproceedings{Mountassir2012,
	author = {Mountassir, Asmaa and Benbrahim, Houda and Berrada, Ilham},
	booktitle = {{{{2012 {IEEE} International Conference on Systems, {Man}, and Cybernetics ({SMC})}}}},
	doi = {10.1109/ICSMC.2012.6378300},
	pages = {3298--3303},
	title = {An Empirical Study to Address the Problem of {{Unbalanced Data Sets}} in Sentiment Classification},
	year = {2012}
}

@inproceedings{Lundberg2017,
	author = {Lundberg, Scott M and Lee, Su-In},
	booktitle = {Advances in {{Neural Information Processing Systems}}},
	publisher = {{Curran Associates, Inc.}},
	title = {A {{Unified Approach}} to {{Interpreting Model Predictions}}},
	volume = {30},
	year = {2017}
}

@inproceedings{Hobbs1988,
	author = {Hobbs, Jerry R. and Stickel, Mark E. and Martin, Paul A. and Edwards, Douglas},
	booktitle = {{26th Annual Meeting of the Association for Computational Linguistics, 7-10 June 1988, State Univerity of {{New York}} at Buffalo, Buffalo, {{New York}}, {{{USA}}}, Proceedings}},
	doi = {10.3115/982023.982035},
	editor = {Hobbs, Jerry R.},
	pages = {95--103},
	publisher = {{ACL}},
	title = {Interpretation as Abduction},
	year = {1988}
}

@inproceedings{Hitzeman1998,
	author = {Hitzeman, Janet and Poesio, Massimo},
	booktitle = {{Proceedings of the 17th International Conference on Computational Linguistics}},
	doi = {10.3115/980451.980937},
	publisher = {{Association for Computational Linguistics}},
	title = {Long Distance Pronominalisation and Global Focus},
	year = {1998}
}

@inproceedings{Hastie2014,
	author = {Hastie, Helen F. and Belz, Anja},
	booktitle = {{Proceedings of the Ninth International Conference on Language Resources and Evaluation, {{{LREC}}} 2014, Reykjavik, {Iceland}, {May} 26-31, 2014}},
	editor = {Calzolari, Nicoletta and Choukri, Khalid and Declerck, Thierry and Loftsson, Hrafn and Maegaard, Bente and Mariani, Joseph and Moreno, Asunción and Odijk, Jan and Piperidis, Stelios},
	pages = {4004--4011},
	publisher = {{European Language Resources Association (ELRA)}},
	title = {A Comparative Evaluation Methodology for {{{NLG}}} in Interactive Systems},
	year = {2014}
}

@inproceedings{Dosilovic2018,
	author = {Dosilovic, Filip Karlo and Brcic, Mario and Hlupic, Nikica},
	booktitle = {2018 41st International Convention on Information and Communication Technology, Electronics and Microelectronics ({{{MIPRO}}})},
	doi = {10.23919/mipro.2018.8400040},
	month = {5},
	publisher = {{IEEE}},
	title = {Explainable Artificial Intelligence: {{A}} Survey},
	year = {2018}
}

@inproceedings{Bolshakov2001,
	author = {Bolshakov, Igor A. and Gelbukh, Alexander F.},
	booktitle = {{Text, Speech and Dialogue, 4th International Conference, {{{TSD}}} 2001, {{Zelezna Ruda}}, {{{Czech Republic}}}, {{{September}}} 11-13, 2001, Proceedings}},
	editor = {Matousek, Václav and Mautner, Pavel and Moucek, Roman and Tauser, Karel},
	pages = {158--166},
	publisher = {{Springer}},
	series = {Lecture Notes in Computer Science},
	title = {Text Segmentation into Paragraphs Based on Local Text Cohesion},
	volume = {2166},
	year = {2001}
}

@incollection{von2007accessibility,
	address = {Amsterdam},
	author = {{von Heusinger}, Klaus},
	booktitle = {Anaphors in Text},
	doi = {10.1075/slcs.86.12heu},
	editor = {Schwarz-Friese, Monika and Consten, Manfred and Knees, Mareile},
	pages = {123--144},
	publisher = {{John Benjamins}},
	title = {Accessibility and Definite Noun Phrases},
	year = {2007}
}

@incollection{van2019compref,
	address = {Oxford},
	author = {van Deemter, Kees},
	booktitle = {The {Oxford} Handbook of Reference},
	doi = {10.1093/oxfordhb/9780199687305.013.20},
	editor = {Gundel, Jeanette K. and Abbott, Barbara},
	pages = {475–-495},
	publisher = {{Oxford University Press}},
	title = {Computational Models of Referring: {{Complications}} of Information Sharing},
	year = {2019}
}

@incollection{smith2003_chapter6,
	address = {{Cambridge}},
	author = {Smith, Carlota S.},
	booktitle = {Modes of Discourse: {{The}} Local Structure of Texts},
	doi = {10.1017/CBO9780511615108.008},
	editor = {Smith, Carlota S.},
	pages = {123--152},
	publisher = {{Cambridge University Press}},
	series = {Cambridge Studies in Linguistics},
	title = {Referring Expressions in Discourse},
	year = {2003}
}

@incollection{searle_1969,
	address = {{Cambridge}},
	author = {Searle, John R.},
	booktitle = {Speech Acts: {{An}} Essay in the Philosophy of Language},
	doi = {10.1017/CBO9781139173438.007},
	editor = {Searle, John R.},
	pages = {72--96},
	publisher = {{Cambridge University Press}},
	title = {Reference as a Speech Act},
	year = {1969}
}

@incollection{scott_2019,
	address = {{Cambridge}},
	author = {Scott, Kate},
	booktitle = {Referring Expressions, Pragmatics, and Style: {{Reference}} and Beyond},
	doi = {10.1017/9781316822845.006},
	editor = {Scott, Kate},
	pages = {114--129},
	publisher = {{Cambridge University Press}},
	title = {Null Referring Expressions},
	year = {2019}
}

@incollection{krahmer2014referring,
	address = {Cambridge},
	author = {Krahmer, Emiel and Goudbeek, Martijn and Theune, Mariet},
	booktitle = {Natural Language Generation in Interactive Systems},
	editor={Stent, Amanda and Bangalore, SrinivasEditors},
	pages = {126--148},
	publisher = {{Cambridge University Press}},
	title = {Referring Expression Generation in Interaction: {A} {Graph}-Based Perspective},
	year = {2014}
}

@incollection{grice1975logic,
	address = {Leiden},
	author = {Grice, Herbert P},
	booktitle = {Speech Acts},
	 editor = {Peter Cole and Jerry L. Morgan},
	pages = {41--58},
	publisher = {{Brill}},
	title = {Logic and Conversation},
	year = {1975}
}

@incollection{gatt2009introducing,
	address = {Berlin},
	author = {Gatt, Albert and Belz, Anja},
	booktitle = {Empirical Methods in Natural Language Generation},
	editor = {Krahmer, Emiel
and Theune, Mari{\"e}t},
	pages = {264--293},
	publisher = {{Springer Berlin Heidelberg}},
	title = {Introducing Shared Tasks to {{{NLG}}}: {{The {TUNA}}} Shared Task Evaluation Challenges},
	year = {2009}
}

@incollection{fox1987anaphora,
	address = {Amsterdam},
	author = {Fox, Barbara A.},
	booktitle = {Coherence and Grounding in Discourse},
	editor = {Tomlin, Russell S.},
	number = {11},
	pages = {157--174},
	publisher = {{John Benjamins}},
	series = {Typological Studies in Language},
	title = {Anaphora in Popular Written {{{English}}} Narratives},
	year = {1987}
}

@inbook{donnellan1972proper,
	address = {Dordrecht},
	author = {Donnellan, Keith S},
	booktitle = {Semantics of natural language},
	editor = {Davidson, Donald},
	pages = {356--379},
	publisher = {{Springer Netherlands}},
	title = {Proper Names and Identifying Descriptions},
	year = {1972}
}

@incollection{chiarcos2011mental,
	address = {Berlin},
	author = {Chiarcos, Christian},
	booktitle = {Salience},
	doi = {10.1515/9783110241020.105},
	editor = {Christian Chiarcos and Berry Claus and Michael Grabski},
	month = {5},
	pages = {105--140},
	publisher = {{De Gruyter Mouton}},
	title = {The Mental Salience Framework: {{Context-adequate}} Generation of Referring Expressions},
	year = {2011}
}

@incollection{belz2010generating,
	address = {Berlin},
	author = {Belz, Anja and Kow, Eric and Viethen, Jette and Gatt, Albert},
	booktitle = {Empirical Methods in Natural Language Generation: {{Data-oriented}} Methods and Empirical Evaluation},
	doi = {10.1007/978-3-642-15573-4\_15},
	editor = {Krahmer, Emiel and Theune, Mari{\"e}t},
	pages = {294--327},
	publisher = {{Springer}},
	series = {Lecture Notes in Computer Science},
	title = {Generating Referring Expressions in Context: {{The {GREC}}} Task Evaluation Challenges},
	volume = {5790},
	year = {2010}
}

@incollection{ariel2001accessibility,
	address = {Amsterdam},
	author = {Ariel, Mira},
	booktitle = {Text Representation: {{Linguistic}} and Psycholinguistic Aspects},
	doi = {10.1075/hcp.8.04ari},
	editor = {Sanders, Ted and Schilperoord, Joost and Spooren, Wilbert},
	pages = {29},
	publisher = {{John Benjamins}},
	title = {Accessibility Theory: {{An}} Overview},
	volume = {8},
	year = {2001}
}

@incollection{Walker1996,
  title = {A Bilateral Approach to Giveness: {{A}} Hearer-Status Algorithm and a Centering Algorithm},
  booktitle = {Pragmatics \& {{Beyond New Series}}},
  author = {Walker, Marilyn A. and Prince, Ellen F.},
  editor = {Fretheim, Thorstein and Gundel, Jeanette K.},
  year = {1996},
  volume = {38},
  publisher = {{John Benjamins}},
  address = {{Amsterdam}},
  doi = {10.1075/pbns.38.17wal},
}


@incollection{Tomlin1987cognitive,
	address = {Amsterdam},
	author = {Tomlin, Russell S.},
	booktitle = {Coherence and Grounding in Discourse},
	editor = {Tomlin, Russell S.},
	number = {11},
	pages = {455--479},
	publisher = {{John Benjamins}},
	series = {Typological Studies in Language},
	title = {Linguistic Reflections of Cognitive Events},
	year = {1987}
}

@incollection{Pu2019,
	address = {London},
	author = {Pu, Ming-Ming},
	booktitle = {The {Routledge} Handbook of {Chinese} Discourse Analysis},
	doi = {10.4324/9781315213705-13},
	editor = {Shei, Chris},
	pages = {188--200},
	publisher = {{Routledge}},
	title = {Zero Anaphora and Topic Chain in {{{Chinese}}} Discourse},
	year = {2019}
}

@incollection{Mulkern1996,
	address = {Amsterdam},
	author = {Mulkern, Ann E.},
	booktitle = {Reference and Referent Accessibility},
	doi = {10.1075/pbns.38.14mul},
	editor = {Fretheim, Thorstein and Gundel, Jeanette K.},
	pages = {235},
	publisher = {{John Benjamins}},
	title = {The Game of the Name},
	year = {1996}
}

@incollection{Kehler2008,
	address = {Oxford},
	author = {Kehler, Andrew},
	booktitle = {Reference},
	doi = {10.1093/acprof:oso/9780195331639.003.0005},
	editor = {Gundel, Jeanette K. and Hedberg, Nancy},
	month = {2},
	pages = {95--122},
	publisher = {{Oxford University Press}},
	title = {Rethinking the {{{SMASH}}} Approach to Pronoun Interpretation},
	year = {2008}
}

@incollection{Kaiser2011,
	address = {Cambridge},
	author = {Kaiser, Elsi and Trueswell, John C.},
	booktitle = {The Processing and Acquisition of Reference},
	doi = {10.7551/mitpress/9780262015127.003.0013},
	editor = {Gibson, Edward A. and Pearlmutter, Neal J.},
	month = {3},
	pages = {323--354},
	publisher = {{The MIT Press}},
	title = {Investigating the Interpretation of Pronouns and Demonstratives in {Finnish}},
	year = {2011}
}

@incollection{Dahl1996,
	address = {Amsterdam},
	author = {Dahl, {\"O}sten and Fraurud, Kari},
	booktitle = {Reference and Referent Accessibility},
	doi = {10.1075/pbns.38.04dah},
	editor = {Fretheim, Thorstein and Gundel, Jeanette K.},
	pages = {47},
	publisher = {{John Benjamins}},
	sortname = {Dahl, Osten and Fraurud, Kari},
	title = {Animacy in Grammar and Discourse},
	year = {1996}
}

@incollection{Belz2010,
	address = {Berlin},
	author = {Belz, Anja and Kow, Eric and Viethen, Jette and Gatt, Albert},
	booktitle = {Empirical Methods in Natural Language Generation},
	doi = {10.1007/978-3-642-15573-4_15},
	editor = {Krahmer, Emiel and Theune, Mari{\"e}t},
	pages = {294--327},
	publisher = {{Springer Berlin Heidelberg}},
	title = {Generating Referring Expressions in Context: {{The {GREC}}} Task Evaluation Challenges},
	year = {2010}
}

@incollection{Baumann2012,
	address = {Berlin},
	author = {Baumann, Stefan and Riester, Arndt},
	booktitle = {Prosody and Meaning},
	doi = {10.1515/9783110261790.119},
	editor = {Elordieta, Gorka and Prieto, Pilar},
	pages = {119--162},
	publisher = {{De Gruyter Mouton}},
	title = {Referential and Lexical Givenness: {{Semantic}}, Prosodic and Cognitive Aspects:},
	year = {2012}
}

@inbook{van2014referability,
	author = {van Deemter, Kees},
	booktitle = {Natural Language Generation in Interactive Systems},
	editor = {Stent, Amanda and Bangalore, SrinivasEditors},
	pages = {95–125},
	place = {Cambridge},
	publisher = {Cambridge University Press},
	title = {Referability},
	year = {2014}
}

@book{van2016computational,
	address = {Cambridge},
	author = {van Deemter, Kees},
	publisher = {{MIT Press}},
	title = {Computational Models of Referring: {A} Study in Cognitive Science},
	year = {2016}
}

@book{searle1969speech,
	address = {Cambridge},
	author = {Searle, John R.},
	publisher = {{Cambridge University Press}},
	title = {Speech Acts: {{An}} Essay in the Philosophy of Language},
	year = {1969}
}

@inproceedings{schmidt2014avoiding,
	author = {Schmidt, Thomas and Chiarcos, Christian and Lehmberg, Timm and Rehm, Georg and Witt, Andreas and Hinrichs, Erhard},
	publisher = {{Institut f{\"u}r Deutsche Sprache, Bibliothek}},
	title = {Avoiding Data Graveyards: {{From}} Heterogeneous Data Collected in Multiple Research Projects to Sustainable Linguistic Resources},
	year = {2014},
        booktitkle = {{{E-MELD}} 2006 Workshop on Digital Language Documentation: Tools and Standards - The State of the Art Avoiding Data Graveyards: From Heterogeneous Data Collected in Multiple Research Projects to Sustainable Linguistic Resources},
editor = {Schmidt, Thomas and Chiarcos, Christian and Lehmberg, Timm and Rehm, Georg and Witt, Andreas and Hinrichs, Erhard}
}

@book{reiter2000building,
	address = {Cambridge},
	author = {Reiter, Ehud B. and Dale, Robert},
	publisher = {{Cambridge University Press}},
	title = {Building Natural Language Generation Systems},
	year = {2000}
}

@book{prasad2003constraints,
	address = {Pennsylvania},
	author = {Prasad, Rashmi},
	publisher = {University of Pennsylvania},
	title = {Constraints on the generation of referring expressions, with special reference to {Hindi}},
	year = {2003}
}

@book{molnar2019interpretable,
	address = {Morrisville},
	author = {Molnar, Christoph},
	publisher = {{Lulu. com}},
	title = {Interpretable {Machine} Learning},
	year = {2019}
}

@book{kehler2002coherence,
	address = {Cambridge},
	author = {Kehler, Andrew},
	lccn = {99036170},
	publisher = {{Cambridge University Press}},
	series = {Center for the Study of Language and Information Publication Lecture Notes},
	title = {Coherence, Reference, and the Theory of Grammar},
	year = {2002}
}

@book{jurafsky2021speech,
	author = {Jurafsky, Daniel and Martin, James H},
	edition = 3,
	title = {Speech and Language Processing},
	url = {https://web.stanford.edu/~jurafsky/slp3/},
	year = {2021}
}

@book{hajivcova1993issues,
	address = {Prague},
	author = {Hajičová, Eva},
	number = {2},
	publisher = {{Charles University}},
	series = {Theoretical and Computational Linguistics},
	sortname = {Hajičov{a}, Eva},
	title = {Issues of Sentence Structure and Discourse Patterns},
	year = {1993}
}

@book{gundel2008reference,
	address = {{Oxford New York}},
	author = {Gundel, Jeanette K.},
	publisher = {{Oxford University Press}},
	title = {Reference: {Interdisciplinary} Perspectives},
	year = {2008}
}

@book{frege1960,
	address = {London},
	author = {Frege, Gottlob},
	booktitle = {Translations from the Philosophical Writings of {Gottlob {Frege}}},
	editor = {Geach, Peter and Black, Max},
	pages = {244},
	publisher = {{Blackwell}},
	title = {Translations from the Philosophical Writings of {Gottlob {Frege}}},
	year = {1960}
}

@book{decisiontree,
	address = {Hoboken},
	author = {Larose, Chantal D. and Daniel T., Larose},
	doi = {10.1002/9781119526865.ch6},
	eprint = {https://onlinelibrary.wiley.com/doi/pdf/10.1002/9781119526865.ch6},
	publisher = {{John Wiley \& Sons, Ltd}},
	title = {Data Science Using Python and {{R}}},
	year = {2019}
}

@book{comrie1989language,
	address = {{Chicago}},
	author = {Comrie, Bernard},
	publisher = {{University of Chicago Press}},
	title = {Language Universals and Linguistic Typology: {Syntax} and Morphology},
	year = {1989}
}

@book{ariel1990accessing,
	address = {London},
	author = {Ariel, Mira},
	publisher = {{Routledge}},
	title = {Accessing Noun-Phrase Antecedents},
	year = {1990}
}

@book{West2018,
	address = {{Washington, D.C}},
	author = {West, Darrell},
	publisher = {{Brookings Institution Press}},
	title = {The Future of Work : {Robots}, {{{AI}}}, and Automation},
	year = {2018}
}

@book{Tomlin1987,
	address = {{Amsterdam}},
	author = {Tomlin, Russell S.},
	booktitle = {Coherence and Grounding in Discourse. {{Symposium}}},
	editor = {Tomlin, Russel S.},
	number = {11},
	ppn_gvk = {026623102},
	publisher = {{John Benjamins}},
	series = {Typological Studies in Language},
	title = {Coherence and Grounding in Discourse. {{Symposium}}},
	year = {1987}
}

@book{Smith2003,
	address = {Cambridge},
	author = {Smith, Carlota S.},
	doi = {10.1017/cbo9780511615108},
	month = {4},
	publisher = {{Cambridge University Press}},
	title = {Modes of Discourse},
	year = {2003}
}

@book{Recanati1993,
	address = {{Oxford}},
	author = {Récanati, François},
	publisher = {{Blackwell}},
	sortname = {R{e}canati, François},
	title = {Direct Reference : {From} Language to Thought},
	year = {1993}
}

@book{Lambrecht1994,
	address = {Cambridge},
	author = {Lambrecht, Knud},
	doi = {10.1017/cbo9780511620607},
	month = {9},
	publisher = {{Cambridge University Press}},
	title = {Information Structure and Sentence Form},
	year = {1994}
}

@book{Goodfellow2016,
	address = {Cambridge},
	author = {Goodfellow, Ian and Bengio, Joshua and Courville, Aaron},
	ean = {9780262035613},
	publisher = {{MIT Press}},
	title = {Deep Learning},
	year = {2016}
}

@book{Givon1983,
	address = {{Amsterdam/Philadelphia}},
	author = {Givón, Talmy},
	doi = {10.1075/tsl.3},
	number = {v.3},
	ppn_gvk = {723358397},
	publisher = {{John Benjamins}},
	series = {Typological Studies in Language},
	sortname = {Givon, Talmy},
	title = {Topic Continuity in Discourse: {A} Quantitative Cross-Language Study},
	year = {1983}
}

@book{Fox1987,
	address = {{Cambridge}},
	author = {Fox, Barbara A.},
	doi = {10.1017/CBO9780511627767},
	month = {10},
	publisher = {{Cambridge University Press}},
	series = {Cambridge {{Studies}} in {{Linguistics}}},
	title = {Discourse {{Structure}} and {{Anaphora}}: {{Written}} and {{Conversational {English}}}},
	year = {1987}
}

@book{Dijk1977,
	address = {{London New York}},
	author = {Dijk, Teun},
	publisher = {{Longman}},
	title = {Text and Context : {Explorations} in the Semantics and Pragmatics of Discourse},
	year = {1977}
}

@book{Dale1992,
	address = {{Cambridge}},
	author = {Dale, Robert},
	publisher = {{MIT Press}},
	series = {{{ACL-MIT}} Press Series in Natural Language Processing},
	title = {Generating Referring Expressions - Constructing Descriptions in a Domain of Objects and Processes},
	year = {1992}
}

@book{Biecek2021,
	address = {New York},
	author = {Biecek, Przemyslaw and Burzykowski, Tomasz},
	publisher = {{Chapman and Hall/CRC}},
	title = {Explanatory Model Analysis: {Explore}, Explain, and Examine Predictive Models},
	year = {2021}
}

@book{Ariel2014,
	address = {{London}},
	author = {Ariel, Mira},
	publisher = {{Routledge}},
	title = {Accessing Noun-Phrase Antecedents},
	year = {2014}
}

@inbook{zamparelli2019countability,
	author = {Zamparelli, Roberto},
	booktitle = {Mass and Count in Linguistics, Philosophy, and Cognitive Science},
	address = {Amsterdam},
	pages = {191--224},
	title = {Countability Shifts and Abstract Nouns},
	publisher = {John Benjamins},
	year = {2020},
        doi = {10.1075/lfab.16.09zam}
}

@article{wright2015ranger,
	author = {Wright, Marvin N and Ziegler, Andreas},
	doi = {10.18637/jss.v077.i01},
	journal = {Journal of Statistical Software},
	pages = {1--17},
	title = {Ranger: {{A}} Fast Implementation of {{Random Forests}} for {{High Dimensional Data}} in {{C}}++ and {{R}}},
	volume = {77},
	year = {2017}
}

@article{weiss2003learning,
	author = {Weiss, Gary M and Provost, Foster},
	journal = {Journal of artificial intelligence research},
	pages = {315--354},
	title = {Learning When Training Data Are Costly: {{The}} Effect of Class Distribution on Tree Induction},
	volume = {19},
	year = {2003}
}

@article{vonk1992use,
	author = {Vonk, Wietske and Hustinx, Lettica G. M.M. and Simons, Wim H. G.},
	doi = {10.1080/01690969208409389},
	journal = {Language and Cognitive Processes},
	month = {8},
	number = {3-4},
	pages = {301--333},
	title = {The Use of Referential Expressions in Structuring Discourse},
	volume = {7},
	year = {1992}
}

@article{vogels2015cognitive,
	author = {Vogels, Jorrig and Krahmer, Emiel and Maes, Alfons},
	journal = {Cognitive science},
	number = {6},
	pages = {1396--1418},
	title = {How Cognitive Load Influences Speakers' Choice of Referring Expressions},
	volume = {39},
	year = {2015}
}

@article{viethen2017color,
	author = {Viethen, Jette and {van Vessem}, Thomas and Goudbeek, Martijn and Krahmer, Emiel},
	doi = {10.1111/cogs.12387},
	journal = {Cognitive science},
	pages = {1493--1514},
	title = {Color in Reference Production: {{The}} Role of Color Similarity and Color Codability},
	volume = {41},
	year = {2017}
}

@article{viethen2014referring,
	author = {Viethen, Jette and Dale, Robert and Guhe, Markus},
	journal = {Language, Cognition and Neuroscience},
	number = {8},
	pages = {950--974},
	title = {Referring in Dialogue: {Alignment} or Construction?},
	volume = {29},
	year = {2014}
}

@article{van2012towardboo,
	author = {van Deemter, Kees and Gatt, Albert and Van Gompel, Roger P. G. and Krahmer, Emiel},
	journal = {Topics in cognitive science},
	number = {2},
	pages = {166--183},
	title = {Toward a Computational Psycholinguistics of Reference Production},
	volume = {4},
	year = {2012}
}

@article{van2012toward,
	author = {van Deemter, Kees and Gatt, Albert and van Gompel, Roger P. G. and Krahmer, Emiel},
	doi = {10.1111/j.1756-8765.2012.01187.x},
	journal = {Topics in Cognitive Science},
	month = {3},
	number = {2},
	pages = {166--183},
	title = {Toward a Computational Psycholinguistics of Reference Production},
	volume = {4},
	year = {2012}
}

@article{van-deemter-kibble-2000-coreferring,
	address = {{Cambridge}},
	author = {van Deemter, Kees and Kibble, Rodger},
	journal = {Computational Linguistics},
	number = {4},
	pages = {629--637},
	title = {On Coreferring: {{Coreference}} in {{{MUC}}} and Related Annotation Schemes},
	volume = {26},
	year = {2000}
}

@article{strobl2008conditional,
	author = {Strobl, Carolin and Boulesteix, Anne-Laure and Kneib, Thomas and Augustin, Thomas and Zeileis, Achim},
	journal = {BMC bioinformatics},
	number = {1},
	pages = {307},
	title = {Conditional Variable Importance for Random Forests},
	volume = {9},
	year = {2008}
}

@article{strawson1950referring,
	author = {Strawson, Peter F},
	journal = {Mind; a quarterly review of psychology and philosophy},
	number = {235},
	pages = {320--344},
	title = {On Referring},
	volume = {59},
	year = {1950}
}

@article{stark1988paragraph,
	author = {Stark, Heather A},
	journal = {Discourse processes},
	number = {3},
	pages = {275--303},
	title = {What Do Paragraph Markings Do?},
	volume = {11},
	year = {1988}
}

@article{siddharthan2011information,
	author = {Siddharthan, Advaith and Nenkova, Ani and McKeown, Kathleen},
	journal = {Computational Linguistics},
	number = {4},
	pages = {811--842},
	title = {Information Status Distinctions and Referring Expressions: {{An}} Empirical Study of References to People in News Summaries},
	volume = {37},
	year = {2011}
}

@article{schuster1997bidirectional,
	author = {Schuster, Mike and Paliwal, Kuldip K},
	journal = {IEEE transactions on Signal Processing},
	number = {11},
	pages = {2673--2681},
	title = {Bidirectional Recurrent Neural Networks},
	volume = {45},
	year = {1997}
}

@article{sanders2004accessibility,
	author = {Sanders, Ted J. M. and Gernsbacher, Morton Ann},
	doi = {10.1207/s15326950dp3702_1},
	journal = {Discourse Processes},
	month = {4},
	number = {2},
	pages = {79--89},
	title = {Accessibility in Text and Discourse Processing},
	volume = {37},
	year = {2004}
}

@article{russell1905denoting,
	author = {Russell, Bertrand},
	journal = {Mind; a quarterly review of psychology and philosophy},
	number = {56},
	pages = {479--493},
	title = {On Denoting},
	volume = {14},
	year = {1905}
}

@article{reiter2009investigation,
	author = {Reiter, Ehud B. and Belz, Anja},
	journal = {Computational Linguistics},
	number = {4},
	pages = {529--558},
	title = {An Investigation into the Validity of Some Metrics for Automatically Evaluating Natural Language Generation Systems},
	volume = {35},
	year = {2009}
}

@article{reiter1997building,
	author = {Reiter, Ehud B. and Dale, Robert},
	journal = {Natural Language Engineering},
	number = {1},
	pages = {57--87},
	title = {Building Applied Natural Language Generation Systems},
	volume = {3},
	year = {1997}
}

@article{reiter-2007-last,
	author = {Reiter, Ehud B.},
	doi = {10.1162/coli.2007.33.2.283},
	journal = {Computational Linguistics},
	number = {2},
	pages = {283--287},
	title = {Last Words: {{The}} Shrinking Horizons of Computational Linguistics},
	volume = {33},
	year = {2007}
}

@incollection{prince1992zpg,
  title = {The {{ZPG}} letter: {{Subjects}}, definiteness, and information-status},
  booktitle = {Pragmatics \& {{Beyond New Series}}},
  author = {Prince, Ellen F.},
  editor = {Mann, William C. and Thompson, Sandra A.},
  year = {1992},
  volume = {16},
  pages = {295},
  address = {{Amsterdam}},
  doi = {10.1075/pbns.16.12pri}}

@article{portet2009,
	author = {Portet, François and Reiter, Ehud B. and Gatt, Albert and Hunter, Jim and Sripada, Somayajulu and Freer, Yvonne and Sykes, Cindy},
	doi = {10.1016/j.artint.2008.12.002},
	journal = {Artificial Intelligence},
	number = {7},
	pages = {789--816},
	sortname = {Portet, François and Reiter, Ehud B. and Gatt, Albert and Hunter, Jim and Sripada, Somayajulu and Freer, Yvonne and Sykes, Cindy},
	title = {Automatic Generation of Textual Summaries from Neonatal Intensive Care Data},
	volume = {173},
	year = {2009}
}

@article{polanyi1988formal,
	author = {Polanyi, Livia},
	doi = {10.1016/0378-2166(88)90050-1},
	journal = {Journal of Pragmatics},
	month = {12},
	number = {5-6},
	pages = {601--638},
	title = {A Formal Model of the Structure of Discourse},
	volume = {12},
	year = {1988}
}

@article{poesio2004centering,
	author = {Poesio, Massimo and Stevenson, Rosemary and Eugenio, Barbara Di and Hitzeman, Janet},
	journal = {Computational linguistics},
	number = {3},
	pages = {309--363},
	title = {Centering: {{A}} Parametric Theory and Its Instantiations},
	volume = {30},
	year = {2004}
}

@article{piwek2008proximal,
	author = {Piwek, Paul and Beun, Robbert-Jan and Cremers, Anita},
	journal = {Journal of Pragmatics},
	number = {4},
	pages = {694--718},
	title = {`{{Proximal}}'and `Distal'in Language and Cognition: {{Evidence}} from Deictic Demonstratives in {{{Dutch}}}},
	volume = {40},
	year = {2008}
}

@article{pechmann1989incremental,
	author = {Pechmann, Thomas},
	journal = {Linguistics},
	number = {1},
	pages = {89--110},
	title = {Incremental Speech Production and Referential Overspecification},
	volume = {27},
	year = {1989}
}

@article{patson2011building,
	author = {Patson, Nikole D and Warren, Tessa},
	journal = {Journal of memory and language},
	number = {4},
	pages = {443--459},
	title = {Building Complex Reference Objects from Dual Sets},
	volume = {64},
	year = {2011}
}

@article{passonneau1997discourse,
	author = {Passonneau, Rebecca J and Litman, Diane J},
	journal = {Computational Linguistics},
	number = {1},
	pages = {103--139},
	title = {Discourse Segmentation by Human and Automated Means},
	volume = {23},
	year = {1997}
}

@article{passonneau1996using,
	author = {Passonneau, Rebecca J},
	journal = {Language and Speech},
	number = {2-3},
	pages = {229--264},
	title = {Using Centering to Relax {Gricean} Informational Constraints on Discourse Anaphoric Noun Phrases},
	volume = {39},
	year = {1996}
}

@article{paraboni2014reference,
	author = {Paraboni, Ivandré and {van Deemter}, Kees},
	journal = {Language, Cognition and Neuroscience},
	number = {8},
	pages = {1002--1017},
	sortname = {Paraboni, Ivandre and van Deemter, Kees},
	title = {Reference and the Facilitation of Search in Spatial Domains},
	volume = {29},
	year = {2014}
}

@article{paraboni2007generating,
	author = {Paraboni, Ivandré and Van Deemter, Kees and Masthoff, Judith},
	journal = {Computational linguistics},
	number = {2},
	pages = {229--254},
	sortname = {Paraboni, Ivandr{e} and Van Deemter, Kees and Masthoff, Judith},
	title = {Generating Referring Expressions: {{Making}} Referents Easy to Identify},
	volume = {33},
	year = {2007}
}

@article{padurariu2019dealing,
	author = {Padurariu, Cristian and Breaban, Mihaela Elena},
	doi = {10.1016/j.procs.2019.09.229},
	journal = {Procedia Computer Science},
	pages = {736--745},
	title = {Dealing with Data Imbalance in Text Classification},
	volume = {159},
	year = {2019}
}

@article{nenkova2011automatic,
	author = {Nenkova, Ani and McKeown, Kathleen},
	doi = {10.1561/1500000015},
	journal = {Foundations and Trends{\textregistered} in Information Retrieval},
	number = {2{\textendash}3},
	pages = {103--233},
	title = {Automatic Summarization},
	volume = {5},
	year = {2011}
}

@article{nayak2016comparative,
	author = {Nayak, Anmol and Natarajan, D},
	journal = {International Journal of Advance Studies in Computer Science and Engineering ({{IJASCSE}})},
	number = {1},
	pages = {14--17},
	title = {Comparative Study of Naive Bayes, Support Vector {Machine} and Random Forest Classifiers in Sentiment Analysis of Twitter Feeds},
	volume = {5},
	year = {2016}
}

@article{modi2017modeling,
	author = {Modi, Ashutosh and Titov, Ivan and Demberg, Vera and Sayeed, Asad and Pinkal, Manfred},
	journal = {Transactions of the Association for Computational Linguistics},
	pages = {31--44},
	title = {Modeling Semantic Expectation: {{Using}} Script Knowledge for Referent Prediction},
	volume = {5},
	year = {2017}
}

@article{mellish_scott_cahill_paiva_evans_reape_2006,
	author = {Mellish, Chris and Scott, Donia and Cahill, Lynne and Paiva, Daniel and Evans, Roger and Reape, Mike},
	doi = {10.1017/S1351324906004104},
	journal = {Natural Language Engineering},
	number = {1},
	pages = {1--34},
	title = {A Reference Architecture for Natural Language Generation Systems},
	volume = {12},
	year = {2006}
}

@article{linzen2016assessing,
	author = {Linzen, Tal and Dupoux, Emmanuel and Goldberg, Yoav},
	journal = {Transactions of the Association for Computational Linguistics},
	pages = {521--535},
	title = {Assessing the Ability of {{{LSTM}s}} to Learn Syntax-Sensitive Dependencies},
	volume = {4},
	year = {2016}
}

@article{krahmer2012computational,
	address = {{Cambridge}},
	author = {Krahmer, Emiel and van Deemter, Kees},
	doi = {10.1162/COLI_a_00088},
	journal = {Computational Linguistics},
	month = {3},
	number = {1},
	pages = {173--218},
	title = {Computational Generation of Referring Expressions: {{A}} Survey},
	volume = {38},
	year = {2012}
}

@article{krahmer2003graph,
	author = {Krahmer, Emiel and Erk, Sebastiaan van and Verleg, André},
	journal = {Computational Linguistics},
	number = {1},
	pages = {53--72},
	sortname = {Krahmer, Emiel and Erk, Sebastiaan van and Verleg, Andr{e}},
	title = {{Graph}-Based Generation of Referring Expressions},
	volume = {29},
	year = {2003}
}

@article{krahmer2002efficient,
	author = {Krahmer, Emiel and Theune, Mari{\"e}t},
	journal = {Information sharing: Reference and presupposition in language generation and interpretation},
	pages = {223--263},
	sortname = {Krahmer, Emiel and Theune, Mari{e}t},
	title = {Efficient Context-Sensitive Generation of Referring Expressions},
	volume = {143},
	year = {2002}
}

@article{kibrik2016referential,
	author = {Kibrik, Andrej A and Khudyakova, Mariya V and Dobrov, Grigory B and Linnik, Anastasia and Zalmanov, Dmitrij A},
	journal = {Frontiers in Psychology},
	pages = {1429},
	title = {Referential Choice: {{Predictability}} and Its Limits},
	volume = {7},
	year = {2016}
}

@article{kehler2008coherence,
	author = {Kehler, Andrew and Kertz, Laura and Rohde, Hannah and Elman, Jeffrey L},
	journal = {Journal of semantics},
	number = {1},
	pages = {1--44},
	title = {Coherence and Coreference Revisited},
	volume = {25},
	year = {2008}
}

@article{kass1995bayes,
	author = {Kass, Robert E and Raftery, Adrian E},
	journal = {Journal of the american statistical association},
	number = {430},
	pages = {773--795},
	title = {Bayes Factors},
	volume = {90},
	year = {1995}
}

@article{kaiser2010effects,
	author = {Kaiser, Elsi},
	journal = {Discourse Processes},
	number = {6},
	pages = {480--509},
	title = {Effects of Contrast on Referential Form: {{Investigating}} the Distinction between Strong and Weak Pronouns},
	volume = {47},
	year = {2010}
}

@article{kaiser2003word,
	author = {Kaiser, Elsi},
	journal = {Nordlyd},
	number = {1},
	title = {Word Order, Grammatical Function, and Referential Form: {{On}} the Patterns of Anaphoric Reference in {{{Finnish}}}},
	volume = {31},
	year = {2003},
        doi = {10.7557/12.28}
}

@article{jurka2012maxent,
	author = {Jurka, Timothy P},
	journal = {The R Journal},
	number = {1},
	pages = {56--59},
	title = {{{{MAXENT}}}: {An} {{R}} Package for Low-Memory Multinomial Logistic Regression with Support for Semi-Automated Text Classification},
	volume = {4},
	year = {2012}
}

@article{jordan2005learning2,
	author = {Jordan, Pamela W. and Walker, Marilyn A.},
	journal = {Journal of Artificial Intelligence Research},
	pages = {157--194},
	title = {Learning Content Selection {Rules} for Generating Object Descriptions in Dialogue},
	volume = {24},
	year = {2005}
}

@inproceedings{jamison2008using,
	author = {Jamison, Emily},
	booktitle = {Proceedings of the 5th Meeting of the Midwest Computational Linguistics Colloquium ({{{MCLC}}})},
	title = {Using Discourse Features for Referring Expression Generation},
	year = {2008}
}

@article{hofmann1989paragraphs,
	author = {Hofmann, Thomas R},
	journal = {Journal of pragmatics},
	number = {2},
	pages = {239--250},
	title = {Paragraphs, \& Anaphora},
	volume = {13},
	year = {1989}
}

@article{hoek2017segmenting,
	author = {Hoek, Jet and {Evers-Vermeul}, Jacqueline and Sanders, Ted JM},
	journal = {Corpus Linguistics and Linguistic Theory},
	number = {2},
	pages = {357--386},
	title = {Segmenting Discourse: {{Incorporating}} Interpretation into Segmentation?},
	volume = {14},
	year = {2018}
}

@article{hochreiter1997long,
	author = {Hochreiter, Sepp and Schmidhuber, J{\"u}rgen},
	journal = {Neural computation},
	number = {8},
	pages = {1735--1780},
	sortname = {Hochreiter, Sepp and Schmidhuber, J{u}rgen},
	title = {Long Short-Term Memory},
	volume = {9},
	year = {1997}
}

@article{hobbs1978resolving,
	author = {Hobbs, Jerry R.},
	journal = {Lingua. International review of general linguistics. Revue internationale de linguistique générale},
	number = {4},
	pages = {311--338},
	title = {Resolving Pronoun References},
	volume = {44},
	year = {1978}
}

@article{hinterwimmer2019prominent,
	author = {Hinterwimmer, Stefan},
	journal = {Journal of Pragmatics},
	pages = {79--91},
	title = {Prominent Protagonists},
	volume = {154},
	year = {2019}
}

@incollection{himmelmann2015prominence,
            year = {2015},
          author = {Nikolaus P. Himmelmann and Beatrice Primus},
         address = {Viterbo},
       booktitle = {PS-prominenceS: {Prominences} in Linguistics. {Proceedings} of the International Conference},
           pages = {38--58},
           title = {Prominence Beyond Prosody - A First Approximation},
          editor = {Amedeo De Dominicis},
             url = {https://kups.ub.uni-koeln.de/24935/}
}


@article{hendriks2016cognitive,
	author = {Hendriks, Petra},
	doi = {10.3389/fpsyg.2016.00506},
	journal = {Frontiers in Psychology},
	month = {4},
	pages = {1--17},
	title = {Cognitive Modeling of Individual Variation in Reference Production and Comprehension},
	volume = {7},
	year = {2016}
}

@article{gundel2003,
	author = {Gundel, Jeanette K.},
	journal = {Journal of Cognitive Science},
	pages = {177--199},
	title = {Information Structure and Referential Givenness/Newness. {{How}} Much Belongs in the Grammar?},
	volume = {4},
	year = {2003}
}

@article{gundel1993cognitive,
	author = {Gundel, Jeanette K. and Hedberg, Nancy and Zacharski, Ron},
	journal = {Language},
	number = {2},
	pages = {274--307},
	title = {Cognitive Status and the Form of Referring Expressions in Discourse},
	urldate = {2022-04-08},
	volume = {69},
	year = {1993}
}

@article{grosz1995centering,
	address = {{Cambridge}},
	author = {Grosz, Barbara J. and Joshi, Aravind K. and Weinstein, Scott},
	journal = {Computational Linguistics},
	number = {2},
	pages = {203--225},
	title = {Centering: {{A}} Framework for Modeling the Local Coherence of Discourse},
	volume = {21},
	year = {1995}
}

@article{grosz1986attention,
	author = {Grosz, Barbara J. and Sidner, Candace L.},
	journal = {Computational Linguistics},
	number = {3},
	pages = {175--204},
	title = {Attention, Intentions, and the Structure of Discourse},
	volume = {12},
	year = {1986}
}

@article{gorniak2004grounded,
	author = {Gorniak, Peter and Roy, Deb},
	journal = {Journal of Artificial Intelligence Research},
	pages = {429--470},
	title = {Grounded Semantic Composition for Visual Scenes},
	volume = {21},
	year = {2004}
}

@article{gordon1999processing,
	author = {Gordon, Peter C and Hendrick, Randall and Ledoux, Kerry and Yang, Chin Lung},
	journal = {Language and Cognitive Processes},
	number = {4},
	pages = {353--379},
	title = {Processing of Reference and the Structure of Language: {{An}} Analysis of Complex Noun Phrases},
	volume = {14},
	year = {1999}
}

@article{givon1992grammar,
	author = {Givón, Talmy},
	doi = {10.1515/ling.1992.30.1.5},
	journal = {Linguistics},
	number = {1},
	pages = {5--56},
	sortname = {Giv{o}n, Talmy},
	title = {The Grammar of Referential Coherence as Mental Processing Instructions},
	volume = {30},
	year = {1992}
}

@article{gatt2018survey,
	author = {Gatt, Albert and Krahmer, Emiel},
	journal = {Journal of Artificial Intelligence Research},
	pages = {65--170},
	title = {Survey of the State of the Art in Natural Language Generation: {{Core}} Tasks, Applications and Evaluation},
	volume = {61},
	year = {2018}
}

@article{gatt2014models,
	author = {Gatt, Albert and Krahmer, Emiel and van Deemter, Kees and van Gompel, Roger P. G.},
	doi = {10.1080/23273798.2014.933242},
	journal = {Language, Cognition and Neuroscience},
	month = {6},
	number = {8},
	pages = {899--911},
	title = {Models and Empirical Data for the Production of Referring Expressions},
	volume = {29},
	year = {2014}
}

@article{gatt2009data,
	author = {Gatt, Albert and Portet, Francois and Reiter, Ehud B. and Hunter, Jim and Mahamood, Saad and Moncur, Wendy and Sripada, Somayajulu},
	journal = {{AI} Communications},
	number = {3},
	pages = {153--186},
	title = {From Data to Text in the Neonatal Intensive Care Unit: {{Using {NLG}}} Technology for Decision Support and Information Management},
	volume = {22},
	year = {2009},
        doi = {10.3233/AIC-2009-0453}
}

@article{gatt2007lexical,
	author = {Gatt, Albert and van Deemter, Kees},
	journal = {Journal of Logic, Language and Information},
	number = {4},
	pages = {423--443},
	title = {Lexical Choice and Conceptual Perspective in the Generation of Plural Referring Expressions},
	volume = {16},
	year = {2007}
}

@article{fukumura2011effect,
	author = {Fukumura, Kumiko and van Gompel, Roger P. G.},
	doi = {10.1080/01690965.2010.506444},
	journal = {Language and Cognitive Processes},
	month = {12},
	number = {10},
	pages = {1472--1504},
	title = {The Effect of Animacy on the Choice of Referring Expression},
	volume = {26},
	year = {2011}
}

@article{frank2012predicting,
	author = {Frank, Michael C and Goodman, Noah D},
	journal = {Science},
	number = {6084},
	pages = {998--998},
	title = {Predicting Pragmatic Reasoning in Language Games},
	volume = {336},
	year = {2012}
}

@article{evers2017temporality,
	author = {{Evers-Vermeul}, Jacqueline and Hoek, Jet and Scholman, Merel CJ},
	journal = {Dialogue \& Discourse},
	number = {2},
	pages = {1--20},
	title = {On Temporality in Discourse Annotation: {{Theoretical}} and Practical Considerations},
	volume = {8},
	year = {2017}
}

@article{ettinger-2020-bert,
	address = {{Cambridge}},
	author = {Ettinger, Allyson},
	doi = {10.1162/tacl_a_00298},
	journal = {Transactions of the Association for Computational Linguistics},
	pages = {34--48},
	title = {What {{{BERT}}} Is Not: {{Lessons}} from a New Suite of Psycholinguistic Diagnostics for Language Models},
	volume = {8},
	year = {2020}
}

@article{elsner2018visual,
	author = {Elsner, Micha and Clarke, Alasdair and Rohde, Hannah},
	journal = {Cognitive science},
	pages = {940--973},
	title = {Visual Complexity and Its Effects on Referring Expression Generation},
	volume = {42},
	year = {2018}
}

@article{donnellan1966reference,
	author = {Donnellan, Keith S},
	journal = {{The Philosophical Review}},
	number = {3},
	pages = {281--304},
	title = {Reference and Definite Descriptions},
	volume = {75},
	year = {1966}
}

@article{di2000agreement,
	author = {Di Eugenio, Barbara and Jordan, Pamela W. and Thomason, Richmond H. and Moore, Johanna D.},
	journal = {International Journal of Human-Computer Studies},
	number = {6},
	pages = {1017--1076},
	sortname = {Di Eugenio, Barbara and Jordan, Pamela W. and Thomason, Richmond H. and Moore, Johanna D.},
	title = {The Agreement Process: {{An}} Empirical Investigation of Human-Human Computer-Mediated Collaborative Dialogs},
	volume = {53},
	year = {2000}
}

@article{deemter2002generating,
	author = {van Deemter, Kees},
	journal = {Computational Linguistics},
	number = {1},
	pages = {37--52},
	title = {Generating Referring Expressions: {{Boolean}} Extensions of the Incremental Algorithm},
	volume = {28},
	year = {2002}
}

@article{dale1995computational,
	author = {Dale, Robert and Reiter, Ehud B.},
	journal = {Cognitive science},
	number = {2},
	pages = {233--263},
	title = {Computational Interpretations of the {{{Gricean}}} Maxims in the Generation of Referring Expressions},
	volume = {19},
	year = {1995}
}

@article{chen-etal-2023-probing,
	author = {Guanyi Chen and Fahime Same and van Deemter, Kees},
	doi = {10.1016/j.csl.2022.101466},
	journal = {Computer Speech \& Language},
	pages = {101466},
	title = {Neural referential form selection: {G}eneralisability and interpretability},
	volume = {79},
	year = {2023}
}

@article{pearstories,
	author = {Chafe, Wallace L},
	title = {The Pear Stories: {{Cognitive}}, Cultural, and Linguistic Aspects of Narrative Production},
	year = {1980},
        url = {http://pearstories.org/english/english.htm}
}

@article{chafe1976givenness,
	author = {Chafe, Wallace L.},
	journal = {Subject and topic},
	pages = {27--55},
	title = {Givenness, Contrastiveness, Definiteness, Subjects, Topics, and Point of View},
	year = {1976}
}

@article{castelvecchi2016can,
	author = {Castelvecchi, Davide},
	journal = {Nature News},
	number = {7623},
	pages = {20},
	title = {Can We Open the Black Box of {{{AI}}}?},
	volume = {538},
	year = {2016}
}

@article{brennan1996lexical,
	author = {Brennan, Susan E.},
	journal = {Journal of Experimental Psychology: Learning, Memory, and Cognition},
	pages = {1482--1493},
	title = {Lexical Choice and Conceptual Pacts in Conversation},
	volume = {22},
	year = {1996}
}

@article{breiman2001random,
	author = {Breiman, Leo},
	journal = {Machine learning},
	number = {1},
	pages = {5--32},
	title = {Random Forests},
	volume = {45},
	year = {2001}
}

@article{borthen2007correspondence,
	author = {Borthen, Kaja},
	journal = {PRAGMATICS AND BEYOND NEW SERIES},
	pages = {143},
	title = {The Correspondence between Cognitive Status and the Form of Kind-Referring {{{NP}s}}},
	volume = {155},
	year = {2007}
}

@InProceedings{bohnet2007fbn,
  author    = {Bohnet, Bernd},
  booktitle = {Proceedings of the Workshop on Using corpora for natural language generation},
  title     = {{IS}-{FBN}, {IS}-{FBS}, {IS}-{IAC}: the adaptation of two classic algorithms for the generation of referring expresssions in order to produce expressions like humans do},
  editor    = {Belz, Anja and Varges, Sebastian},
  url       = {https://aclanthology.org/2007.mtsummit-ucnlg.15},
  address   = {Copenhagen},
  year      = {2007},
}

@book{bishop2006pattern,
  title = {Pattern Recognition and Machine Learning},
  author = {Bishop, Christopher M.},
  year = {2006},
  series = {Information Science and Statistics},
  address = {{New York}},
  isbn = {978-0-387-31073-2}
}


@article{bischl2016mlr,
	author = {Bischl, Bernd and Lang, Michel and Kotthoff, Lars and Schiffner, Julia and Richter, Jakob and Studerus, Erich and Casalicchio, Giuseppe and Jones, Zachary M},
	journal = {The Journal of Machine Learning Research},
	number = {1},
	pages = {5938--5942},
	title = {Mlr: {{{Machine}}} Learning in {{R}}},
	volume = {17},
	year = {2016}
}

@article{biber1993representativeness,
	author = {Biber, Douglas},
	journal = {Literary and linguistic computing},
	number = {4},
	pages = {243--257},
	title = {Representativeness in Corpus Design},
	volume = {8},
	year = {1993}
}

@article{biau2012analysis,
	author = {Biau, Gérard},
	journal = {The Journal of Machine Learning Research},
	number = {1},
	pages = {1063--1095},
	sortname = {Biau, G{e}rard},
	title = {Analysis of a Random Forests Model},
	volume = {13},
	year = {2012}
}

@article{belz2008automatic,
	author = {Belz, Anja},
	journal = {Natural Language Engineering},
	number = {4},
	pages = {431--455},
	title = {Automatic Generation of Weather Forecast Texts Using Comprehensive Probabilistic Generation-Space Models},
	volume = {14},
	year = {2008}
}

@misc{baroni2021proper,
  title = {On the Proper Role of Linguistically-Oriented Deep Net Analysis in Linguistic Theorizing},
  author = {Baroni, Marco},
  year = {2021},
  month = mar,
  number = {arXiv:2106.08694},
  eprint = {2106.08694},
  primaryclass = {cs},
  publisher = {{arXiv}},
  doi = {10.48550/arXiv.2106.08694}
}

@article{bard1996magnitude,
	author = {Bard, Ellen Gurman and Robertson, Dan and Sorace, Antonella},
	doi = {10.2307/416793},
	journal = {Language},
	number = {1},
	pages = {32--68},
	title = {Magnitude estimation of linguistic acceptability},
	volume = {72},
	year = {1996},
}

@misc{bahdanau2014neural,
	archiveprefix = {arxiv},
	author = {Bahdanau, Dzmitry and Cho, Kyunghyun and Bengio, Yoshua},
	eprint = {1409.0473},
	title = {Neural {Machine} Translation by Jointly Learning to Align and Translate},
	year = {2014},
        number = {arXiv:1409.0473},
        doi = {10.48550/arXiv.1409.0473}
}

@article{arnold2009reference,
	author = {Arnold, Jennifer E. and Bennetto, Loisa and Diehl, Joshua J.},
	doi = {10.1016/j.cognition.2008.10.016},
	journal = {Cognition},
	month = {2},
	number = {2},
	pages = {131--146},
	title = {Reference Production in Young Speakers with and without Autism: {{Effects}} of Discourse Status and Processing Constraints},
	volume = {110},
	year = {2009}
}

@article{arnold2008reference,
	author = {Arnold, Jennifer E.},
	doi = {10.1080/01690960801920099},
	journal = {Language and Cognitive Processes},
	month = {6},
	number = {4},
	pages = {495--527},
	title = {Reference Production: {{Production-internal}} and Addressee-Oriented Processes},
	volume = {23},
	year = {2008}
}

@article{arnold2007effect,
	author = {Arnold, Jennifer E. and Griffin, Zenzi M.},
	doi = {10.1016/j.jml.2006.09.007},
	journal = {Journal of Memory and Language},
	month = {5},
	number = {4},
	pages = {521--536},
	title = {The Effect of Additional Characters on Choice of Referring Expression: {{Everyone}} Counts.},
	volume = {56},
	year = {2007}
}

@article{ariel2004accessibility,
	author = {Ariel, Mira},
	journal = {Discourse processes},
	number = {2},
	pages = {91--116},
	title = {Accessibility Marking: {{Discourse}} Functions, Discourse Profiles, and Processing Cues},
	volume = {37},
	year = {2004}
}

@article{ariel1991function,
	author = {Ariel, Mira},
	doi = {10.1016/0378-2166(91)90136-l},
	journal = {Journal of Pragmatics},
	month = {11},
	number = {5},
	pages = {443--463},
	title = {The Function of Accessibility in a Theory of Grammar},
	volume = {16},
	year = {1991}
}

@article{ariel1988referring,
	author = {Ariel, Mira},
	journal = {Journal of Linguistics},
	number = {1},
	pages = {65--87},
	title = {Referring and Accessibility},
	volume = {24},
	year = {1988}
}

@article{anderson1991hcrc,
	author = {Anderson, Anne H and Bader, Miles and Bard, Ellen Gurman and Boyle, Elizabeth and Doherty, Gwyneth and Garrod, Simon and Isard, Stephen and Kowtko, Jacqueline and McAllister, Jan and Miller, Jim and others},
	journal = {Language and speech},
	number = {4},
	pages = {351--366},
	title = {The {{{HCRC}}} Map Task Corpus},
	volume = {34},
	year = {1991}
}

@article{altmann2010permutation,
	author = {Altmann, André and Tolo{\c s}i, Laura and Sander, Oliver and Lengauer, Thomas},
	journal = {Bioinformatics (Oxford, England)},
	number = {10},
	pages = {1340--1347},
	sortname = {Altmann, Andr{e} and Tolo{\c s}i, Laura and Sander, Oliver and Lengauer, Thomas},
	title = {Permutation Importance: {A} Corrected Feature Importance Measure},
	volume = {26},
	year = {2010}
}

@article{Zeldes2016,
	author = {Zeldes, Amir},
	doi = {10.1007/s10579-016-9343-x},
	journal = {Language Resources and Evaluation},
	month = {2},
	number = {3},
	pages = {581--612},
	title = {The {{{GUM}}} Corpus: {Creating} Multilayer Resources in the Classroom},
	volume = {51},
	year = {2016}
}

@article{Stevenson1994,
	author = {Stevenson, Rosemary J. and Crawley, Rosalind A. and Kleinman, David},
	doi = {10.1080/01690969408402130},
	journal = {Language and Cognitive Processes},
	month = {11},
	number = {4},
	pages = {519--548},
	title = {Thematic Roles, Focus and the Representation of Events},
	volume = {9},
	year = {1994}
}

@article{Stark1988,
	author = {Stark, Heather A.},
	journal = {Discourse Processes},
	month = {7},
	number = {3},
	pages = {275--303},
	title = {What Do Paragraph Markings Do?},
	volume = {11},
	year = {1988}
}

@article{Sporleder2006,
	author = {Sporleder, Caroline and Lapata, Mirella},
	doi = {10.1145/1149290.1151098},
	journal = {ACM Transactions on Speech and Language Processing},
	month = {7},
	number = {2},
	pages = {1--35},
	title = {Broad Coverage Paragraph Segmentation across Languages and Domains},
	volume = {3},
	year = {2006}
}

@article{Schmuckler2001,
	author = {Schmuckler, Mark A.},
	doi = {10.1207/s15327078in0204_02},
	journal = {Infancy : the official journal of the International Society on Infant Studies},
	month = {10},
	number = {4},
	pages = {419--436},
	title = {What Is Ecological Validity? {{A}} Dimensional Analysis},
	volume = {2},
	year = {2001}
}

@article{Rudin2019,
	author = {Rudin, Cynthia},
	doi = {10.1038/s42256-019-0048-x},
	journal = {Nature Machine Intelligence},
	month = {5},
	number = {5},
	pages = {206--215},
	title = {Stop Explaining Black Box {Machine} Learning Models for High Stakes Decisions and Use Interpretable Models Instead},
	volume = {1},
	year = {2019}
}

@article{Reiter2005,
	author = {Reiter, Ehud B. and Sripada, Somayajulu and Hunter, Jim and Yu, Jin and Davy, Ian},
	doi = {10.1016/j.artint.2005.06.006},
	journal = {Artificial Intelligence},
	month = {9},
	number = {1-2},
	pages = {137--169},
	title = {Choosing Words in Computer-Generated Weather Forecasts},
	volume = {167},
	year = {2005}
}

@article{PratSala2000,
	author = {{Prat-Sala}, Merc{\`e} and Branigan, Holly P},
	doi = {10.1006/jmla.1999.2668},
	journal = {Journal of Memory and Language},
	month = {2},
	number = {2},
	pages = {168--182},
	sortname = {{Prat-Sala}, Merc{e} and Branigan, Holly P},
	title = {Discourse Constraints on Syntactic Processing in Language Production: {{A}} Cross-Linguistic Study in {English} and {Spanish}},
	volume = {42},
	year = {2000}
}

@article{Passonneau1996,
	author = {Passonneau, Rebecca J.},
	doi = {10.1177/002383099603900305},
	journal = {Language and Speech},
	month = {4},
	number = {2-3},
	pages = {229--264},
	title = {Using Centering to Relax {Gricean} Informational Constraints on Discourse Anaphoric Noun Phrases},
	volume = {39},
	year = {1996}
}

@article{Paraboni2017,
	author = {Paraboni, Ivandré and Lan, Alex Gwo Jen and {de SantAna}, Matheus Mendes and Coutinho, Flávio Luiz},
	doi = {10.1162/coli_a_00288},
	journal = {Computational Linguistics},
	month = {6},
	number = {2},
	pages = {451--459},
	sortname = {Paraboni, Ivandr{e} and Lan, Alex Gwo Jen and {de SantAna}, Matheus Mendes and Coutinho, Fl{a}vio Luiz},
	title = {Effects of Cognitive Effort on the Resolution of Overspecified Descriptions},
	volume = {43},
	year = {2017}
}

@article{Nakhimovsky1988,
	author = {Nakhimovsky, Alexander},
	journal = {Computational Linguistics},
	number = {2},
	pages = {29--43},
	title = {Aspect, Aspectual Class, and the Temporal Structure of Narrative},
	volume = {14},
	year = {1988}
}

@article{Levenshtein_SPD66,
	added-at = {2009-09-11T19:06:23.000+0200},
	author = {Levenshtein, Vladimir Iosifovich},
	interhash = {55f7ad93fcb9ae3ed999afaa6e24937d},
	intrahash = {20546d80ce76f58c6ef6ece9dd5f5056},
	journal = {Soviet Physics Doklady},
	month = {2},
	number = {8},
	pages = {707--710},
	title = {Binary Codes Capable of Correcting Deletions, Insertions and Reversals.},
	volume = {10},
	year = {1966}
}

@article{Kutlak2016,
	author = {Kutlak, Roman and van Deemter, Kees and Mellish, Chris},
	doi = {10.3389/fpsyg.2016.01275},
	journal = {Frontiers in Psychology},
	month = {8},
	pages = {1--18},
	title = {Production of Referring Expressions for an Unknown Audience: {{A}} Computational Model of Communal Common Ground},
	volume = {7},
	year = {2016}
}

@article{Koolen2011,
	author = {Koolen, Ruud and Gatt, Albert and Goudbeek, Martijn and Krahmer, Emiel},
	doi = {10.1016/j.pragma.2011.06.008},
	journal = {Journal of Pragmatics},
	month = {10},
	number = {13},
	pages = {3231--3250},
	title = {Factors Causing Overspecification in Definite Descriptions},
	volume = {43},
	year = {2011}
}

@article{Kehler2007,
	author = {Kehler, Andrew and Kertz, Laura and Rohde, Hannah and Elman, Jeffrey L.},
	doi = {10.1093/jos/ffm018},
	journal = {Journal of Semantics},
	month = {9},
	number = {1},
	pages = {1--44},
	title = {Coherence and Coreference Revisited},
	volume = {25},
	year = {2007}
}

@article{Karmiloffsmith1985,
	author = {Karmiloff-Smith, Annette},
	doi = {10.1080/01690968508402071},
	journal = {Language and Cognitive Processes},
	month = {1},
	number = {1},
	pages = {61--85},
	title = {Language and Cognitive Processes from a Developmental Perspective},
	volume = {1},
	year = {1985}
}

@article{Huang2000,
	author = {Huang, Yan},
	doi = {10.1016/s0378-2166(99)00041-7},
	journal = {Journal of Pragmatics},
	month = {1},
	number = {2},
	pages = {151--176},
	title = {Discourse Anaphora: {{Four}} Theoretical Models},
	volume = {32},
	year = {2000}
}

@article{Hofmann1989,
	author = {Hofmann, Thomas R.},
	doi = {10.1016/0378-2166(89)90093-3},
	journal = {Journal of Pragmatics},
	month = {4},
	number = {2},
	pages = {239--250},
	title = {Paragraphs, \& Anaphora},
	volume = {13},
	year = {1989}
}

@article{Hobbs1979,
	author = {Hobbs, Jerry R.},
	doi = {10.1207/s15516709cog0301_4},
	journal = {Cognitive Science},
	month = {1},
	number = {1},
	pages = {67--90},
	title = {Coherence and Coreference},
	volume = {3},
	year = {1979}
}

@article{Hinds_1977,
	author = {Hinds, John},
	journal = {Paper in Linguistics},
	month = {3},
	number = {1-2},
	pages = {77--99},
	title = {Paragraph Structure and Pronominalization},
	volume = {10},
	year = {1977}
}

@article{Heusinger2019,
	author = {{von Heusinger}, Klaus and Schumacher, Petra B.},
	doi = {10.1016/j.pragma.2019.07.025},
	journal = {Journal of Pragmatics},
	month = {12},
	pages = {117--127},
	title = {Discourse Prominence: {{Definition}} and Application},
	volume = {154},
	year = {2019}
}

@article{Gompel2019,
	author = {van Gompel, Roger P. G. and van Deemter, Kees and Gatt, Albert and Snoeren, Rick and Krahmer, Emiel J.},
	doi = {10.1037/rev0000138},
	journal = {Psychological Review},
	month = {4},
	number = {3},
	pages = {345--373},
	title = {Conceptualization in Reference Production: {{Probabilistic}} Modeling and Experimental Testing.},
	volume = {126},
	year = {2019}
}

@article{Goldberg2017,
	author = {Goldberg, Yoav},
	doi = {10.2200/s00762ed1v01y201703hlt037},
	journal = {Synthesis Lectures on Human Language Technologies},
	month = {4},
	number = {1},
	pages = {1--309},
	title = {Neural Network Methods for Natural Language Processing},
	volume = {10},
	year = {2017}
}

@article{Gernsbacher1989,
	author = {Gernsbacher, Morton Ann},
	doi = {10.1016/0010-0277(89)90001-2},
	journal = {Cognition},
	month = {7},
	number = {2},
	pages = {99--156},
	title = {Mechanisms That Improve Referential Access},
	volume = {32},
	year = {1989}
}

@article{Fukumura2013,
	author = {Fukumura, Kumiko and Hyönä, Jukka and Scholfield, Merete},
	doi = {10.1037/a0031215},
	journal = {Journal of Experimental Psychology: Learning, Memory, and Cognition},
	number = {4},
	pages = {1012--1021},
	sortname = {Fukumura, Kumiko and Hy{o}n{a}, Jukka and Scholfield, Merete},
	title = {Gender Affects Semantic Competition: {{The}} Effect of Gender in a Non-Gender-Marking Language.},
	volume = {39},
	year = {2013}
}

@article{Fukumura2011,
	author = {Fukumura, Kumiko and van Gompel, Roger P. G.},
	doi = {10.1080/01690965.2010.506444},
	journal = {Language and Cognitive Processes},
	month = {12},
	number = {10},
	pages = {1472--1504},
	title = {The Effect of Animacy on the Choice of Referring Expression},
	volume = {26},
	year = {2011}
}

@article{Fukumura2010,
	author = {Fukumura, Kumiko and van Gompel, Roger P. G.},
	doi = {10.1016/j.jml.2009.09.001},
	journal = {Journal of Memory and Language},
	month = {1},
	number = {1},
	pages = {52--66},
	title = {Choosing Anaphoric Expressions: {{Do}} People Take into Account Likelihood of Reference?},
	volume = {62},
	year = {2010}
}

@article{Frank2012,
	author = {Frank, Michael C. and Goodman, Noah D.},
	doi = {10.1126/science.1218633},
	journal = {Science (New York, N.Y.)},
	month = {5},
	number = {6084},
	pages = {998--998},
	title = {Predicting Pragmatic Reasoning in Language Games},
	volume = {336},
	year = {2012}
}

@article{ENGELHARDT2006,
	author = {Engelhardt, Paul E. and Bailey, Karl G. D. and Ferreira, Fernanda},
	doi = {10.1016/j.jml.2005.12.009},
	journal = {Journal of Memory and Language},
	number = {4},
	pages = {554--573},
	title = {Do Speakers and Listeners Observe the {Gricean} Maxim of Quantity?},
	volume = {54},
	year = {2006}
}

@article{Duguine2017,
	author = {Duguine, Maia},
	doi = {10.3389/fpsyg.2017.00027},
	journal = {Frontiers in Psychology},
	month = {2},
	pages={27},
	title = {Reversing the Approach to Null Subjects: {{A}} Perspective from Language Acquisition},
	volume = {8},
	year = {2017}
}

@article{Degen2020,
	author = {Degen, Judith and Hawkins, Robert D. and Graf, Caroline and Kreiss, Elisa and Goodman, Noah D.},
	doi = {10.1037/rev0000186},
	journal = {Psychological Review},
	month = {7},
	number = {4},
	pages = {591--621},
	title = {When Redundancy Is Useful: {{A {Bayesian}}} Approach to ``Overinformative'' Referring Expressions.},
	volume = {127},
	year = {2020}
}

@article{Brilmayer2021,
	author = {Brilmayer, Ingmar and Schumacher, Petra B.},
	doi = {10.3389/fpsyg.2021.623648},
	journal = {Frontiers in Psychology},
	month = {8},
	pages = {1--16},
	title = {Referential Chains Reveal Predictive Processes and Form-to-Function Mapping: {{An}} Electroencephalographic Study Using Naturalistic Story Stimuli},
	volume = {12},
	year = {2021}
}

@article{Brennan1995,
	author = {Brennan, Susan E.},
	doi = {10.1080/01690969508407091},
	journal = {Language and Cognitive Processes},
	month = {5},
	number = {2},
	pages = {137--167},
	title = {Centering Attention in Discourse},
	volume = {10},
	year = {1995}
}

@article{Branco2016,
	author = {Branco, Paula and Torgo, Lu{\'i}s and Ribeiro, Rita P.},
	doi = {10.1145/2907070},
	journal = {ACM Computing Surveys},
	month = {11},
	number = {2},
	pages = {1--50},
	sortname = {Branco, Paula and Torgo, Lu{i}s and Ribeiro, Rita P.},
	title = {A Survey of Predictive Modeling on Imbalanced Domains},
	volume = {49},
	year = {2016}
}

@article{Belligh2018,
	author = {Belligh, Thomas},
	doi = {10.1075/bjl.00015.bel},
	journal = {Non-prototypical clefts},
	month = {12},
	pages = {21--52},
	title = {The Role of Referential Givenness in {{{Dutch}}} Alternating Presentational Constructions},
	volume = {32},
	year = {2018}
}

@article{Belinkov2019,
	author = {Belinkov, Yonatan and Glass, James},
	doi = {10.1162/tacl_a_00254},
	journal = {Transactions of the Association for Computational Linguistics},
	month = {4},
	pages = {49--72},
	title = {Analysis Methods in Neural Language Processing: {{A}} Survey},
	volume = {7},
	year = {2019}
}

@article{BARREDOARRIETA202082,
	author = {Barredo Arrieta, Alejandro and {D{\'i}az-Rodr{\'i}guez}, Natalia and Del Ser, Javier and Bennetot, Adrien and Tabik, Siham and Barbado, Alberto and Garcia, Salvador and {Gil-Lopez}, Sergio and Molina, Daniel and Benjamins, Richard and Chatila, Raja and Herrera, Francisco},
	doi = {10.1016/j.inffus.2019.12.012},
	journal = {Information Fusion},
	pages = {82--115},
	sortname = {Barredo Arrieta, Alejandro and {D{i}az-Rodr{i}guez}, Natalia and Del Ser, Javier and Bennetot, Adrien and Tabik, Siham and Barbado, Alberto and Garcia, Salvador and {Gil-Lopez}, Sergio and Molina, Daniel and Benjamins, Richard and Chatila, Raja and Herrera, Francisco},
	title = {Explainable Artificial Intelligence ({{{XAI}}}): {{Concepts}}, Taxonomies, Opportunities and Challenges toward Responsible {{{AI}}}},
	volume = {58},
	year = {2020}
}

@article{Arts2011,
	author = {Arts, Anja and Maes, Alfons and Noordman, Leo G. M. and Jansen, Carel},
	doi = {10.1515/ling.2011.017},
	journal = {Linguistics},
	month = {1},
	number = {3},
	pages = {555--574},
	title = {Overspecification in Written Instruction},
	volume = {49},
	year = {2011}
}

@article{Arnold2010,
	author = {Arnold, Jennifer E.},
	doi = {10.1111/j.1749-818x.2010.00193.x},
	journal = {Language and Linguistics Compass},
	month = {3},
	number = {4},
	pages = {187--203},
	title = {How Speakers Refer: {{The}} Role of Accessibility},
	volume = {4},
	year = {2010}
}

@article{Arnold2007,
	author = {Arnold, Jennifer E. and Griffin, Zenzi M.},
	doi = {10.1016/j.jml.2006.09.007},
	journal = {Journal of Memory and Language},
	month = {5},
	number = {4},
	pages = {521--536},
	title = {The Effect of Additional Characters on Choice of Referring Expression: {{Everyone}} Counts\ding{73}},
	volume = {56},
	year = {2007}
}

@article{Arnold2001,
	author = {Arnold, Jennifer E.},
	doi = {10.1207/s15326950dp3102_02},
	journal = {Discourse Processes},
	month = {3},
	number = {2},
	pages = {137--162},
	title = {The Effect of Thematic Roles on Pronoun Use and Frequency of Reference Continuation},
	volume = {31},
	year = {2001}
}

@article{Arnold2000a,
	author = {Arnold, Jennifer E. and Losongco, Anthony and Wasow, Thomas and Ginstrom, Ryan},
	doi = {10.1353/lan.2000.0045},
	journal = {Language},
	number = {1},
	pages = {28--55},
	title = {Heaviness vs. {{N}}ewness: {{The}} Effects of Structural Complexity and Discourse Status on Constituent Ordering},
	volume = {76},
	year = {2000}
}

@article{Arnold2000,
	author = {Arnold, J},
	doi = {10.1016/s0010-0277(00)00073-1},
	journal = {Cognition},
	month = {7},
	number = {1},
	pages = {B13--B26},
	title = {The Rapid Use of Gender Information: {{E}}vidence of the Time Course of Pronoun Resolution from {E}yetracking},
	volume = {76},
	year = {2000}
}

@article{Ariel2004,
	author = {Ariel, Mira},
	doi = {10.1207/s15326950dp3702_2},
	journal = {Discourse processes},
	number = {2},
	pages = {91--116},
	priority = {prio1},
	readstatus = {read},
	title = {Accessibility Marking: {{Discourse}} Functions, Discourse Profiles, and Processing Cues},
	volume = {37},
	year = {2004}
}

@article{Almor2007,
	author = {Almor, Amit and Nair, Veena A.},
	doi = {10.1111/j.1749-818x.2007.00009.x},
	journal = {Language and Linguistics Compass},
	month = {3},
	number = {1-2},
	pages = {84--99},
	title = {The Form of Referential Expressions in Discourse},
	volume = {1},
	year = {2007}
}

@article{Almor1999,
	author = {Almor, Amit},
	doi = {10.1037/0033-295x.106.4.748},
	journal = {Psychological Review},
	number = {4},
	pages = {748--765},
	title = {Noun-Phrase Anaphora and Focus: {{The}} Informational Load Hypothesis.},
	volume = {106},
	year = {1999}
}

@article{Alday2018,
	author = {Alday, Phillip M.},
	doi = {10.1080/23273798.2018.1546882},
	journal = {Language, Cognition and Neuroscience},
	month = {11},
	number = {4},
	pages = {457--473},
	title = {M/{{{EEG}}} Analysis of Naturalistic Stories: {A} Review from Speech to Language Processing},
	volume = {34},
	year = {2018}
}

@article{Aissen2003,
	author = {Aissen, Judith},
	doi = {10.1023/a:1024109008573},
	journal = {Natural Language \& Linguistic Theory},
	number = {3},
	pages = {435--483},
	title = {Differential Object Marking: {{Iconicity}} vs. {{Economy}}},
	volume = {21},
	year = {2003}
}

@inbook{comreg2019,
	author = {Krahmer, Emiel and van Deemter, Kees},
	booktitle = {The {Oxford} Handbook of Reference},
	date = {2019-02},
	doi = {10.1093/oxfordhb/9780199687305.013.19},
	editor = {Gundel, Jeanette K. and Abbott, Barbara},
	pages = {410--456},
	publisher = {Oxford University Press},
	title = {Computational Generation of Referring Expressions: {{An}} Updated Survey},
	doi = {10.1093/oxfordhb/9780199687305.013.19},
	year = {2019},
}
