@misc{Blok2017,
	author = {Blok, Dominique},
	note = {Paper presented at 27th Colloquium on Generative Grammar:},
	title = {A plea for optional {QR}},
	year = {2017}
}


@article{BobaljikWurmbrand2005,
	author = {Bobaljik, Jonathan D. and Susi Wurmbrand},
	journal = {Natural Language and Linguistic Theory},
	number = {4},
	pages = {809--865},
	title = {The domain of agreement},
	volume = {23},
	year = {2005}
}


@article{BobaljikWurmbrand2007,
	author = {Bobaljik, Jonathan D. and Susi Wurmbrand},
	journal = {Journal of East Asian Linguistics},
	pages = {27--42},
	title = {Complex predicates, aspect, and anti-reconstruction},
	volume = {16},
	year = {2007}
}


@article{BobaljikWurmbrand2012,
	author = {Bobaljik, Jonathan D. and Susi Wurmbrand},
	journal = {Linguistic Inquiry},
	number = {3},
	pages = {371--421},
	title = {Word order and scope: {{T}}ransparent interfaces and the ¾ signature},
	volume = {43},
	year = {2012}
}


@incollection{Chomsky2000,
	address = {Cambridge, MA},
	author = {Chomsky, Noam},
	booktitle = {Step by step: {{{E}}}ssays on minimalist syntax in honor of Howard Lasnik},
	editor = {Martin, Roger, David Michaels and Juan Uriagereka},
	pages = {89--155},
	publisher = {MIT Press},
	title = {Minimalist inquiries: {{T}}he framework},
	year = {2000}
}


@book{Cinque2006,
	address = {Oxford Studies in Comparative Syntax: The cartography of syntactic structures. Oxford/New York},
	author = {Cinque, Guglielmo},
	publisher = {Oxford University Press},
	title = {Restructuring and functional heads},
	year = {2006}
}


@book{Ebina2020,
	address = {Yamagata},
	author = {Ebina, Sato},
	note = {A. thesis.},
	publisher = {Yamagata University B},
	title = {Kanoozyutugobun-ni okeru syukakumokutekigo-no sayooiki-ni tuite no bunseki [An analysis of the scope of nominative objects in the potential construction]},
	year = {2020}
}


@article{Funakoshi2020,
	author = {Funakoshi, Kenshi},
	journal = {The Linguistic Review},
	number = {1},
	pages = {117--146},
	title = {Verb-raising and {VP}-fronting in {Japanese}},
	volume = {37},
	year = {2020}
}


@misc{FunakoshiTakahashi2014,
	author = {Funakoshi, Kenshi and Masahiko Takahashi},
	note = {The 37th Annual Penn Linguistics Conference, 101-110.},
	title = {{LF} intervention effects and nominative objects in {Japanese}},
	year = {2014}
}


@incollection{Harada1976,
	address = {New York},
	author = {Harada, Shin-Ichi},
	booktitle = {Syntax and semantics 5: {{J}}apanese generative grammar},
	editor = {Masayoshi Shibatani},
	pages = {499--561},
	publisher = {Academic Press},
	title = {Honorifics},
	year = {1976}
}




@article{Hiraiwa2001,
  title={Multiple agree and the defective intervention constraint in Japanese},
  author={Hiraiwa, Ken},
  journal={MIT working papers in linguistics},
  volume={40},
  number={40},
  pages={67--80},
  year={2001},
  publisher={Citeseer}
}


@thesis{Hiraiwa2005,
	address = {Cambridge, MA},
	author = {Hiraiwa, Ken},
	school = {MIT},
	title = {Dimensions of symmetry in syntax: {{A}}greement and clausal architecture},
	year = {2005}
}


@misc{HojiTada1989,
	author = {Hoji, Hajime, Shigeru Miyagawa and Hiroyuki Tada},
	note = {Ms, University of Southern California, Ohio State University, and MIT.},
	title = {{NP}-movement in {Japanese}},
	year = {1989}
}


@book{Inoue1998,
	address = {Grant-in-Aid for COE Research Report (2A): Researching and verifying an advanced theory of human language, 1–34. Chiba},
	author = {Inoue, Kazuko},
	publisher = {Kanda University of International Studies},
	title = {Sentences without nominative subjects in {Japanese}},
	year = {1998}
}


@article{Kasai2018,
	author = {Kasai, Hironobu},
	journal = {Glossa: a journal of general linguistics 3(1):},
	pages = {1–29},
	title = {Case valuation after scrambling: {{N}}ominative objects in {Japanese}},
	volume = {127},
	year = {2018}
}


@book{Kataoka2006,
	address = {Tokyo},
	author = {Kataoka, Kiyoko},
	publisher = {Kuroshio Publishers},
	title = {Nihongo hiteibun-no kouzou [The structure of {Japanese} negative sentences]},
	year = {2006}
}


@book{Kishimoto2005,
	address = {Tokyo},
	author = {Kishimoto, Hideki},
	publisher = {Kurosio Publishers},
	title = {Toogokoozoo-to bunpookankei [Syntactic structures and grammatical relations]},
	year = {2005}
}


@article{Kishimoto2010,
	author = {Kishimoto, Hideki},
	journal = {Linguistics},
	number = {3},
	pages = {629--670},
	title = {Subjects and constituent structure in {Japanese}},
	volume = {48},
	year = {2010}
}



@article{Kishimoto2011,
	author = {Kishimoto, Hideki},
	journal = {Journal of East Asian Linguistics},
	number = {1},
	pages = {1--41},
	title = {Subject honorification and the position of subjects in {Japanese}},
	volume = {21},
	year = {2011}
}


@article{kishimoto2017case,
  title={Case marking},
  author={Kishimoto, Hideki},
  journal={Handbook of Japanese syntax},
  pages={447--495},
  year={2017}
}

@incollection{Kishimoto2017,
	address = {Berlin/Boston},
	author = {Kishimoto, Hideki},
	booktitle = {Handbook of {Japanese} syntax},
	editor = {Shibatani, Masayoshi, Miyagawa, Shigeru, and Mamoru Hisashi Noda},
	pages = {445--495},
	publisher = {De Gruyter Mouton},
	title = {Case marking},
	year = {2017}
}


@book{Kitaoka2014,
	address = {St. John’s, NL},
	author = {Kitaoka, Daiho},
	publisher = {Memorial University MA thesis},
	title = {(Non-)floating numeral quantifiers in {Japanese}},
	year = {2014}
}


@article{Koizumi1998,
	author = {Koizumi, Masatoshi},
	journal = {Journal of Japanese Linguistics},
	pages = {39--66},
	title = {Remarks on nominative objects},
	volume = {16},
	year = {1998}
}


@incollection{Koizumi2008,
	address = {Oxford},
	author = {Koizumi, Masatoshi},
	booktitle = {The handbook of {Japanese} linguistics},
	editor = {Miyagawa, Shigeru and Mamoru Saito},
	pages = {141--164},
	publisher = {Oxford University Press},
	title = {Nominative object},
	year = {2008}
}


@book{Kuno1973,
	address = {Cambridge, MA},
	author = {Kuno, Susumu},
	publisher = {MIT Press},
	title = {The structure of the {Japanese} language},
	year = {1973}
}


@incollection{Miyagawa1987,
	address = {Dordrecht},
	author = {Miyagawa, Shigeru},
	booktitle = {Issues in {Japanese} linguistics},
	editor = {Imai, Takashi and Mamoru.},
	pages = {273--300},
	publisher = {Foris Publications},
	title = {Restructuring in {Japanese}},
	year = {1987}
}


@book{Nomura2005,
	address = {Storrs, CT},
	author = {Nomura, Masashi},
	publisher = {University of Connecticut Dissertation},
	title = {Nominative Case and {AGREE}(ment)},
	year = {2005}
}


@misc{OchiSaruwatari2014,
	author = {Ochi, Masao and Asuka Saruwatari},
	note = {Poster presented at Formal Approaches to Japanese Linguistics (FAJL) 7.},
	title = {Nominative objects in {Japanese} and covert/overt movement},
	year = {2014}
}


@article{Oku2018,
	author = {Oku, Satoshi},
	journal = {Nanzan Linguistics},
	pages = {9--28},
	title = {Labeling and overt/covert movements},
	volume = {13},
	year = {2018}
}


@thesis{Saito1985,
	address = {Cambridge, MA},
	author = {Saito, Mamoru},
	school = {MIT},
	title = {Some asymmetries in {Japanese} and their theoretical implications},
	year = {1985}
}

@article{Saito2006a,
  title={Subjects of complex predicates: A preliminary study},
  author={Saito, Mamoru},
  journal={Stony Brook occasional papers in linguistics},
  volume={1},
  pages={172--188},
  year={2006},
  publisher={Department of Linguistics, Stony Brook University}
}


@incollection{Saito2006b,
	address = {Berlin},
	author = {Saito, Mamoru},
	booktitle = {Form, structure, and grammar: {{A}} festschrift presented to {Günther} {Grewendorf} on occasion of his 60th birthday},
	editor = {Brandt, Patrick and Eric Fuss},
	pages = {255–273},
	publisher = {Akademie Verlag},
	title = {{E}xpletive replacement reconsidered: {{{E}}}vidence from expletive verbs in {Japanese}},
	year = {2006b}
}


@incollection{Saito2010,
	address = {Hyderabad},
	author = {Saito, Mamoru},
	booktitle = {Universals and Variation: {{P}}roceedings of {GLOW} in {Asia} {VII} 2009},
	editor = {Mohanty, Rajat, and Mythili Menon},
	pages = {313--333},
	publisher = {EFL University Press},
	title = {On the scope properties of nominative phrases in {Japanese}},
	year = {2010}
}


@misc{SaitoHoshi1998,
	author = {Saito, Mamoru and Hiroto Hoshi},
	note = {In Report of the special research project for the typological investigation of languages and cultures of the East and West, 15-46. University of Tsukuba.},
	title = {Control in complex predicates},
	year = {1998}
}


@article{Sakai2000,
	author = {Sakai, Hiromu},
	journal = {Kyotodaigaku genngogaku kenkyuu},
	note = {. Kyoto University.},
	pages = {117--146},
	title = {Kotentekiruikeiron to hikakutougoron [Classic typology comparative syntax]},
	volume = {19},
	year = {2000}
}


@article{Sano1985,
	author = {Sano, Masaki},
	journal = {Descriptive and Applied Linguistics},
	note = {. International Christian University.},
	pages = {245--259},
	title = {{LF} movement in {Japanese}},
	volume = {18},
	year = {1985}
}




@book{Shibatani1978,
	address = {Tokyo},
	author = {Shibatani, Masayoshi},
	publisher = {Taishukan},
	title = {Nihongo-no bunseki [An analysis of {Japanese}]},
	year = {1978}
}


@article{ShimamuraWurmbrand2014,
	author = {Shimamura, Koji and Susi Wurmbrand},
	journal = {Formal Approaches to Japanese Linguistics (FAJL)},
	pages = {203--214},
	title = {Two types of restructuring in {Japanese}-Evidence from scope and binding},
	volume = {7},
	year = {2014}
}


@article{Tada1992,
	author = {Tada, Hiroaki},
	journal = {Journal of Japanese Linguistics},
	pages = {91--108},
	title = {Nominative objects in {Japanese}},
	volume = {14},
	year = {1992}
}


@book{Takahashi2011,
	address = {Storrs, CT},
	author = {Takahashi, Masahiko},
	publisher = {University of Connecticut Dissertation},
	title = {Some theoretical consequences of Case-marking in {Japanese}},
	year = {2011}
}


@article{Takano2003,
	author = {Takano, Yuji},
	journal = {Natural Language and Linguistic Theory},
	number = {4},
	pages = {779--834},
	title = {Nominative objects in {Japanese} complex predicate constructions: {{A}} prolepsis analysis},
	volume = {21},
	year = {2003}
}


@article{Takano2011,
	author = {Takano, Yuji},
	journal = {Journal of East Asian Linguistics},
	number = {3},
	pages = {229–254},
	title = {Double complement unaccusatives in {Japanese}: {{P}}uzzles and implications},
	volume = {20},
	year = {2011}
}


@article{Takubo1984,
	author = {Takubo, Yukinori},
	journal = {Nihongo-nihonbunka},
	note = {. Osaka University of Foreign Studies.},
	pages = {89--117},
	title = {Gendai nihongo-no basyo-o arawasu meisirui-ni-tuite [Nouns indicating places in Modern {Japanese}]},
	volume = {12},
	year = {1984}
}


@article{Ura1999,
	author = {Ura, Hiroyuki},
	journal = {Journal of East Asian Linguistics},
	pages = {223--254},
	title = {Checking theory and dative subject constructions in {Japanese} and {Korean}},
	volume = {8},
	year = {1999}
}


@book{Wurmbrand2001,
	address = {Berlin},
	author = {Wurmbrand, Susi},
	publisher = {Mouton de Gruyter},
	title = {Infinitives: {{R}}estructuring and clause structure},
	year = {2001}
}


@incollection{Wurmbrand2014,
	address = {Amsterdam},
	author = {Wurmbrand, Susi},
	booktitle = {Minimalism and beyond: {{R}}adicalizing the interfaces},
	editor = {Kosta, Peter, Lilia Schürcks, Steven Franks and Teodora Radev-Bork},
	pages = {139--177},
	publisher = {John Benjamins},
	title = {The merge condition: {{A}} syntactic approach to selection},
	year = {2014}
}


@incollection{Wurmbrand2015a,
	address = {Leiden},
	author = {Wurmbrand, Susi},
	booktitle = {Approaches to complex predicates},
	editor = {Nash, Léa and Pollet Samvelian},
	pages = {248--290},
	publisher = {Brill},
	title = {Complex predicate formation via voice incorporation},
	year = {2015a}
}


@article{Wurmbrand2015b,
	author = {Wurmbrand, Susi},
	journal = {North Eastern Linguistics Society Annual Meeting (NELS)},
	pages = {227--240},
	title = {Restructuring cross-linguistically},
	volume = {45},
	year = {2015b}
}


@book{Yatsushiro1999,
	address = {Storrs, CT},
	author = {Yatsushiro, Kazuko},
	publisher = {University of Connecticut Dissertation},
	title = {Case licensing and {VP} structure},
	year = {1999}
}
