@book{langsci-current-book, author = {Shaimaa Marzouk}, title = {{{Sprachkontrolle} {im} {Spiegel} {der} {Maschinellen} {Übersetzung}}}, subtitle = {{{Untersuchung} {zur} {Wechselwirkung} {ausgewählter} {Regeln} {der} {Kontrollierten} {Sprache} {mit} {verschiedenen} {Ansätzen} {der} {Maschinellen} {Übersetzung}}},year = {2022}, series = {Translation and Multilingual Natural Language Processing}, number = {20}, location = {Berlin}, publisher = {Language Science Press}, options = {dataonly=true} } 
