@book{langsci-current-book, editor = {Jorge Pinto\lastand NÃ©lia Alexandre}, title = {Multilingualism and third language acquisition}, subtitle = {Learning and teaching trends},year = {2021}, series = {Contact and Multilingualism}, number = {2}, location = {Berlin}, publisher = {Language Science Press}, options = {dataonly=true} } 
