
@article{Ackerman1988,
	title = {Determinants of Individual Differences during Skill Acquisition: {Cognitive} Abilities and Information Processing},
	volume = {117},
	number = {3},
	journal = {Journal of Experimental Psychology: General},
	author = {Ackerman, Philip L.},
	year = {1988},
	pages = {288--318}
}

@book{Anderson1995,
	address = {New York},
	title = {Cognitive psychology and its implications},
	publisher = {W.H. Freeman},
	author = {Anderson, John R.},
	year = {1995}
}

@book{AndresBehr2015,
	address = {Berlin},
	edition = {Transkulturalität -- Translation -- Transfer},
	title = {To Know How to Suggest: {Approaches} to Teaching Conference Interpreting},
        volume = {16},
	publisher = {Frank \& Timme},
	editor = {Andres, Dörte and Behr, Martina},
	year = {2015}
}

@incollection{AndresBodenFuchs2015,
	address = {Berlin},
	title = {The Sense and Senselessness of Preparatory Exercises for Simultaneous Interpreting},
	booktitle = {To Know How to Suggest… Approaches to Teaching Conference Interpreting},
	publisher = {Frank \& Timme},
	author = {Andres, Dörte and Boden, Sophia and Fuchs, Claudia},
	year = {2015},
	pages = {59--73}
}

@book{Baddeley1997,
	address = {Hove},
	title = {Human memory: {Theory} and practice.},
	publisher = {Psychology Press},
	author = {Baddeley, Alan},
	year = {1997}
}

@incollection{Baddeley2000,
	address = {Amsterdam},
	title = {Working Memory and Language Processing},
	booktitle = {Language processing and Simultaneous Interpreting},
	publisher = {Benjamins},
	editor = {Englund Dimitrova, Birgitta and Hyltenstam, Kenneth},
	year = {2000},
        author = {Baddeley, Alan},
	pages = {47--90}
}

@incollection{BaddeleyHitch1974,
	address = {New York},
	title = {Working Memory},
	volume = {VIII},
	booktitle = {The Psychology of Learning and Motivation - Advances in Research and Theory},
	publisher = {Academic Press},
	author = {Baddeley, Alan and Hitch, Graham},
	year = {1974}
}

@incollection{BallesterJiminezHurtado1992,
	address = {Amsterdam},
	title = {Approaches to the Teaching of Interpreting: {Mnemonic} and Analytic Strategies},
	booktitle = {Teaching Translation and Interpreting Training Talent and Experience. {Papers} from the First {Language} {International} {Conference}, {Elsinore}, {Denmark}, 1991},
	publisher = {Benjamins},
	author = {Ballester, Ana and Jiminez Hurtado, Catalina},
	year = {1992},
	pages = {237--244}
}

@incollection{ChabasseDingerfelderStone2015,
	address = {Berlin},
	title = {Capacity Management in Interpretation: {Efforts}, Directionality, and Language Pair Considerations},
	booktitle = {To Know How to Suggest… {Approaches} to Teaching Conference Interpreting},
	publisher = {Frank \& Timme},
	author = {Chabasse, Catherine and Dingerfelder Stone, Maren},
	year = {2015}
}

@article{Cowan2000,
	title = {Processing Limits of Selective Attention and Working Memory: {Potential} Implications for Interpreting},
	volume = {5},
	doi = {10.1075/intp.5.2.05cow},
	number = {2},
	journal = {Interpreting},
	author = {Cowan, Nelson},
	year = {2000},
	pages = {117--146}
}

@book{DollerupLoddegaard1992,
	address = {Amsterdam},
	title = {Teaching translation and interpreting: {Training}, talent, and experience},
	publisher = {Benjamins},
	editor = {Dollerup, Cay and Loddegaard, Anne},
	year = {1992}
}

@incollection{Ericsson1996,
	address = {Hillsdale, NJ, US},
	title = {The Acquisition of Expert Performance: {An} Introduction to Some of the Issues},
	booktitle = {The Road to Excellence: {The} Acquisition of Expert Performance in the Arts and Sciences, Sports, and Games},
	publisher = {Lawrence Erlbaum Associates},
	author = {Ericsson, Karl Anders},
	year = {1996},
	pages = {1--50}
}

@article{Ericsson2000,
	title = {Expertise in Interpreting: {An} Expert-Performance Perspective},
	volume = {5},
	doi = {10.1075/intp.5.2.08eri},
	number = {2},
	journal = {Interpreting},
	author = {Ericsson, Karl},
	year = {2000},
	pages = {187--200}
}

@incollection{Ericsson2001,
	address = {Brisbane, Australia},
	title = {The Path to Expert Golf Performance: {Insights} from the Masters on How to Improve Performance by Deliberate Practice},
	booktitle = {Optimising Performance in Golf},
	author={Ericsson, K Anders},
	publisher = {Australian Academic Press},
	editor = {Thomas, Patrick R.},
	year = {2001},
	pages = {1--57}
}

@incollection{Ericsson2002,
	address = {Malden},
	series = {Essential {Readings} in {Development} {Psychology}},
	title = {Attaining {Excellence} through {Deliberate} {Practice}: {Insights} from the {Study} of {Expert} {Performance}},
        author={Ericsson, K Anders},
	booktitle = {Teaching and {Learning}: {The} {Essential} {Readings}},
	publisher = {Blackwell Publishing},
	editor = {Desforges, Charles and Fox, Richard},
	year = {2002},
	pages = {4--37}
}

@article{EricssonEtAl1993,
	title = {The Role of Deliberate Practice in the Acquisition of Expert Performance},
	volume = {100},
	doi = {10.1037/0033-295X.100.3.363},
	number = {3},
	journal = {Psychological Review},
	author = {Ericsson, Karl Anders and Krampe, Ralf T. and Tesch-Römer, Clemens},
	year = {1993},
	pages = {363--406}
}

@phdthesis{Fan2012,
	address = {Newcastle},
	title = {The Development of Expertise in Interpreting through Self-Regulated Learning from Trainee Interpreters},
	school = {Newcastle University},
	author = {Fan, Dinghong},
	year = {2012}
}

@article{Gerver1975,
	title = {A Psychological Approach to Simultaneous Interpretation},
	volume = {20},
	doi = {10.7202/002885ar},
	number = {2},
	journal = {Meta: Journal Des Traducteurs / Meta: Translators Journal},
	author = {Gerver, David},
	year = {1975},
	pages = {119--128}
}

@incollection{Gerver1976,
	address = {New York},
	title = {Empirical Studies of Simultaneous Interpretation: {A} Review and a Model},
        author = {Gerver, David},
	booktitle = {Translation},
	publisher = {Gardner Press},
	editor = {Brislin, Richard W.},
	year = {1976},
	pages = {165--207}
}

@article{GerverEtAl1984,
	title = {Selecting Trainee Conference Interpreters: {A} Preliminary Study},
	volume = {57},
	number = {1},
	journal = {Journal of Occupational Psychology},
	author = {Gerver, David and Longley, Patricia and Long, John and Lambert, Sylvie},
	year = {1984},
	pages = {17--31}
}

@book{Gillies2013,
	address = {London},
	title = {Conference interpreting: {A} student s practice book},
	publisher = {Routledge},
	author = {Gillies, Andrew},
	year = {2013}
}

@incollection{Goldman-Eisler1972,
	address = {London},
	title = {Segmentation of Input in Simultaneous Interpretation},
	booktitle = {The Interpreting Studies Reader},
	publisher = {Routledge},
	author = {Goldman-Eisler, Frieda},
	editor = {Pöchhacker, Franz and Shlesinger, Miriam},
	year = {2002},
	pages = {68--76},
 	note = {First published in: \emph{Journal of psycholinguistic Research} 1.2 (1972): 127-140.}
	}

@article{HelsenEtAl1998,
	title = {Team Sports and the Theory of Deliberate Practice},
	volume = {20},
	doi = {10.1123/jsep.20.1.12},
	number = {1},
	journal = {Journal of Sport and Exercise Psychology},
	author = {Helsen, Werner F. and Starkes, Janet L. and Hodges, Nicola J.},
	year = {1998},
	pages = {12--34}
}

@incollection{Kalina1992,
	address = {Amsterdam},
	title = {Discourse Processing and Interpreting Strategies - an Approach to the Teaching of Interpreting},
	url = {https://benjamins.com/catalog/z.56.38kal},
	booktitle = {Teaching Translation and Interpreting: {Training}, Talent and Experience},
	publisher = {Benjamins},
	author = {Kalina, Sylvia},
	year = {1992}
}

@article{Kalina2000,
        author={Kalina, Sylvia},
	edition = {10},
	title = {Interpreting Competences as a Basis and a Goal for Teaching},
	url = {https://www.openstarts.units.it/handle/10077/2440},
	journal = {The Interpreters' Newsletter},
	year = {2000},
	pages = {3--32}
}

@incollection{Kurz1992,
	address = {Amsterdam},
	title = {``Shadowing" Exercises in Interpreter Training},
	booktitle = {Teaching Translation and Interpreting: {Training}, Talent and Experience},
	publisher = {Benjamins},
	author = {Kurz, Ingrid},
	year = {1992},
	pages = {245--250}
}

@inproceedings{Lambert1988,
	address = {Medford, New Jersey},
	title = {A Human Information Processing and Cognitive Approach to the Training of Simultaneous Interpreters},
	booktitle = {Languages at Crossroads, Proceedings of the 29th Annual Conference of the {American} {Translators} {Association}},
	publisher = {Learned Information},
	author = {Lambert, Sylvie},
	year = {1988}
}

@article{Moser-Mercer2000,
	title = {Simultaneous interpreting, Cognitive potential and limitations},
	volume = {5},
	number = {2},
	journal = {Interpreting},
	author = {Moser-Mercer, Barbara},
	year = {2000},
	pages = {83--94}
}

@phdthesis{PadillaBenitez1995,
	address = {Granada},
	title = {Procesos de memoria y atención en la interpretación de lenguas},
	school = {University of Granada},
	author = {Padilla Benítez, Presentación},
	year = {1995}
}

@article{KoninaEtAl2002,
        author = {Konina, A and Chernigovskaya, T and Alexeeva, S and Shramko, L},
	title = {Divided Attention in Simultaneous Interpreting: {A} Proposal for a Cognitive Training Method},
	volume = {1},
	journal = {Translation Studies: An International Forum of Translatology},
	year = {2002},
	pages = {139--168}
}

@article{PadillaBenitez2005,
        author={Padilla, Presentaci{\'o}n},
	title = {Cognitive Implications of the {English}-{Spanish} Direction for the Quality and the Training of Simultaneous Interpreting},
	volume = {38},
	number = {1-2},
	journal = {Communication and Cognition. Monographies},
	year = {2005},
	pages = {17--62}
}

@inproceedings{PippaRusso2002,
	address = {Amsterdam},
	title = {Aptitude for Conference Interpreting - A Proposal for a Testing Methodology Based on Paraphrase},
	booktitle = {Interpreting in the 21st Century - Challenges and Opportunities. {Selected} Papers from the 1st Forlì Conference on Interpreting Studies, 9-11 {November} 2000},
	publisher = {Benjamins},
	author = {Pippa, Salvador and Russo, Mariachiara},
	year = {2002},
	pages = {257--266}
}

@article{Russo2014,
	title = {Testing Aptitude for Interpreting, The Predictive Value of Oral Paraphrasing, with Synonyms and Coherence as Assessment Parameters},
	volume = {16},
	number = {1},
	journal = {Interpreting},
	author = {Russo, Mariachiara},
	year = {2014},
	pages = {1--18}
}

@article{RussoPippa2004,
	title = {Aptitude to Interpreting: {Preliminary} Results of a Testing Methodology Based on Paraphrase},
	volume = {49},
	number = {2},
	journal = {Meta: Journal Des Traducteurs / Meta: Translators Journal},
	author = {Russo, Mariachiara and Pippa, Salvador},
	year = {2004},
	pages = {409--432}
}

@article{SalminenStrobachSchubert2012,
	title = {Impacts of Working Memory Training on Executive Functioning},
	volume = {6},
	doi = {10.3389/fnhum.2012.00166},
	journal = {Frontiers in Human Neuroscience},
	author = {Salminen, Tiina and Strobach, Tilo and Schubert, Torsten},
	year = {2012},
	pages = {1--14}
}

@article{Schewda_Nicholson1990,
	title = {The Role of Shadowing in Interpreter Training},
	volume = {3},
	doi = {https://www.openstarts.units.it/handle/10077/2152},
	journal = {The Interpreters' Newsletter},
	author = {Schewda Nicholson, Nancy},
	year = {1990},
	pages = {33--37}
}

@article{Seeber2011,
	title = {Cognitive Load in Simultaneous Interpreting},
	volume = {13},
	doi = {10.1075/intp.13.2.02see},
	number = {2},
	journal = {Interpreting},
	author = {Seeber, Kilian},
	year = {2011},
	pages = {176--204}
}

@book{SettonDawrant2016a,
	address = {Amsterdam},
	series = {Benjamins translation library},
	title = {Conference Interpreting. {A} complete course},
	publisher = {Benjamins},
	author = {Setton, Robin and Dawrant, Andrew},
	year = {2016}
}

@book{SettonDawrant2016b,
        author={Setton, Robin and Dawrant, Andrew},
	address = {Amsterdam},
	series = {Benjamins translation library},
	title = {Conference {Interpreting}. {A} trainer's guide},
	publisher = {Benjamins},
	year = {2016}
}

@article{TimarovaEtAl2014,
	title = {Simultaneous Interpreting and Working Memory Executive Control},
	volume = {16},
	doi = {10.1075/intp.16.2.01tim},
	number = {2},
	journal = {Interpreting},
	author = {Timarová, Šárka and Čeňková, Ivana and Meylaerts, Reine and Hertog, Erik and Szmalec, Arnaud and Duyck, Wouter},
	year = {2014},
	pages = {139--168}
}

@incollection{FerreiraSchwieter2015,
	address = {Amsterdam},
	title = {Simultaneous Interpreting and Working Memory Capacity},
	booktitle = {Psycholinguistic and Cognitive Inquiries into Translation and Interpreting},
	publisher = {Benjamins},
	author = {Ferreira, Aline and Schwieter, John W.},
	year = {2015},
	pages = {101--126}
}

@incollection{TonelliRiccardi1995,
	address = {Turku},
	title = {Detection of Speech Errors during Shadowing},
	booktitle = {Topics in Interpreting Research},
	publisher = {University of Turku Centre for translation and interpreting},
	author = {Tonelli, Livia and Riccardi, Alessandra},
	year = {1995},
	pages = {135--144}
}

@incollection{vanDam1989,
	address = {Udine},
	title = {Strategies of Simultaneous Interpretation},
	booktitle = {The Theoretical and Practical Aspects of Teaching Conference Interpretation},
	publisher = {Campanotto},
	author = {van Dam, Ine M.},
	year = {1989}
}

@inproceedings{Wang2016,
	address = {Beijing},
	title = {Describing the Development of Interpreting Competence -- Based on a Longitudinal Observation on Chinese Students of Conference Interpreting},
	booktitle = {Interpreting Studies: {The} Way Forward},
	publisher = {Foreign Language Teaching and Research Press},
	author = {Wang, Binhua},
	year = {2016},
	pages = {150--165}
}

@article{WilmsPetersenVangkilde2013,
	title = {Intensive Video Gaming Improves Encoding Speed to Visual Short-Term Memory in Young Male Adults},
	volume = {142},
	doi = {10.1016/j.actpsy.2012.11.003},
	number = {1},
	journal = {Acta Psychologica},
	author = {Wilms, Inge L. and Petersen, Anders and Vangkilde, Signe},
	year = {2013},
	pages = {108--18}
}

@inproceedings{YenkimalekivanHeuven2013,
	address = {Valencia},
	title = {Effect of Memory Training on the Quality of Interpreting},
	booktitle = {{ICERI2013} {Proceedings}},
	publisher = {IATED},
	author = {Yenkimaleki, Mahmood and van Heuven, Vincent},
	year = {2013},
	pages = {4107--4114}
}

@article{YenkimalekivanHeuven2017,
	title = {The Effect of Memory Training on Consecutive Interpreting Performance by Interpreter Trainees},
	volume = {15},
	number = {1},
	journal = {FORUM - Revue Internationale d interprétation et de Traduction},
	author = {Yenkimaleki, Mahmood and van Heuven, Vincent},
	year = {2017},
	pages = {157--172}
}


@inproceedings{Andrade1998,
	address = {Lisbon},
	title = {Variação fonética do /l/ em ataque silábico em {Português} {Europeu}},
	booktitle = {Atas do {IX} {Encontro} {Nacional} da {Associação} {Portuguesa} de {Linguística}},
	publisher = {Universidade de Lisboa},
	author = {Andrade, Amália},
	year = {1998},
	pages = {55--76}
}

@article{ArchibalYoung-Scholtend2003,
	title = {The Second Language Segment Revisited},
	volume = {19},
	number = {3},
	journal = {Second Language Research},
	author = {Archibald, John and Young-Scholten, Martha},
	year = {2003},
	pages = {163--167}
}

@article{AoyamaEtAl2004,
	title = {Perceived phonetic dissimilarity and {L2} speech learning: {The} case of {Japanese} /r/ and {English} /l/ and /r/},
	volume = {32},
	doi = {10.1016/S0095-4470(03)00036-6},
	number = {2},
	journal = {Journal of Phonetics},
	author = {Aoyama, Katsura and Flege, James Emil and Guion, Ssusan and Akahane-Yamada, Reiko and Yamada, Tsuneo},
	year = {2004},
	pages = {233--250}
}

@book{AveryEhrlich1987,
	address = {London},
	title = {Preliminary considerations in the teaching of pronunciation},
	publisher = {TESL Center},
	author = {Avery, Peter and Ehrlich, Susan},
	year = {1987}
}

@book{Batalha1995,
	address = {Macau},
	title = {O {Português} falado e escrito pelos {Chineses} de {Macau}},
	publisher = {Instituto Cultural de Macau},
	author = {Batalha, Graciete Nogueira},
	year = {1995}
}

@article{BatesEtAl2015,
	title = {Fitting Linear mixed-effects models using lme4},
	volume = {67},
	journal = {Journal of Statistical Software},
	author = {Bates, Douglas and Mächler, Martin and Bolker, Ben M. and Walker, Steve},
	year = {2015},
	pages = {1--48}
}

@incollection{BestTyler2007,
	address = {Amsterdam/Philadelphia},
	title = {Nonnative and Second Language Speech Perception: {Commonalities} and Complementarities},
	booktitle = {Language Experience in Second Language Speech Learning: {I}n Honor of {James} {Emil} {Flege}},
	publisher = {John Benjamins Publishing Company},
	author = {Best, Catherine and Tyler, Michael},
	editor = {Bohn, Ocke-Schwen and Munro, Murray J.},
	year = {2007},
	pages = {13--34}
}

@misc{BoersmaWeenink2016,
	title = {Praat: Doing phonetics by computer. {Version} 6.0.15},
	url = {www.praat.org},
	journal = {Praat},
	author = {Boersma, Paul and Weenink, David},
	year = {2016}
}

@article{Brown1998,
	title = {The role of the {L1} grammar in the {L2} acquisition of segmental structure},
	volume = {14},
	number = {2},
	journal = {Second Language Research},
	author = {Brown, Cynthia},
	year = {1998},
	pages = {136--193}
}

@article{Carlisle1998,
	title = {The Acquisition of Onsets in a Markedness Relationship},
	volume = {20},
	doi = {10.1017/s027226319800206x},
	number = {2},
	journal = {Studies in Second Language Acquisition},
	author = {Carlisle, Robert},
	year = {1998},
	pages = {245--260}
}

@inproceedings{Chen2003,
	address = {University of Edinburgh},
	title = {Acquisition of {English} onset clusters by {Chinese} learners in {Taiwan}},
	url = {http://www.lel.ed.ac.uk/~pgc/archive/2003/proc03/Szu-wei_Chen03.pdf},
	author = {Chen, Szu-wei},
	year = {2003}
}

@incollection{Chen2014,
	address = {New York and London},
	title = {Becoming global citizens through bilingualism: {Language} policy and {Chinese} citizenship education in a globalising world},
	isbn = {978-0-415-50272-6},
	booktitle = {Citizenship Education in China: {Preparing} Citizens for `the {Chinese} century'},
	publisher = {Routledge Taylor \& Francis Group},
	author = {Chen, Yang Guang},
	year = {2014},
	pages = {144--156}
}

@article{Chih2013,
	title = {E/{LE} en {Taiwán}: {Problemas} de apreciación fonética en estudiantes universitarios de grado [{Spanish} as a {Foreign} {Language} in {Taiwan}: {Problems} with the phonetic assessment of undergraduate students]},
	volume = {9},
	journal = {SinoELE},
	author = {Chih, Martín Te-chi},
	year = {2013},
	pages = {17--32}
}

@incollection{ColantoniEtAl2004,
	address = {Amsterdam},
	title = {Reinterpreting the {CV} transition: {An} acoustic account of the emergence of the glide as an allophone of the palatal lateral in {Argentine} {Spanish}},
	booktitle = {Contemporary approaches to {Romance} linguistics},
	publisher = {John Benjamins Publishing Company},
	author = {Colantoni, Laura},
	editor = {Clements, J. Clancy and Vance, Barbara Jane and Auger, Julie},
	year = {2004},
	pages = {83--102}
}

@article{ColantoniSteele2007,
	title = {Voicing Dependent Cluster Simplification Asymmetries in Spanish and French},
	doi = {10.1075/cilt.282.09col},
	journal = {Segmental and Prosodic Issues in Romance Phonology},
	author = {Colantoni, Laura and Steele, Jeffrey},
	month = {11},
	year = {2007},
	pages = {109--129}
}

@article{ColantoniSteele2008,
	title = {Integrating articulatory constraints into models of second language phonological acquisition},
	volume = {29},
	doi = {10.1017/S0142716408080223},
	language = {en},
	number = {3},
	journal = {Applied Psycholinguistics},
	author = {Colantoni, Laura and Steele, Jeffrey},
	month = {7},
	year = {2008},
	pages = {489--534}
}

@book{ColantoniEtAl2015,
	address = {Cambridge},
	title = {Second Language Speech: {Theory} and Practice},
	publisher = {Cambridge University Press},
	author = {Colantoni, Laura and Steele, Jeffrey and Escudero, Paola},
	year = {2015}
}

@inproceedings{Cristofaro-Silva2003,
	address = {Barcelona},
	title = {Sound Change in Tautossyllabic Consonantal Clusters in Brazilian Portuguese},
	volume = {1},
	booktitle = {Proceedings of the 15th {International} {Congress} of {Phonetic} {Sciences}},
	author = {Cristófaro-Silva, Thaïs},
	year = {2003},
	pages = {1675--1678}
}

@incollection{DiehlFayAinsworth2000,
	address = {New York},
	title = {Explaining the structure of feature and phoneme inventory: {The} role of auditory distinctiveness},
	booktitle = {Speech processing in the auditory system},
	publisher = {Springer},
	author = {Diehl, Randy and Lindlblom, Björn},
	editor = {Greenberg, Steven and Fay, Richard R. and Ainsworth, William},
	year = {2000},
	pages = {101--162}
}

@incollection{Duanmu2005,
	address = {Oxford},
	edition = {2nd Edition},
	title = {Chinese ({Mandarin}): {Phonology}},
	booktitle = {Encyclopedia of {Language} and {Linguistics}},
	publisher = {Elsevier Publishing House},
	author = {Duanmu, San},
	editor = {Brown, Keith},
	year = {2005},
	pages = {351--355}
}

@book{Duanmu2007,
	address = {Oxford},
	edition = {2nd Edition},
	title = {The Phonology of {Standard} {Chinese}},
	publisher = {Oxford University Press},
	author = {Duanmu, San},
	year = {2007}
}

@inproceedings{Enochson2014,
	address = {Concordia},
	title = {L2 Production of English Onset {sC} and {CC} Clusters},
	volume = {5},
	booktitle = {Proceedings of the {International} {Symposium} on the {Acquisition} of {Second} {Language} {Speech} {Concordia} {Working} {Papers} in {Applied} {Linguistics}},
	publisher = {Concordia University},
	author = {Enochson, Kelly},
	year = {2014},
	pages = {171--184}
}

@article{EscuderoHayes-HarbMitterer2008,
	title = {Novel second-language words and asymmetric lexical access},
	volume = {36},
	doi = {10.1016/j.wocn.2007.11.002},
	number = {2},
	journal = {Journal of Phonetics},
	author = {Escudero, Paola and Hayes-Harb, Rachel and Mitterer, Holger},
	year = {2008},
	pages = {345--360}
}

@phdthesis{Fikkert1994,
	address = {The Hague},
	title = {On the acquisition of prosodic structure},
	school = {Leiden University},
	author = {Fikkert, Paula},
	year = {1994}
}

@incollection{Flege1995,
	address = {Timonium, MD},
	title = {Second Language Speech Learning: {Theory}, Findings and Problems},
	booktitle = {Speech Perception and Linguistic Experience: {Issues} in Cross Language Research},
	publisher = {New York Press},
	author = {Flege, James},
	year = {1995},
	pages = {233--277}
}

@phdthesis{Freitas1997,
	address = {Lisbon},
	title = {Aquisição da estrutura silábica do {Português} {Europeu}},
	school = {Universidade de Lisboa},
	author = {Freitas, Maria João},
	year = {1997}
}

@article{Freitas2003,
	title = {The acquisition of onset clusters in {European} {Portuguese}},
	volume = {15},
	journal = {Probus},
	author = {Freitas, Maria João},
	year = {2003},
	pages = {27--46}
}

@article{GickEtAl2004,
	title = {Language-specific articulatory settings: {Evidence} from inter-utterance rest position},
	volume = {61},
	journal = {Phonetica},
	author = {Gick, Bryan and Wilson, Ian and Koch, Karsten and Cook, Clare},
	year = {2004},
	pages = {220--233}
}

@article{Graham2017,
	title = {An Optimality–theoretic Account of the Evolution of Intervocalic Sonorants from {Latin} to {Spanish} and {Portuguese}},
	volume = {16},
	number = {3},
	journal = {Journal of Portuguese Linguistics},
	author = {Graham, Lamar},
	year = {2017},
	pages = {1--20}
}

@inproceedings{GuanKwon2016,
	address = {Honolulu, USA},
	title = {Phonotactic and prosodic adaptation of non-native consonant sequences by {Mandarin} native speakers},
	booktitle = {Poster presented at 172nd {Meeting} of the {Acoustical} {Society} of {America}},
	author = {Guan, Qianwen and Kwon, Harim},
	year = {2016}
}

@article{HalleBest2007,
	title = {Dental-to-velar perceptual assimilation: {A} cross-linguistic study of the perception of dental stop +/l/ clusters},
	volume = {121},
	number = {5},
	journal = {Journal of the Acoustical Society of America},
	author = {Hallé, Pierre and Best, Catherine},
	year = {2007},
	pages = {2899--2914}
}

@article{Hayes-HarbMasuda2008,
	title = {Development of the ability to lexically encode novel second language phonemic contrasts},
	volume = {24},
	url = {http://journals.sagepub.com/doi/10.1177/0267658307082980},
	doi = {10.1177/0267658307082980},
	language = {en},
	number = {1},
	journal = {Second Language Research},
	author = {Hayes-Harb, Rachel and Masuda, Kyoko},
	month = {1},
	year = {2008},
	pages = {5--33},
	file = {Texto Completo:C\:\\Users\\Miguel\\Zotero\\storage\\E5RZISIV\\Hayes-Harb e Masuda - 2008 - Development of the ability to lexically encode nov.pdf:application/pdf}
}

@article{He2014,
	title = {Production of {English} Syllable Final /l/ by {Mandarin} {Chinese} Speakers},
	volume = {5},
	url = {http://www.academypublication.com/issues/past/jltr/vol05/04/03.pdf},
	doi = {10.4304/jltr.5.4.742-750},
	number = {4},
	journal = {Journal of Language Teaching and Research},
	author = {He, Yunjuan},
	month = {7},
	year = {2014},
	pages = {742--750},
	}

@incollection{IversonEtAl2001,
	address = {London},
	title = {A perceptual interference account of acquisition difficulties for non-native phonemes},
	volume = {13},
	booktitle = {Speech, hearing and language: {Work} in progress},
	publisher = {University College London Department of Phonetics and Linguistics},
	author = {Iverson, Paul and Kuhl, Patricia and Akahane-Yamada, Reiko and Diesch, Eugen and Tohkura, Yohich and Kettermann, Andreas and Siebert, Claudia},
	year = {2001},
	pages = {106--118}
}

@inproceedings{Kojima2014,
	address = {Somerville, MA},
	title = {Learners’ Proficiency and Lexical Encoding of the Geminate / Non-geminate Contrast in Japanese},
	booktitle = {Selected Proceedings of the 2012 {Second} {Language} {Research} {Forum}},
	publisher = {Cascadilla Proceedings Project},
	author = {Kojima, Chisato and Darcy, Isabelle},
	editor = {Miller, Ryan T.},
	year = {2014},
	pages = {30--38}
}

@article{LlamaEtAl2010,
	title = {The influence of language distance and language status on the acquisition of {L3} phonology},
	volume = {7},
	number = {1},
	journal = {International Journal of Multilingualism},
	author = {Llama, Raquel and Cardoso, Walcir and Collins, Laura},
	year = {2010},
	pages = {39--57}
}

@book{Lin2007,
	address = {Cambridge},
	title = {The Sounds of {Chinese}},
	publisher = {Cambridge University Press},
	author = {Lin, Yen-Hwei},
	year = {2007}
}

@incollection{Major2008,
	address = {Amsterdam},
	title = {Transfer in second language phonology: {A} review},
	booktitle = {Phonology and Second Language Acquisition},
	publisher = {John Benjamins Publishing Company},
	author = {Major, Roy},
	year = {2008},
	pages = {63--94}
}

@mastersthesis{Marques2010,
	address = {Aveiro},
	title = {A Variação Fonética da Lateral Alveolar no {Português} {Europeu}},
	school = {Universidade de Aveiro},
	author = {Marques, Isabelle},
	year = {2010}
}

@mastersthesis{Martins2008,
	address = {Aveiro},
	title = {O português dos chineses em {Portugal}: {O} caso dos imigrantes da área do comércio e restauração em Águeda},
	school = {Universidade de Aveiro},
	author = {Martins, Marlene Moreira},
	year = {2008}
}

@book{MateusAndrade2000,
	address = {Oxford},
	title = {The Phonology of {Portuguese}},
	publisher = {Oxford University Press},
	author = {Mateus, Maria Helena and D'Andrade, Ernesto},
	year = {2000}
}

@book{MateusEtAl2016,
	address = {Lisboa},
	title = {Fonética e {Fonologia} do {Português}},
	publisher = {Universidade Aberta},
	author = {Mateus, Maria Helena and Falé, Isabel and Freitas, Maria João},
	year = {2016}
}

@phdthesis{Miguel2018,
	address = {Lisboa},
	title = {Integração morfológica e fonológica de empréstimos lexicais bantos no {Português} {Oral} de {Luanda}},
	school = {Universidade de Lisboa},
	author = {Miguel, Afonso João},
	year = {2018}
}

@mastersthesis{Monteiro2012,
	address = {Aveiro},
	title = {Variação Dialetal das Laterais do {Português} {Europeu}},
	school = {Universidade de Aveiro},
	author = {Monteiro, Diana},
	year = {2012}
}

@article{Nunes2015,
	title = {An Overall Analysis on Chinese Students Learning European Portuguese as a Second Language},
	volume = {3},
	number = {2},
	journal = {GSTF International Journal of Law and Social Sciences},
	author = {Nunes, Ana},
	year = {2015},
	pages = {33--39}
}

@mastersthesis{Oliveira2016,
	address = {Braga},
	title = {Perceção e Produção de Sons Consonânticos do {Português} {Europeu} por Aprendentes {Chineses}},
	school = {Universidade do Minho},
	author = {Oliveira, Diana},
	year = {2016}
}

@article{OliveiraEtAl2016,
	title = {Effects of language experience on the discrimination of the {Portuguese} palatal lateral by nonnative listeners},
	volume = {30},
	number = {8},
	journal = {Clinical Linguistics and Phonetics},
	author = {Oliveira, Daniela Santos and Casenhiser, Devin and Hedrick, Mark and Teixeira, António and Bunta, Ferenc},
	year = {2016},
	pages = {569--583}
}

@article{ParkDeJong2017,
	title = {Perceptual category mapping between {English} and {Korean} obstruents in non-{CV} positions: {Prosodic} location effects in second language identification skills},
	volume = {62},
	shorttitle = {Perceptual category mapping between {English} and {Korean} obstruents in non-{CV} positions},
	url = {https://linkinghub.elsevier.com/retrieve/pii/S009544701730013X},
	doi = {10.1016/j.wocn.2017.01.005},
	language = {en},
	journal = {Journal of Phonetics},
	author = {Park, Hanyong and de Jong, Kenneth J.},
	month = {5},
	year = {2017},
	pages = {12--33}
}

@mastersthesis{Pereira2020,
	address = {Lisboa},
	title = {O {R}-forte em {Português} {Europeu}: {Análise} fonológica de dados dialetais},
	school = {Universidade de Lisboa},
	author = {Pereira, Rodrigo},
	year = {2020}
}

@book{r_core_team_r_2019,
	address = {Vienna},
	title = {R: {A} language and environment for statistical computing},
	publisher = {R Foundation for Statistical Computing},
	author = {{R Core Team}},
	year = {2019}
}

@article{RecasensEspinosa2005,
	title = {Articulatory, positional and coar- ticulatory characteristics for clear /l/ and dark /l/: {E}vidence from two {Catalan} dialects},
	volume = {35},
	number = {1},
	journal = {Journal of the International Phonetic Association},
	author = {Recasens, Daniel and Espinosa, Aina},
	year = {2005},
	pages = {1--25}
}

@incollection{RecasensEspinosa2010,
	address = {München},
	title = {A perceptual analysis of the articu- latory and acoustic factors triggering dark /l/ vocalization},
	booktitle = {Experimental Phonetics and Sound Change},
	publisher = {Lincom Europa},
	author = {Recasens, Daniel and Espinosa, Aina},
	editor = {Recasens, Daniel and Sánchez Miret, Fernando and Wireback, Kenneth},
	year = {2010},
	pages = {71--82}
}

@article{Recasens2013,
	title = {On the articulatory classification of (alveolo)palatal consonants},
	volume = {43},
	url = {https://www.cambridge.org/core/product/identifier/S0025100312000199/type/journal_article},
	doi = {10.1017/S0025100312000199},
	language = {en},
	number = {1},
	urldate = {2020-08-26},
	journal = {Journal of the International Phonetic Association},
	author = {Recasens, Daniel},
	month = {4},
	year = {2013},
	pages = {1--22}
}

@inproceedings{RennickeMartins2013,
	address = {Coimbra},
	title = {As realizações fonéticas de /ʀ/ em portugûes europeu: {Análise} de um corpus dialetal e implicações no sistema fonológico},
	booktitle = {Textos {Selecionados} do {XXVIII} {Encontro} {Nacional} da {Associação} {Portuguesa} de {Linguística}},
	publisher = {Associação Portuguesa de Linguística},
	author = {Rennicke, Iris and Martins, Pedro},
	editor = {Silva, Fátima and Pereira, Isabel and Falé, Isabel},
	year = {2013},
	pages = {509--523}
}

@phdthesis{Rodrigues2015,
	address = {Lisboa},
	title = {Caracterização acústica das consoantes líquidas do {Português} {Europeu}},
	school = {Universidade de Lisboa},
	author = {Rodrigues, Susana},
	year = {2015}
}

@incollection{RoseMacwhinney2014,
	address = {Oxford},
	title = {The {PhonBank} Project: {Data} and Software-Assisted Methods for the Study of Phonology and Phonological Development},
	booktitle = {The {Oxford} {Handbook} of {Corpus} {Phonology}},
	publisher = {Oxford University Press},
	author = {Rose, Yvan and Macwhinney, Brain},
	editor = {Durand, Jaques and Gut, Ulrike and Kristoffersen, Gjert},
	year = {2014},
	pages = {308--401}
}

@incollection{Selkirk1982,
	address = {Dordrecht},
	title = {The syllable},
	volume = {2},
	booktitle = {The structure of phonological representations},
	publisher = {Foris},
	author = {Selkirk, Elisabeth},
	editor = {van der Hulst, Harry and Smith, Norval},
	year = {1982},
	pages = {337--384}
}

@mastersthesis{Silva2014,
	address = {Aveiro},
	title = {Análise Acústica da Vibrante Simples do {Português} {Europeu}},
	school = {Universidade de Aveiro},
	author = {Silva, Ana},
	year = {2014}
}

@article{SproatFujimura1993,
	title = {Allophonic variation in {English} /l/ and its implications for phonetic implementation},
	volume = {21},
	number = {3},
	journal = {Journal of Phonetics},
	author = {Sproat, Richard and Fujimura, Osamu},
	year = {1993},
	pages = {291--311}
}

@phdthesis{Steele2002,
	address = {Montreal, Canada},
	title = {Representation and phonological licensing in the {L2} acquisition of prosodic complexity},
	school = {McGill University},
	author = {Steele, Jeffrey},
	year = {2002}
}

@article{Strange2011,
	title = {Automatic selective perception ({ASP}) of first and second language speech: {A} working model},
	volume = {39},
	shorttitle = {Automatic selective perception ({ASP}) of first and second language speech},
	url = {https://linkinghub.elsevier.com/retrieve/pii/S0095447010000689},
	doi = {10.1016/j.wocn.2010.09.001},
	language = {en},
	number = {4},
	urldate = {2020-08-26},
	journal = {Journal of Phonetics},
	author = {Strange, Winifred},
	month = {10},
	year = {2011},
	pages = {456--466}
}

@incollection{Swiecinski2013,
	address = {Heidelberg},
	title = {An {EMA} study of articulatory settings in {Polish} speakers of {English}},
	booktitle = {Teaching and Researching EnglishAccents in Native and Non-native Speakers},
	publisher = {Springer Publications},
	author = {Święciński, Radek},
	editor = {Waniek-Klimczak, Ewa and Shockey, Linda R.},
	year = {2013},
	pages = {73--82}
}

@inproceedings{Tremblay2007,
	address = {Freiburg, Germany},
	title = {L2 influence on {L3} pronunciation: {Native}-like {VOT} in the {L3} {Japanese} of {English}-{French} bilinguals},
	booktitle = {Paper presented at the {L3} {Phonology} {Satellite} {Workshop} of {ICPhS} {XVI}},
	author = {Tremblay, Marie Claude},
	year = {2007}
}

@phdthesis{Waltmunson2005,
	address = {Seattle},
	title = {The relative degree of difficulty of {Spanish} /t, d/, trill and tap by {L1} {English} speakers: {Auditory} and acoustic methods of defining pronunciation accuracy},
	school = {University of Washington},
	author = {Waltmunson, Jeremy},
	year = {2005}
}

@article{WilsonGick2014,
	title = {Bilinguals use language-specific articulatory settings},
	volume = {57},
	journal = {Journal of Speech, Language, and Hearing Research},
	author = {Wilson, Ian and Gick, Bryan},
	year = {2014},
	pages = {361--373}
}

@phdthesis{Wong2017,
	address = {Urbana-Champaign, USA},
	title = {Investigating sources of phonological rarity and instability: {A} study of the palatal lateral approximant in {Brazilian} {Portuguese}},
	school = {University of Illinois},
	author = {Wong, Nicole},
	year = {2017}
}

@inproceedings{Xing2019,
	address = {Paris},
	title = {Onset /{R}/-ticulation in {Mandarin}},
	booktitle = {Paper presented at ‘{R}-atics6},
	author = {Xing, Kaiyue},
	year = {2019}
}

@mastersthesis{Zhou2017,
	address = {Lisboa},
	title = {Contributo para o estudo da aquisição das consoantes líquidas do português europeu por aprendentes chineses},
	school = {Universidade de Lisboa},
	author = {Zhou, Chao},
	year = {2017}
}

@article{Zhu2007,
	title = {Jinyin-fulun {Putonghua} rimu [{About} approximant]},
	volume = {1},
	journal = {Fangyan},
	author = {Zhu, Xiaonong},
	year = {2007},
	pages = {2--9}
}

@article{ZimmerAlves2012,
	title = {Uma visão dinâmica da produção da fala em {L2}: {O} caso da {Dessonorização} {Terminal}},
	volume = {11},
	number = {1},
	journal = {Revista da Abralin},
	author = {Zimmer, Márcia and Alves, Ubiritã},
	pages = {221--272},
        year = {2012}
}

@article{BastianOberauer2014,
  title={Effects and mechanisms of working memory training: a review},
  author={Von Bastian, Claudia C and Oberauer, Klaus},
  journal={Psychological research},
  volume={78},
  number={6},
  pages={803--820},
  year={2014},
  publisher={Springer}
}

@article{Allegro2010,
	title = {A percepção das vogais do português por hispanofalantes: {Um} estudo envolvendo paulistanos e rioplatenses},
	volume = {22},
	journal = {Revista Intercâmbio},
	author = {Allegro, Fernando},
	year = {2010},
	pages = {56--71}
}

@inproceedings{Bailey2013,
	address = {Somerville, MA},
	title = {Similar, yet different: {Acquisition} of {Brazilian} {Portuguese} nasal vowels by {Spanish}-{English} bilinguals},
	url = {http://www.lingref.com/cpp/hls/16/paper2930.pdf},
	booktitle = {Selected {Proceedings} of the 16th {Hispanic} {Linguistics} {Symposium}},
	publisher = {Cascadilla Proceedings Project},
	author = {Bailey, Ann},
	editor = {Amaro, Jennifer and Lord, J. and Prada Pérez, Ana and Aaron, Jessi},
	year = {2013},
	pages = {128--142}
}

@book{BatemanEtAl2016,
	address = {Ronkonkoma, NY},
	title = {Perspectivas: {Português} para falantes de espanhol},
	publisher = {Linus Learning},
	author = {Bateman, Blair and Mattos, Marilena and Brasileiro, Marcos and Pérez Knapp, Nieves},
	year = {2016}
}

@article{BatemanOliveira2014,
	title = {Students’ motivations for choosing (or not) to study {Portuguese}: {A} survey of beginning university-level classes},
	volume = {97},
	url = {https://www.jstor.org/stable/pdf/24368776.pdf},
	number = {2},
	journal = {Hispania},
	author = {Bateman, Blair and Oliveira, Desirée},
	year = {2014},
	pages = {264--280}
}

@article{Beaudrie2017,
	title = {The teaching and learning of spelling in the {Spanish} heritage language classroom: {Mastering} written accent marks},
	volume = {100},
	number = {4},
	journal = {Hispania},
	author = {Beaudrie, Sara M.},
	year = {2017},
	pages = {596--611}
}

@article{Bowles2011,
	title = {Measuring implicit and explicit linguistic knowledge: {What} can heritage language learners contribute?},
	volume = {33},
	journal = {Studies in Second Language Acquisition},
	author = {Bowles, Melissa},
	year = {2011},
	pages = {247--271}
}

@article{CabrelliAmaroWrembel2016,
	title = {Investigating the acquisition of phonology in a third language: {A} state of the science and an outlook for the future},
	volume = {13},
	udoi = {10.1080/14790718.2016.1217601},
	number = {4},
	journal = {International Journal of Multilingualism},
	author = {Cabrelli Amaro, Jennifer and Wrembel, Magdalen},
	year = {2016},
	pages = {395--409}
}

@article{Carvalho2002,
	title = {Português para falantes de espanhol: {Perspectivas} de um campo de pesquisa},
	volume = {85},
	number = {3},
	journal = {Hispania},
	author = {Carvalho, Ana M.},
	year = {2002},
	pages = {597--608}
}

@article{CarvalhoSilva2006,
	title = {Cross-linguistic Influence in third language acquisition: {The} case of {Spanish}-{English} bilinguals’ acquisition of {Portuguese}},
	volume = {39},
	number = {2},
	journal = {Foreign Languages Annals},
	author = {Carvalho, Ana M. and Silva, Antonio J. B.},
	year = {2006},
	pages = {185--202}
}

@article{CarvalhoEtAl2010,
	title = {Teaching {Portuguese} for {Spanish} speakers: {A} case for trilingualism},
	volume = {93},
	url = {https://www.jstor.org/stable/25703395},
	number = {1},
	journal = {Hispania},
	author = {Carvalho, Ana and Freire, Juliana and Silva, Antonio},
	year = {2010},
	pages = {70--75}
}

@article{Cenoz2011,
	title = {Focus on multilingualism: {A} study of trilingual writing},
	volume = {95},
	url = {https://onlinelibrary.wiley.com/doi/pdf/10.1111/j.1540-4781.2011.01206.x},
	number = {3},
	journal = {The Modern Language Journal},
	author = {Cenoz, Jasone},
	year = {2011},
	pages = {356--369}
}

@incollection{ChildEtAl2017,
	address = {Amsterdam},
	title = {The typological primacy model and bilingual types: {Transfer} differences between {Spanish}/{English} bilinguals in {L3} {Portuguese} acquisition},
	booktitle = {Multidisciplinary approaches to bilingualism in the hispanic and lusophone world},
	publisher = {John Benjamins Publishing Company},
	author = {Child, Michael},
	editor = {Bellamy, Kate and Child, Michael and González, Paz and Muntendam, Antje and Couto, María},
	year = {2017},
	pages = {41--64}
}

@phdthesis{Child2014,
	address = {Tucson},
	title = {Cross-linguistic {Influence} in the {L3} acquisition of {Portuguese}: {Language} learning perceptions and the transfer of mood distinctions by three groups of {Spanish}- {English} bilinguals},
	school = {University of Arizona},
	author = {Child, Michael},
	year = {2014}
}

@article{Child2013,
	title = {Language learning perceptions: {The} role of {Spanish} in {L3} {Portuguese} acquisition},
	volume = {7},
	url = {http://www.ensinoportugues.org/wp-content/uploads/2013/11/Child-2013-Language-Learning-Perceptions-The-Role-of-Spanish-in-L3-Portuguese-Acquisition.pdf},
	journal = {Portuguese Language Journal},
	author = {Child, Michael},
	year = {2013},
	pages = {1--55}
}

@inproceedings{Coorrea2011,
	address = {Somerville, MA},
	title = {Heritage language learners of {Spanish}: {What} role does metalinguistic knowledge play in their acquisition of the subjunctive?},
	url = {http://citeseerx.ist.psu.edu/viewdoc/download?doi=10.1.1.655.2137&rep=rep1&type=pdf},
	booktitle = {Selected proceedings of the 13th {Hispanic} {Linguistics} {Symposium}},
	publisher = {Cascadilla Proceedings Project},
	author = {Coorrea, Maite},
	editor = {Ortiz, Luís},
	pages = {128--138},
        year = {2011}
}

@incollection{DonatoOliva2015,
	address = {New York, NY},
	title = {The ties that bind: {Italian} for {Spanish} speakers in intercomprehension},
	booktitle = {Intercomprehension and multilingualism: {Teaching} {Italian} to {Romance} language speakers},
	publisher = {Calandra Institute Transactions},
	author = {Donato, Clorinda and Oliva, Cedric},
	editor = {Dolci, Roberto and Tamburri, Anthony},
	year = {2015},
	pages = {61--78}
}

@article{DonatoPasquarelli-Gascon2015,
	title = {Language of the other: {Italian} for {Spanish} speakers through intercomprehension},
	volume = {92},
	url = {https://www.jstor.org/stable/pdf/43895295.pdf},
	number = {3},
	journal = {Italica},
	author = {Donato, Clorinda and Pasquarelli-Gascon, Violet},
	year = {2015},
	pages = {713--736}
}

@article{Gorter2017,
	title = {Linguistic landscapes and trends in the study of schoolscapes},
	volume = {4},
	url = {https://www.sciencedirect.com/science/article/pii/S0898589817302899},
	journal = {Linguistics and Education},
	author = {Gorter, Durk},
	year = {2017},
	pages = {80--85}
}

@book{EscobarPotowski2015,
	title = {El español de los {Estados} {Unidos}},
	publisher = {Cambridge University Press},
	author = {Escobar, Anna and Potowski, Kim},
	year = {2015}
}

@article{FeidenEtAl2014,
	title = {O efeito da anterioridade e da altura na identificação das vogais medias altas e medias baixas do português brasileiro por falantes de espanhol},
	volume = {40},
	url = {https://www.lume.ufrgs.br/bitstream/handle/10183/97098/000919203.pdf?sequence=1},
	number = {1},
	journal = {Letras de Hoje},
	author = {Feiden, Juliana and Alves, Ubiratã and Finger, Ingrid},
	year = {2014},
	pages = {85--94}
}

@incollection{Jensen1989,
	address = {Austin, TX},
	title = {Evaluating {Portuguese} performance of {Spanish}-speaking students},
	booktitle = {Negotiating for meaning: {Papers} on foreign language teaching and testing},
	publisher = {Department of Foreing Language Education Studies},
	author = {Jensen, John},
	editor = {Koike, Dale and Simões, Antonio},
	year = {1989},
	pages = {119--130}
}

@article{Jensen1989b,
	title = {On the mutual intelligibility of {Spanish} and {Portuguese}},
	volume = {72},
	url = {https://www.jstor.org/stable/343562?seq=1#metadata_info_tab_contents},
	number = {4},
	journal = {Hispania},
	author = {Jensen, John},
	year = {1989},
	pages = {848--852}
}


@incollection{Johnson2004,
	address = {Campinas, São Paulo},
	title = {What is a {Spanish} speaker?},
	booktitle = {Português para falantes de espanhol-{Portuguese} for {Spanish} speakers},
	publisher = {Editora Pontes},
	author = {Johnson, Keith},
	editor = {Simões, Antonio and Carvalho, Ana and Wiedmann, Lyris},
	year = {2004}
}

@misc{Kelm2006,
	title = {Tá falado! {Brazilian} {Portuguese} pronunciation for speakers of {Spanish}},
	url = {https://www.coerll.utexas.edu/brazilpod/tafalado/},
	journal = {Ta falado},
	author = {Kelm, Orlando},
	year = {2006}
}

@incollection{KoikeFlanzer2004,
	address = {Campinas},
	title = {Pragmatic transfer from {Spanish} to {Portuguese} as an {L3}: {Requests} and apologies},
	booktitle = {Portuguese for {Spanish} speakers: {Acquisition} and teaching/{Português} para falantes de {Espanhol}: {Acquisição} e ensino},
	publisher = {Pontes},
	author = {Koike, Dale and Flanzer, Vivian},
	editor = {Wiedmann, Lyris and Scaramucci, Matilde},
	year = {2004},
	pages = {95--114}
}

@incollection{KoikeGualda2008,
	address = {Campinas},
	title = {The effect of explicit or implicit teaching of grammatical form in {Portuguese} as a third language: {Noticing} and transfer},
	booktitle = {Portuguese for {Spanish} {Speakers}: {Acquisition} and teaching/{Português} para falantes de {Espanhol}: {Acquisição} e ensino},
	publisher = {Pontes},
	author = {Koike, Dale and Gualda, Ricardo},
	editor = {Wiedmann, Lyris and Scaramucci, Matilde},
	year = {2008},
	pages = {47--67}
}

@article{Milleret2012,
	title = {Portuguese study in higher education in the {United} {States}},
	volume = {95},
	url = {https://www.jstor.org/stable/41440367},
	number = {1},
	journal = {Hispania},
	author = {Milleret, Margot},
	year = {2012},
	pages = {135--150}
}

@article{MLA2007,
  title={Foreign languages and higher education: {New} structures for a changed world},
  author={{Ad hoc committee on foreign languages}},
  journal={Profession},
  volume={2007},
  number={1},
  pages={234--245},
  year={2007},
  publisher={MLA}
}

@article{MontrulEtAl2008,
	title = {Gender agreement in adult second language learners and {Spanish} heritage speakers: {The} effects of age and context of acquisition},
	volume = {58},
	number = {3},
	journal = {Language Learning},
        author={Montrul, Silvina and Foote, Rebecca and Perpi{\~n}{\'a}n, Silvia},
	year = {2008},
	pages = {503--553}
}

@book{Odlin1989,
	title = {Language transfer: {Cross}-linguistic influence in language learning},
	publisher = {Cambridge University Press},
	author = {Odlin, Terence},
	year = {1989}
}

@article{Rothman2010,
	title = {On the typological economy of syntactic transfer: {Word} order and relative clause high/low attachment preference in {L3} {Brazilian} {Portuguese}},
	volume = {48},
	number = {2-3},
	journal = {IRAL-International Review of Applied Linguistics},
	author = {Rothman, Janson},
	year = {2010},
	pages = {245--273}
}

@book{Simoes2010,
	address = {Austin, TX},
	title = {Pois não: {Brazilian} {Portuguese} course for {Spanish} speakers with basic reference grammar},
	publisher = {Universty of Texas Press},
	author = {Simões, Antonio},
	year = {2010}
}

@book{Simoes1992,
	address = {Austin, TX},
	title = {Com licença!: {Brazilian} {Portuguese} for {Spanish} speakers},
	publisher = {University of Texas Press},
	author = {Simões, Antonio},
	year = {1992}
}

@book{SimoesEtAl2004,
	address = {Campinas},
	title = {Português para falantes de espanhol-{Portuguese} for {Spanish} speakers},
	publisher = {Editora Pontes},
	author = {Simões, Antonio and Carvalho, Ana and Wiedmann, Lyris},
	year = {2004}
}

@article{SimoesKelm1991,
	title = {O processo de aquisição das vogais semi-abertas “é, ó” / ɛ, ɔ / do português (brasileiro) como língua estrangeira},
	volume = {74},
	number = {3},
	journal = {Hispania},
	author = {Simões, Antonio and Kelm, O. R.},
	year = {1991},
	pages = {654--665}
}

@article{Sommer-FariasEtAl2020,
	title = {Portuguese language program evaluation: {Implementation}, results and follow-up strategies},
	volume = {28},
	journal = {Journal of Less-Commonly Taught Languages},
	author = {Sommer-Farias, Bruna and Carvalho, Ana and Picoral, Adriana},
	year = {2020},
	pages = {1--50}
}

@book{StaplesEtAl2019,
	title = {Multilingual {Academic} {Corpus} of {Assignments}—{Writing} and {Speech} ({MACAWS})},
	author = {Staples, Shelley and Novikov, Alex and Picoral, Adriana and Sommer-Farias, Bruna},
	year = {2019}
}

@article{Takeuchi1984,
	title = {La Semejanza con la lengua materna: {Tropiezos} para el aprendizaje del español},
	volume = {31},
	url = {https://revistas.ufpr.br/letras/article/viewFile/19325/12610},
	number = {6},
	journal = {Revista de Letras},
	author = {Takeuchi, Nadoca},
	year = {1984},
	pages = {181--185}
}

@phdthesis{Torres2013,
	address = {Washington D.C.},
	title = {Heritage and second language learners of {Spanish}: {The} roles of task complexity and inhibitory control},
	school = {Georgetown University},
	author = {Torres, Julio},
	year = {2013}
}

@article{TrudeTokowicz2011,
	title = {Negative transfer from {Spanish} and {English} to {Portuguese} pronunciation: {The} roles of inhibition and working memory},
	volume = {61},
	url = {https://onlinelibrary.wiley.com/doi/pdf/10.1111/j.1467-9922.2010.00611.x},
	number = {1},
	journal = {Language Learning},
	author = {Trude, Alison and Tokowicz, Natasha},
	year = {2011},
	pages = {259--280}
}

@book{WiedemannScaramucci2008,
	address = {São Paulo, Brasil},
	title = {Português para falantes de {Espanhol}: {Ensino} e aquisição/{Portuguese} for {Spanish} speakers: {Teaching} and acquisition. {Selected} articles in {Portuguese} and {English}},
	publisher = {Pontes},
	author = {Wiedemann, Lyris and Scaramucci, Matilde},
	year = {2008}
}

@misc{Wiedemann2009,
	address = {Albuquerque, NM},
	type = {Paper},
	title = {Portuguese for {Spanish} speakers: {What} research tells us},
	author = {Wiedemann, Lyris},
	year = {2009}
}

@incollection{Zyzik2016,
	address = {Washington D.C.},
	title = {Towards a prototype model of the heritage language learner: {Understanding} strengths and needs},
	booktitle = {Innovative approaches to heritage language teaching},
	publisher = {Georgetown University Press},
	author = {Zyzik, Eve},
	editor = {Fairclough, Marta and Beaudrie, Sara},
	year = {2016},
	pages = {19--38}
}





@book{AmorrortuEtAl2009,
	address = {Vitoria-Gasteiz},
	title = {Actitudes y prejuicios de los castellanohablantes hacia el euskera},
	publisher = {Eusko Jaurlaritza},
	author = {Amorrortu, Estibaliz and Ortega, Ane and Idiazabal, Itziar and Barreña, Andoni},
	year = {2009}
}

@incollection{Aronin2016,
	address = {Cambridge},
	title = {Multi-competence and dominant language constellation},
	booktitle = {The {Cambridge} handbook of linguistic multicompetence},
	publisher = {CUP},
	author = {Aronin, Larissa},
	editor = {Cook, V. and Wei, Li},
	year = {2016},
	pages = {142--163}
}

@book{Barnes2006,
	address = {Clevedon},
	title = {Early trilingualism: {A} focus on questions},
	publisher = {Multilingual Matters},
	author = {Barnes, Julia},
	year = {2006}
}

@book{BarrenaEtAl2008,
	address = {UEU},
	title = {{MacArthur}-{Bates} komunikazio garapena neurtzeko zerrenda. {Euskarara} egokitua.  {Erabiltzaileentzako} gida eta eskuliburu teknikoa},
	publisher = {Bilbo},
	author = {Barreña, Andoni and Garcia, Iñaki and Ezeizabarrena, Maria Jose and Almgren, Margareta and Arratibel, Nekane and Olano, Idoia and Barnes, Julia and Petuya, Alazne and Colina Amaia},
	year = {2008}
}

@misc{BasqueGovernment2017,
	title = {Education statistics: {Basque} autonomous community},
	url = {http://www.hezkuntza.ejgv.euskadi.net/hezkuntza-estatistika/-/informazioa/matrikula-bilakaera-irudiak/},
	author = {{Basque government}},
	year = {2017}
}

@misc{BasqueGovernment2018,
	title = {Department of education: {Basque} autonomous community},
	url = {http://www.hezkuntza.ejgv.euskadi.net},
	author = {{Basque government}},
	year = {2018}
}

@incollection{BatesEtAl1995,
	address = {Oxford},
	title = {Individual differences and their implications for theories of language development},
	booktitle = {The handbook of child language},
	publisher = {Blackwell},
	author = {Bates, Elizabeth and Dale, Philip and Thal, Donna},
	editor = {Fletcher, Paul and MacWhinney, Brian},
	year = {1995}
}

@book{BermanSlobin1994,
	address = {New Jersey},
	title = {Relating events in narrative: {A} crosslinguistic developmental study},
	publisher = {Erlbaum},
	author = {Berman, Ruth and Slobin, Dan},
	year = {1994}
}

@book{Cenoz2009,
	address = {Bristol},
	title = {Towards multilingual education: {Basque} educational research from an international perspective},
	publisher = {Multilingual Matters},
	author = {Cenoz, Jasone},
	year = {2009}
}

@incollection{Cook2013,
	address = {New York},
	title = {Multi-competence},
	booktitle = {The encyclopedia of applied linguistics},
	publisher = {Wiley},
	author = {Cook, Vivian},
	editor = {Chappelle, Carol},
	year = {2013},
	pages = {3768--3774}
}

@article{CoreEtAl2013,
	title = {Total and conceptual vocabulary in {Spanish}–{English} bilinguals from 22 to 30 months: {Implications} for assessment},
	volume = {56},
	shorttitle = {Total and {Conceptual} {Vocabulary} in {Spanish}–{English} {Bilinguals} {From} 22 to 30 {Months}},
	url = {http://pubs.asha.org/doi/10.1044/1092-4388%282013/11-0044%29},
	doi = {10.1044/1092-4388(2013/11-0044)},
	abstract = {Purpose
              Vocabulary assessment holds promise as a way to identify young bilingual children at risk for language delay. This study compares 2 measures of vocabulary in a group of young Spanish–English bilingual children to a single-language measure used with monolingual children.
            
            
              Method
              Total vocabulary and conceptual vocabulary were used to measure mean vocabulary size and growth in 47 Spanish–English bilingually developing children from 22 to 30 months of age based on results from the MacArthur–Bates Communicative Development Inventory (CDI; Fenson et al., 1993) and the Inventario del Desarrollo de Habilidades Comunicativas (Jackson-Maldonado et al., 2003). Bilingual children's scores of total vocabulary and conceptual vocabulary were compared with CDI scores for a control group of 56 monolingual children.
            
            
              Results
              The total vocabulary measure resulted in mean vocabulary scores and average rate of growth similar to monolingual growth, whereas conceptual vocabulary scores were significantly smaller and grew at a slower rate than total vocabulary scores. Total vocabulary identified the same proportion of bilingual children below the 25th percentile on monolingual norms as the CDI did for monolingual children.
            
            
              Conclusion
              These results support the use of total vocabulary as a means of assessing early language development in young bilingual Spanish–English speaking children.},
	language = {en},
	number = {5},
	urldate = {2020-09-21},
	journal = {Journal of Speech, Language, and Hearing Research},
	author = {Core, Cynthia and Hoff, Erika and Rumiche, Rosario and Señor, Melissa},
	month = {10},
	year = {2013},
	pages = {1637--1649},
	file = {Versão Aceite:C\:\\Users\\Miguel\\Zotero\\storage\\5M46U4N8\\Core et al. - 2013 - Total and Conceptual Vocabulary in Spanish–English.pdf:application/pdf}
}

@book{Dale2007,
	address = {Baltimore},
	title = {The {MacArthur}-{Bates} communicative inventory- {III}},
	publisher = {Brookes Publishing},
	author = {Dale, Philip},
	year = {2007}
}

@book{Dewaele2013,
	address = {Basingstoke},
	title = {Emotions in multiple languages},
	publisher = {Palgrave Macmillan},
	author = {Dewaele, Jean-Marc},
	year = {2013}
}

@book{DunnEtAl1986,
	address = {Minnesota},
	title = {Test de vocabulario en imágenes ({Peabody} {Picture} {Test})},
	publisher = {American Guidance Service},
	author = {Dunn, Lloyd and Padilla, Eligio and Lugo, Delia and Dunn, Leota},
	year = {1986}
}

@book{DeHouwer2009,
	address = {Clevedon},
	title = {Bilingual first language acquisition},
	publisher = {Multilingual Matters},
	author = {De Houwer, Annick},
	year = {2009}
}

@book{DeHouwer2009b,
	address = {Clevedon},
	title = {An introduction to bilingual development},
	publisher = {Multilingual Matters},
	author = {De Houwer, Annick},
	year = {2009}
}

@article{EricssonEtAl2012,
	title = {Differences between girls and boys in emerging language skills: {Evidence} from 10 language communities},
	volume = {30},
	number = {2},
	journal = {British Journal of Developmental Psychology},
	author = {Ericsson, Mårten and Marschik, Peter and Tulviste, Tiia and Almgren, Margareta and Wehberg, Sonja and Marjanovič-Umek, Ljubica and Gayraud, Frederique and Kovacevic, Melita and Gallego, Carlos},
	year = {2012},
	pages = {326--343}
}

@incollection{EzeizabarrenaEtAl2013,
	address = {Clevedon},
	title = {Using parental report assessment for bilingual preschoolers:  {The} {Basque} experience},
	booktitle = {Bilinguals and assessment: {State} of the art guide to issues and solutions from around the world},
	publisher = {Multilingual Matters},
	author = {Ezeizabarrena, Maria Jose and Barnes, Julia and Garcia, Iñaki and Barreña, Andoni and Almgren, Margareta},
	editor = {Gathercole, Virginia Mueller},
	year = {2013},
	pages = {57--80}
}

@incollection{EzeizabarrenaEtAl2018,
	address = {Mexico},
	title = {Diferencias individuales en el desarrollo léxico de bilingües simultáneos tempranos euskera-castellano},
	booktitle = {Diferencias individuales en la adquisición del lenguaje},
	publisher = {UNAM},
	author = {Ezeizabarrena, Maria Jose and Garcia, Iñaki and Almgren, Margareta and Barreña, Andoni},
	editor = {Rojas, Cecilia and Oropeza, Elsa},
	year = {2018},
	pages = {195--218}
}

@article{FensonEtAl1994,
	title = {Variability in early communicative development},
	volume = {59},
	journal = {Monographs of the Society for Research in Child Development},
	author = {Fenson, Larry and Dale, Philip and Reznick, Steven and Bates, Elizabeth and Thal, Donna and Pethick, Stephen},
	year = {1994},
	pages = {1--189}
}

@article{GagarinaEtAl2012,
	title = {{MAIN} multilingual assessment instrument for narratives},
	volume = {56},
	journal = {ZAS Papers in Linguistics},
	author = {Gagarina, Natalia and Klop, Daleen and Kunnari, Sari and Tantele, Koula and Välimaa, Taina and Balciuniene, Ingrida and Bohnacker, Ute and Waters, Joel},
	year = {2012}
}

@article{GarciaEtAl2017,
	title = {Haur euskaldunen komunikazio-garapena neurtzen 30-50 hilabetebitartean},
	volume = {88},
	journal = {Uztaro},
	author = {García, Iñaki and Barreña, Andoni and Ezeizabarrena, Maria Jose and Almgren, Margareta and Arratibel, Nekane and Barnes, Julia},
	year = {2017},
	pages = {33--72}
}

@article{GattEtAl2014,
	title = {Early expressive vocabulary skills: {A} multi-method approach to measurement},
	volume = {34},
	shorttitle = {Early expressive vocabulary skills},
	url = {http://journals.sagepub.com/doi/10.1177/0142723714521830},
	doi = {10.1177/0142723714521830},
	language = {en},
	number = {2},
	urldate = {2020-09-21},
	journal = {First Language},
	author = {Gatt, Daniela and Grech, Helen and Dodd, Barbara},
	month = {4},
	year = {2014},
	pages = {136--154}
}

@book{Genesee1994,
	address = {Cambridge},
	title = {Educating Second Language Children},
	publisher = {CUP},
	author = {Genesee, Fred},
	year = {1994}
}

@article{Lanza1998,
	title = {Cross-linguistic influence, input and the young bilingual child},
	volume = {1},
	number = {3},
	journal = {Bilingualism: language and cognition},
	author = {Lanza, Elizabeth},
	year = {1998},
	pages = {181--182}
}

@article{Lasagabaster2000,
	title = {The effects of three bilingual education models on linguistic creativity},
	volume = {38},
	number = {3-4},
	journal = {The effects of three bilingual education models on linguistic creativity},
	author = {Lasagabaster, David},
	year = {2000},
	pages = {213--228}
}

@book{LightbownSpada2013,
	title = {How languages are learned: {Oxford} {Handbook} for {Language} teacher},
	publisher = {Oxford University Press},
	author = {Lightbown, Patsy and Spada, Nina},
	year = {2013}
}

@book{Lopez_OrnatEtAl2003,
	address = {Madrid},
	title = {Inventario de desarrollo lingüístico y comunicativo},
	publisher = {TEA Ediciones, S.A.},
	author = {Lopez Ornat, Susana and Gallego, Carlos and Gallo, Pilar and Karousou, Alexandra and Mariscal, Sonia},
	year = {2003}
}

@incollection{Meisel2001,
	address = {Amsterdam/Philadelphia},
	title = {The simultaneous acquisition of two first languages: {Early} differentiation and subsequent development of grammars},
	booktitle = {Trends in bilingual acquisition},
	publisher = {John Benjamins Publishing Company},
	author = {Meisel, Jürgen},
	year = {2001},
	pages = {11--41}
}

@incollection{Meisel2008,
	address = {Amsterdam},
	title = {Child second language acquisition or successive first language acquisition?},
	booktitle = {Current trends in child second language acquisition: {A} generative perspective},
	publisher = {Benjamins Publishing Company},
	author = {Meisel, Jürgen},
	editor = {Haznedar, Belma and Gavruseva, Elena},
	year = {2008},
	pages = {55--80}
}

@book{Mayer1969,
	address = {New York},
	title = {Frog, where are you?},
	publisher = {Dial Press},
	author = {Mayer, Mercer},
	year = {1969}
}

@article{MullerHulk2001,
	title = {Crosslinguistic influence in bilingual language acquisition: {Italian} and {French} as recipient languages},
	volume = {4},
	journal = {Bilingualism: Language and Cognition},
	author = {Müller, Natascha and Hulk, Aafke},
	year = {2001},
	pages = {1--53}
}

@article{OrtegaEtAl2015,
	title = {Basque linguistic identity among new speakers of {Basque}},
	volume = {231},
	journal = {The International Journal of the Sociology of Language},
	author = {Ortega, Ane and Urla, Jacqueline and Amorrortu, Estibaliz and Goirigolzarri, Jone and Uranga, Belen},
	year = {2015},
	pages = {85--105}
}

@article{OTooleHickey2017,
	title = {Bilingual language acquisition in a minority context: {U}sing the {Irish}–{English} {Communicative} {Development} {Inventory} to track acquisition of an endangered language},
	volume = {20},
	shorttitle = {Bilingual language acquisition in a minority context},
	url = {https://www.tandfonline.com/doi/full/10.1080/13670050.2016.1179256},
	doi = {10.1080/13670050.2016.1179256},
	language = {en},
	number = {2},
	urldate = {2020-09-21},
	journal = {International Journal of Bilingual Education and Bilingualism},
	author = {O’Toole, Ciara and Hickey, Tina M.},
	month = {2},
	year = {2017},
	pages = {146--162}
}

@book{Palenham2004,
	address = {Cambridge},
	title = {Making Connections: {A} strategic approach to Academic Reading},
	publisher = {CUP},
	author = {Palenham, Kenneth},
	year = {2004}
}

@incollection{Perez-Pereira2008,
	address = {Clevedon},
	title = {Early {Galician}/{Spanish} bilingualism: {Contrasts} with monolingualism},
	booktitle = {A portrait of the young in the new multilingual {Spain}},
	publisher = {Multilingual Matters},
	author = {Pérez-Pereira, Miguel},
	editor = {Pérez-Vidal, Carmen and Juan-Garau, Maria and Bel, Aurora},
	year = {2008},
	pages = {39--62}
}

@book{Stromquist2004,
	address = {New Jersey},
	title = {Relating events in narrative},
	publisher = {Lawrence Erlbaum Associates, Inc.},
	editor = {Strömquist, Sven and Verhoeven, Ludo},
	year = {2004}
}



@incollection{AroninJessner2015,
	address = {Berlin},
	title = {Understanding current multilingualism: what can the butterfly tell us?},
	booktitle = {The multilingual challenge: {Cross}-disciplinary perspectives},
	publisher = {Walter de Gruyter},
	author = {Aronin, Larissa and Jessner, Ulrike},
	editor = {Jessner, Ulrike and Kramsch, Claire J.},
	year = {2015},
	pages = {271--294}
}

@article{BlommaertEtAl2005,
	title = {Spaces of multilingualism},
	volume = {25},
	journal = {Language \& Communication},
	author = {Blommaert, Jan and Collins, James and Slembrouck, Stef},
	year = {2005},
	pages = {197--216}
}

@book{CapraLuisi2018,
	address = {Cambridge},
	title = {The systems view of life. {A} unifying vision},
	publisher = {Cambridge University Press},
	author = {Capra, Fritjof and Luisi, Pier L.},
	year = {2018}
}

@incollection{CsizerKormos2009,
	address = {Clevedon},
	title = {An investigation into the relationship of {L2} motivation and cross-cultural contact among elementary school students},
	booktitle = {Early learning of modern foreign languages},
	publisher = {Multilingual Matters},
	author = {Csizér, Kata and Kormos, Judith},
	editor = {Nikolov, Marianne},
	year = {2009},
	pages = {62--74}
}

@incollection{Cenoz2004,
	address = {Clevedon},
	title = {Teching {English} as a third language: {The} effect of attitudes and motivation},
	booktitle = {Trilingualism in family, school and community},
	publisher = {Multilingual Matters},
	author = {Cenoz, Jasone},
	editor = {Hoffmann, Charlotte and Ytsma, Johannes},
	year = {2004},
	pages = {202--218}
}


@article{Cenoz2013,
	title = {The influence of bilingualism on third language acquisition: {Focus} on multilingualism},
	volume = {46},
	journal = {Language Teaching},
	author = {Cenoz, Jasone},
	year = {2013},
	pages = {71--86}
}

@article{CourtneyEtAl2017,
	title = {Individual differences in early language learning: a study of {English} learners of {French}},
	volume = {38},
	number = {6},
	journal = {Applied Linguistics},
	author = {Courtney, Louise and Graham, Suzanne and Tonkyn, Alan and Marinis, Theo},
	year = {2017},
	pages = {824--847}
}

@article{Culhane2004,
	title = {An intercultural interaction model: {Acculturation} attitudes in second language acquisition},
	volume = {1},
	number = {1},
	journal = {Journal of Foreign Language Teaching},
	author = {Culhane, Stephen F.},
	year = {2004},
	pages = {50--61}
}

@article{DeAngelis2012,
	title = {The effect of population distribution on {L1} and {L2} acquisition: evidence from the multilingual region of {South} {Tyrol}},
	volume = {9},
	number = {4},
	journal = {International Journal of Multilingualism},
	author = {De Angelis, Gessica},
	year = {2012},
	pages = {407--422}
}

@incollection{DeAngelisNodate,
	address = {Milano},
	title = {La valutazione delle competenze linguistiche in italiano {L1}, tedesco {L2} e inglese {L3} nel contest plurilingue della {Provincia} di {Bolzano}},
	booktitle = {Società, educazione e linguaggio. {Un} approccio diacronico e situazionlae alla valutatzione di sistema in un contest plurilingue},
	publisher = {Franco Angeli},
	author = {De Angelis, Gessica},
	editor = {Dozza, Liliana},
  year = 	 {in press}
}

@book{DornyeiEtAl2015,
	address = {Bristol},
	title = {Motivational dynamics in language learning},
	publisher = {Multilingual Matters},
	editor = {Dörnyei, Zoltan and MacIntyre, Peter and Henry, Alastair},
	year = {2015}
}

@book{Egger1977,
	address = {Bozen},
	title = {Zweisprachigkeit in {Südtirol}},
	publisher = {Athesia Verlag},
	author = {Egger, Kurt},
	year = {1977}
}

@book{Gardner1985,
	address = {Baltimore, MD},
	title = {Social psychology and second language learning: {The} role of attitude and motivation},
	publisher = {Edward Arnold},
	author = {Gardner, Robert C.},
	year = {1985}
}

@book{Garret2010,
	address = {Cambridge},
	title = {Language attitudes},
	publisher = {Cambridge University Press},
	author = {Garret, Peter},
	year = {2010}
}

@incollection{HarrisEtAl2009,
	address = {Clevedon},
	title = {A third language at primary level in {Ireland}: {An} independent evaluation of the {Modern} {Languages} in {Primary} {Schools} initiative},
	booktitle = {Early learning of modern foreign languages},
	publisher = {Multilingual Matters},
	author = {Harris, John and O'Leary, Denise and Nikolov, Marianne},
	year = {2009},
	pages = {1--14}
}

@incollection{Helot2008,
	address = {New York},
	title = {Awareness raising and multilingualism in {Primary} {Education}},
	booktitle = {The encyclopedia of language and education},
	publisher = {Springer},
	author = {Hélot, Christine},
	editor = {Hornberger, Nancy H.},
	year = {2008},
	pages = {1--14}
}

@article{HenryApelgren2008,
	title = {Young learners and multilingualism: {A} study of learner attitudes before and after the introduction of a second foreign language to the curriculum},
	volume = {36},
	journal = {ScienceDirect System},
	author = {Henry, Alastair and Apelgren, Brit M.},
	year = {2008},
	pages = {607--623}
}

@book{HerdinaJessner2002,
	address = {Clevedon},
	title = {A dynamic model of multilingualism. {Changing} the psycholinguistic perspective},
	publisher = {Multilingual Matters},
	author = {Herdina, Philip and Jessner, Ulrike},
	year = {2002}
}

@article{Hofer2017,
	title = {Emergent multicompetence at the primary level: a dynamic conception of multicompetence},
	volume = {26},
	number = {2},
	journal = {Language Awareness},
	author = {Hofer, Barbara},
	year = {2017},
	pages = {96--112}
}

@article{Hofer2019,
	title = {Assessing components of multi-(lingual) competence in young learners},
	doi = {10.1016/j.lingua.2019.102747},
	journal = {Lingua},
	author = {Hofer, Barbara and Jessner, Ulrike},
	year = {2019}
}

@book{Hornberger2003,
	address = {Clevedon},
	title = {Continua of biliteracy: {An} ecological framework for educational policy, research and practice in multilingual settings},
	publisher = {Multilingual Matters},
	editor = {Hornberger, Nancy H.},
	year = {2003}
}

@incollection{HornbergerEtAl2007,
	address = {New York},
	title = {Continua of biliteracy},
	volume = {9},
	booktitle = {Encyclopedia of language and education, ecology of language,},
	publisher = {Springer},
	author = {Hornberger, Nancy H.},
	editor = {Creese, Angela and Martin, Peter and Hornberger, Nancy H.},
	year = {2007},
	pages = {275--290}
}

@article{Jessner2008,
	title = {A {DST} model of multilingualism and the role of metalinguistic awareness},
	volume = {92},
	number = {2},
	journal = {The Modern Language Journal},
	author = {Jessner, Ulrike},
	year = {2008},
	pages = {270--283}
}

@article{JessnerMayer2017,
	title = {Why context matters: {Social} inclusion and multilingualism in an {Austrian} school setting},
	volume = {5},
	number = {4},
	journal = {Social Inclusion},
	author = {Jessner, Ulrike and Mayer, Kerstin},
	year = {2017},
	pages = {87--97}
}

@article{JessnerEtAl2018,
	title = {The role of {Latin} in multilingual learners’ strategies},
	volume = {1},
	journal = {Language Education and Multilingualism},
	author = {Jessner, Ulrike and Török, Valentina and Pellegrini, Claudia},
	year = {2018},
	pages = {185--202}
}

@article{Kordt2018,
	title = {Affordance theory and multiple language learning and teaching},
	volume = {15},
	number = {2},
	journal = {International Journal of Multilingualism},
	author = {Kordt, Birgit},
	year = {2018},
	pages = {135--148}
}

@incollection{Kramsch2012,
	address = {Melanges},
	title = {Why is everyone so excited about complexity theory in applied linguistics?},
	booktitle = {Didactique des langues et comlexité. {En} hommage a {Richard} {Duda}},
	publisher = {CRAPEL 33},
	author = {Kramsch, Claire},
	editor = {Bailly, Sophie and Boulton, Alex and Macarie, Dominique},
	year = {2012},
	pages = {9--25}
}

@incollection{KramschSteffensen2008,
	address = {Dordrecht},
	title = {Ecological perspectives on second language acquisition and socialization},
	volume = {8},
	booktitle = {Encyclopedia of language and education. {Language} and socialisation},
	publisher = {Springer},
	author = {Kramsch, Claire and Steffensen, Sune V.},
	editor = {Hornberger, Nancy H. and Duff, Patricia},
	year = {2008},
	pages = {17--28}
}

@incollection{LantolfThorne2007,
	address = {Mahwah, NJ},
	title = {Sociocultural theory and second language learning},
	booktitle = {Theories in second language acquisition},
	publisher = {Lawrence Erlbaum},
	author = {Lantolf, James and Thorne, Steven L.},
	editor = {van Patten, Bill and Williams, Jessica},
	year = {2007},
	pages = {201--224}
}

@book{Larsen-FreemanCameron2008,
	address = {Oxford},
	title = {Complex systems and applied linguistics},
	publisher = {Oxford University Press},
	author = {Larsen-Freeman, Diane and Cameron, Lynn},
	year = {2008}
}

@article{Lasagabaster2013,
	title = {Language learning motivation and language attitudes in multilingual {Spain} from an international perspective},
	volume = {101},
	number = {3},
	journal = {The Modern Language Journal},
	author = {Lasagabaster, David},
	year = {2013},
	pages = {583--596}
}

@article{MacIntyreGregersen2012,
	title = {Emotions that facilitate language learning: {The} positive-broadening power of the imagination},
	volume = {2},
	number = {2},
	journal = {Studies in Second Language Learning and Teaching},
	author = {MacIntyre, Peter and Gregersen, Tammy},
	year = {2012},
	pages = {193--213}
}

@book{MacintyreEtAl2016,
	address = {Bristol},
	title = {Positive psychology in {SLA}},
	publisher = {Multilingual Matters},
	editor = {MacIntyre, Peter and Gregersen, Tammy and Mercer, Sarah},
	year = {2016}
}

@incollection{Morgan2007,
	address = {London},
	title = {Poststructuralism and applied linguistics: {Complementary} {Approaches} to {Identity} and {Culture} in {ELT}},
	booktitle = {International handbook of {English} language teaching},
	publisher = {Routledge},
	author = {Morgan, Bryan},
	editor = {Hall, Graham},
	year = {2007},
	pages = {949--968}
}

@article{Munoz2014,
	title = {Exploring young learners’ foreign language learning awareness},
	volume = {23},
	number = {1-2},
	journal = {Language Awareness},
	author = {Munoz, Carmen},
	year = {2014},
	pages = {24--40}
}

@incollection{NagyNikolov2009,
	address = {Clevedon},
	title = {What primary school pupils think about learning {English} as a foreign language},
	booktitle = {Early learning of modern foreign languages},
	publisher = {Multilingual Matters},
	author = {Nagy, Kriztina and Nikolov, Marianne},
	year = {2009},
	pages = {229--242}
}

@article{NasserMajid2011,
	title = {Motivation, attitude, and language learning},
	volume = {29},
	journal = {Procedia-Social and Behavioural Sciences},
	author = {Nasser, Oroujlou and Majid, Vahedi},
	year = {2011},
	pages = {994--1000}
}

@book{Nikolov2009,
	address = {Clevedon},
	title = {Early learning of modern foreign languages},
	publisher = {Multilingual Matters},
	author = {Nikolov, Marianne},
	year = {2009}
}

@incollection{Nikolov2009b,
	address = {Clevedon},
	title = {Early modern foreign language programmes and outcomes: factors contributing to {Hungarian} learners’ proficiency},
	booktitle = {Early learning of modern foreign languages},
	publisher = {Multilingual Matters},
	author = {Nikolov, Marianne},
	editor = {Nikolov, Marianne},
	year = {2009},
	pages = {90--107}
}

@article{Norton2011,
	title = {The practice of theory in the language classroom},
	volume = {18},
	number = {2},
	journal = {Issues in Applied Linguistics},
	author = {Norton, Bonny},
	year = {2011},
	pages = {171--180}
}

@incollection{Norton2014,
	address = {London},
	title = {Non-participation, imagined communities and the language classroom},
	booktitle = {Learner contributions to language learning. {New} directions in research},
	publisher = {Routledge},
	author = {Norton, Bonny},
	editor = {Breen, Michael P.},
	year = {2014},
	pages = {159--171}
}

@incollection{LaoireAronin2004,
	address = {Clevedon},
	title = {Exploring multilingualism in cultural contexts: {Towards} a notion of multilinguality},
	booktitle = {Trilingualism in family, school and communitiy},
	publisher = {Multilingual Matters},
	author = {O'Laoire, Muriel and Aronin, Larissa},
	editor = {Hoffmann, Charlotte and Ytsma, Jehannes},
	year = {2004},
	pages = {11--29}
}

@article{OtwinowskaDeAngelis2012,
	title = {Introduction: social and affective factors in multilingualism research},
	volume = {9},
	number = {4},
	journal = {International Journal of Multilingualism},
	author = {Otwinowska, Agnieszka and De Angelis, Gessica},
	year = {2012},
	pages = {347--351}
}

@article{PaladinoVaes2009,
	title = {Ours is human: {On} the pervasiveness of infrahumanisation in inter-group relations},
	volume = {48},
	journal = {British Journal of Social Psychology},
	author = {Paladino, Maria P. and Vaes, Jeroen},
	year = {2009},
	pages = {237--251}
}

@article{Pavlenko2000,
	title = {Access to linguistic resources: {Key} variable in second language learning},
	volume = {2},
	journal = {Estudios de Sociolingüística},
	author = {Pavlenko, Aneta},
	year = {2000},
	pages = {85--105}
}

@incollection{Pavlenko2002,
	address = {Clevedon},
	title = {Poststructuralist approaches to the study of social factors in second language learning and use.},
	booktitle = {Portraits of the {L2} user},
	publisher = {Multilingual Matters},
	author = {Pavlenko, Aneta},
	editor = {Cook, Vivian},
	year = {2002},
	pages = {277--302}
}

@article{Peirce1995,
	title = {Social identiy, investment, and language learning},
	volume = {29},
	number = {1},
	journal = {Tesol Quarterly},
	author = {Peirce, Bonny},
	year = {1995},
	pages = {9--31}
}

@article{Pennycook1990,
	title = {Towards a critical applied linguistics for the 1990s},
	volume = {1},
	number = {1},
	journal = {Issues in Applied Linguistics},
	author = {Pennycook, Alastair},
	year = {1990},
	pages = {8--28}
}

@book{Philips2000,
	address = {Lanham},
	title = {The expanded social scientist's bestiary: {A} guide to fabled threats to, and defenses of, naturalistic social science},
	publisher = {Rowman \& Littlefield Publishers},
	author = {Philips, Denis},
	year = {2000}
}

@incollection{Schmid2011,
	address = {Amsterdam/Philadelphia},
	title = {Contact x time: {External} factors and variability in {L1} attrition},
	booktitle = {Modeling bilingualism: {From} structure to chaos},
	publisher = {John Benjamins Publishing Company},
	author = {Schmid, Monika S.},
	year = {2011},
	pages = {155--176}
}

@article{SpencerEtAl2006,
	title = {Moving toward a grand theory of development: {In} memory of {Esther} {Thelen}},
	volume = {77},
	number = {6},
	journal = {Child Development},
	author = {Spencer, John P.. and Corbetta, Daniela and Buchanan, Patricia and Clearfield, Melissa and Ulrich, Beverly and Schöner, Gregor},
	year = {2006},
	pages = {1521--1538}
}

@article{SmithThelen2003,
	title = {Development as a dynamic system},
	volume = {7},
	number = {8},
	journal = {Trends in Cognitive Sciences},
	author = {Smith, Linda and Thelen, Esther},
	year = {2003},
	pages = {343--348}
}

@book{ThelenSmith1994,
	address = {Cambridge, MA},
	title = {A dynamic systems approach to the development of cognition and action},
	publisher = {MIT Press},
	author = {Thelen, Esther and Smith, Linda B.},
	year = {1994}
}

@article{TodorDegi2016,
	title = {Language attitudes, language learning experiences and individual strategies. {What} does school offer and what does it lack?},
	volume = {8},
	number = {2},
	journal = {Acta Universitatis Sapientiae, Philologica},
	author = {Tódor, Erika-Maria and Dégi, Zsuzsanna},
	year = {2016},
	pages = {123--137}
}

@article{Wesely2012,
	title = {Learner attitudes, perceptions, and beliefs in language learning},
	volume = {45},
	number = {1},
	journal = {Foreign Language Annals},
	author = {Wesely, Pamela M.},
	year = {2012},
	pages = {98--117}
}

@incollection{VanGeertEtAl2011,
	address = {Amsterdam/Philadelphia},
	title = {A dynamic model of language learning and acquisition},
	booktitle = {Modeling bilingualism: {From} structure to chaos},
	publisher = {John Benjamins Publishing Company},
	author = {van Geert, Paul and Steenbeek, Henderien and van Dijk, Marijn},
	editor = {Schmid, Monika and Wander, Lowie},
	year = {2011},
	pages = {235--266}
}

@book{Vygotsky1962,
	address = {Cambridge, MA},
	title = {Thought and language},
	publisher = {MIT Press},
	author = {Vygotsky, Lev S.},
	year = {1962}
}

%ASDFG


@incollection{Allgauer-HacklJessner2013,
	address = {Hohengehren},
	title = {Mehrsprachigkeitsunterricht aus mehrsprachiger {Sicht}: {Zur} {Förderung} des metalinguistischen {Bewusstseins}},
	booktitle = {Professionalisierung für sprachliche {Vielfalt}. {Perspektiven} für eine neue {LehrerInnenbildung}},
	publisher = {Schneider Verlag},
	author = {Allgäuer-Hackl, Elisabeth and Jessner, Ulrike},
	editor = {Vetter, Eva},
	year = {2013}
}

@book{Bialystok2004,
	address = {Cambridge},
	title = {Bilingualism in development: {Language}, literacy, and cognition},
	publisher = {Cambridge University Press},
	author = {Bialystok, Ellen},
	year = {2004}
}

@book{BohnsackEtAl2013,
	address = {Dordrecht},
	title = {{Die dokumentarische Methode und ihre Forschungspraxis: {Grundlagen} qualitativer Sozialforschung}},
	publisher = {Springer},
	author = {Bohnsack, Ralf and Nentwig-Gesemann, Iris and Nohl, Arnd-Michael},
	year = {2013}
}

@incollection{Bono2011,
	address = {Bristol, Buffalo, Toronto},
	title = {Crosslinguistic interaction and metalinguistic awareness in third language acquisition},
	booktitle = {New trends in crosslinguistic influence and multilingualism research},
	publisher = {Multilingual Matters},
	author = {Bono, Mariana},
	editor = {De Angelis, Gessica and Dewaele, Jean-Marc},
	year = {2011},
	pages = {27--57}
}

@inproceedings{Burwitz-Melzer2012,
	address = {Tübingen},
	title = {Sprachbewusstheit als teilkompetenz des fremdsprachenunterrichts},
	booktitle = {Sprachenbewusstheit im {Fremdsprachenunterricht}: {Arbeitspapiere} der 32. {Frühjahrskonferenz} zur {Erforschung} des {Fremdsprachenunterrichts}},
	publisher = {Narr},
	author = {Burwitz-Melzer, Eva},
	editor = {Königs, Frank and Krumm, Hans-Jürgen},
	year = {2012},
	pages = {27--57}
}


@article{CenozValencia1994,
	title = {Additive trilingualism: {Evidence} from the {Basque} {Country}},
	volume = {15},
	journal = {Applied Psycholinguistics},
	author = {Cenoz, Jasone and Valencia, José F.},
	year = {1994},
	pages = {195--207}
}

@book{DeAngelisDewaele2011,
	address = {Bristol},
	title = {New trends in crosslinguistic influence and multilingualism research},
	publisher = {Multilingual Matters},
	author = {De Angelis, Gessica and Dewaele, Jean-Marc},
	year = {2011}
}

@incollection{DeAngelisJessner2012,
	address = {Boston},
	title = {Writing accorss languages in a bilingual context. {A} dynamic system theory approach},
	booktitle = {L2 writing development. {Multiple} perspectives},
	publisher = {De Gruyter Mouton},
	author = {De Angelis, Gessica and Jessner, Ulrike},
	editor = {Manchón, Rose},
	year = {2012},
	pages = {47--68}
}

@book{Dewaele2010,
	address = {Houndsmills, Basingstoke, Hampshire},
	title = {Emotions in multiple languages},
	publisher = {Palgrave Macmillan},
	author = {Dewaele, Jean-Marc},
	year = {2010}
}

@incollection{fReitag-Hild2010,
	address = {Seelze-Velber},
	title = {Transklulturelles lernen},
	booktitle = {Handbuch fremdsprachendidaktik},
	publisher = {Kallmeyer-Klett},
	author = {Freitag-Hild, Britta},
	editor = {Hallet, Wolfgang and Königs, Frank G.},
	year = {2010},
	pages = {125--129}
}

@incollection{GibsonHufeisen2011,
	address = {Bristol, Buffalo, Toronto},
	title = {Perception of preposition errors in semantically correct versus erroneous contexts by multilingual advanced {English} as a foreign language learners: {Measuring} metalinguistic awareness},
	booktitle = {New trends in crosllinguistic influence and multilingualism research},
	publisher = {Multilingual Matters},
	author = {Gibson, Martha and Hufeisen, Britta},
	editor = {De Angelis, Gessica and Dewaele, Jean-Marc},
	year = {2011},
	pages = {74--85}
}

@incollection{Grosjean2007,
	address = {London},
	title = {The bilingual language mode},
	booktitle = {The bilingual reader},
	publisher = {Routledge},
	author = {Grosjean, Francis},
	editor = {Le Wei},
	year = {2007},
	pages = {428--449}
}

@incollection{Hallet2012,
	address = {Seelze},
	title = {Die komplexe kompetenzaufgabe. {Fremdsprachige} diskursfähigkeit als kulturelle teilhabe und unterrichtspraxis},
	booktitle = {Kompetenzaufgaben im {Englischunterricht}},
	publisher = {Friedrich},
	author = {Hallet, Wolfgang},
	editor = {Krämer, Ulrich},
	year = {2012},
	pages = {5--12}
}

@incollection{Hallet2015,
	address = {Frankfurt am Main},
	title = {Transkulturelles lernen im {CLIL}-{Unterricht}.},
	booktitle = {{CLIL} revisited},
	publisher = {Lang},
	author = {Hallet, Wolfgang},
	editor = {B. Rüschoff, Bernd and Sudoff, Juliane and Wolff, Dieter},
	year = {2015},
	pages = {31--54}
}

@book{HerdinaJessner2002b,
	address = {Clevedon},
	title = {A dynamic model of multilingualism: {Perspectives} of change in psycholinguistics},
	publisher = {Multilingual Matters},
	author = {Herdina, Philip and Jessner, Ulrike},
	year = {2002}
}

@incollection{House2004,
	address = {Tübingen},
	title = {Mehrsprachigkeit: {Nicht} nur monodisziplinär und nicht nur für {Europa}!},
	booktitle = {Mehrsprachigkeit im fokus},
	publisher = {Gunter Narr},
	author = {House, Juliane},
	editor = {Bausch, Karl-Richard and Königs, Frank G. and Krumm, Hans-Jürgen},
	year = {2004},
	pages = {62--68}
}

@article{Hufeisen2011,
	title = {Drei ausgewählte merkmale des gesamtsprachencurriculums: interkulturelle studie, {Deutsche} als zweitprache, textkompetenz},
	volume = {2},
	journal = {Die Neueren Sprachen},
	author = {Hufeisen, Britta},
	year = {2011},
	pages = {45--55}
}

@book{HufeisenNeuner2004,
	address = {Strasbourg},
	title = {The plurilingualism project: {Tertiary} langauge learning—{German} after {English}},
	publisher = {Council of Europe Publishing},
	author = {Hufeisen, Britta and Neuner, Gerhard},
	year = {2004}
}

@book{Jessner2006,
	address = {Edinburgh},
	title = {Linguistic awareness in multilinguals: {English} as a third language},
	publisher = {Edinburgh University Press},
	author = {Jessner, Ulrike},
	year = {2006}
}

@book{Kramsch2009,
	address = {Oxford},
	title = {The multilingual subject},
	publisher = {Oxford University Press},
	author = {Kramsch, Claire},
	year = {2009}
}

@phdthesis{Lasagabaster1997,
	title = {Creatividad y conciencia metalenguistica: {Incidentia} en el aprendizaje del ingles como {L3}},
	school = {VUP/EHU},
	author = {Lasagabaster, David},
	year = {1997}
}

@book{Mayr2020,
	address = {Tübingen},
	title = {Kompetenzentwicklung und mehrsprachigkeit. {Eine} unterrichtsempirische studie zur modellierung mehrsprachiger kommunikativer kompetenz in der sekundarstufe/{II}},
	publisher = {Gunter Narr},
	author = {Mayr, Gisela},
	year = {2020}
}

@article{MartinezSchroder-Sura2003,
	title = {Die modernen},
	volume = {7},
	number = {1},
	journal = {Sprachen},
	author = {Martinez, Hélène and Schröder-Sura, Anna},
	year = {2003},
	pages = {43--68}
}

@incollection{MeisnerSchocker2005,
	address = {Tübingen},
	title = {Aufgabenbeispiele im bereich der interkomprehensionsdidaktik},
	booktitle = {Aufgabenorientierung im fremdsprachenunterricht},
	publisher = {Gunter Narr},
	author = {Meißner, Franz-Josef},
	editor = {Müller-Hartmann, Franz and Schocker von Ditfurth, Martina},
	year = {2005},
	pages = {83--98}
}

@incollection{MeisnerEtAl2009,
	address = {Tübingen},
	title = {Förderung von metasprachlicher und metakognitiver kompetenz durch interkomprehension},
	booktitle = {Fremdsprachen lehren und lernen},
	publisher = {Gunter Narr},
	author = {Meißner, Franz-Josef and Morkötter, Steffi},
	editor = {Gutzmann, Karl and Königs, Frank G. and Zöfgen, Ekkehard E.},
	year = {2009},
	pages = {51--69}
}

@book{Morkotter2005,
	address = {Lang},
	title = {Language awareness und mehrsprachigkeit: {Eine} studie zu sprachbewusstheit und mehrsprachigkeit aus der sicht von fremdsprachenlernern und fremdsprachenlehrern},
	publisher = {Frankfurt am Main},
	author = {Morkötter, Steffi},
	year = {2005}
}

@book{Muller-Lance2006,
	address = {Tübingen},
	title = {Der wortschatz romanischer sprachen im tertiärsprachenerwerb: lernerstrategien am beispiel des {Spanischen}, {Italienischen} und {Katalanischen}},
	publisher = {Stauffenberg Verlag},
	author = {Müller-Lancé, Johannes},
	year = {2006}
}

@book{Pavlenko2011,
	address = {Cambridge},
	title = {Emotions and multilingualism},
	publisher = {Cambridge University Press},
	author = {Pavlenko, Aneta},
	year = {2011}
}

@article{Pilar_Safont2003,
	title = {Metapragmatic awareness and pragmatic production of third language learners of {English}. {A} focus on request acts realizations *1},
	volume = {7},
	number = {1},
	journal = {International Journal of Bilingualism},
	author = {Pilar Safont, Jordà},
	year = {2003},
	pages = {43--68}
}

@book{ReichKrumm2013,
	address = {Münster},
	title = {Sprachbildung und mehrsprachigkeit: {Ein} curriculum zur wahrnehmung und bewältigung sprachlicher vielfalt im unterricht},
	publisher = {Waxmann Verlag},
	author = {Reich, Hans H. and Krumm, Hans-Jürgen},
	year = {2013}
}

@book{Ringbom1987,
	address = {Clevedon},
	title = {The role of {L1} in foreign language learning},
	publisher = {Multilingual Matters},
	author = {Ringbom, Hakan},
	year = {1987}
}

@book{Ellis2003,
	address = {Oxford},
	title = {Task-based language learning and teaching},
	publisher = {Oxford University Press},
	author = {Ellis, Rod},
	year = {2003}
}

@article{Vidgren2013,
	title = {New trends in crosslinguistic influence and multilingualism research},
	volume = {10},
	number = {1},
	journal = {International Journal of Bilingualism},
	author = {Vidgren, Noora},
	year = {2013},
	pages = {131--135}
}

@book{Vygotsky1978,
	address = {Cambridge, MA},
	title = {Mind in society: {The} development of higher the development of higher psychological processes},
	author = {Vygotsky, Lev},
	year = {1978}
}

@incollection{Amin2004,
	address = {Ann Arbor},
	title = {Nativism, the native speaker construct, and minority teachers of {English} as a second language},
	booktitle = {Learning and teaching from experience: {Perspectives} on nonnative {English}-speaking professionals},
	publisher = {The University of Michigan Press},
	author = {Amin, Nutzhat},
	editor = {Kamhi-Stein, Lia},
	year = {2004},
	pages = {6--80}
}

@incollection{Annous2011,
	address = {Bruxelles},
	title = {Le “nativespeakerism” et l’identité des enseignants non natifs de l’anglais au {Liban}},
	booktitle = {L’enseignement non natif : identités et légitimité dans l’enseignement-apprentissage des langues étrangères},
	publisher = {E.M.E},
	author = {Annous, Samer},
	editor = {Dervin, Fred and Badrinathan, Vasumathi},
	year = {2011},
	pages = {213--236}
}

@book{Bardin1993,
	address = {Paris},
	title = {L’analyse de contenu},
	publisher = {PUF},
	author = {Bardin, Laurence},
	year = {1993}
}

@incollection{Bento2011,
	address = {Bruxelles},
	title = {Les enseignants natifs dans les approches plurilingues : un atout ?},
	booktitle = {L’enseignement non natif : identités et légitimité dans l’enseignement-apprentissage des langues étrangères},
	publisher = {E.M.E},
	author = {Bento, Margaret},
	editor = {Dervin, Fred and Badrinathan, Vasumathi},
	year = {2011},
	pages = {103--115}
}

@incollection{Berthoud2016,
	address = {Paris},
	title = {Une communication scientifique plurilingue au service de la qualité des savoirs},
	booktitle = {L’{Université} en contexte plurilingue dans la dynamique numérique},
	publisher = {Editions des archives contemporaines},
	author = {Berthoud, Anne-Claude},
	editor = {Borg, Serge and et al},
	year = {2016},
	pages = {167--174}
}

@book{BerthoudEtAl2013,
	address = {Amsterdam/Philadelphia},
	title = {Exploring the dynamics of multilingualism. {The} {DYLAN} research project},
	publisher = {Benjamins},
	editor = {Berthoud, Anne-Claude and Grin, François and Lüdi, Georges},
	year = {2013}
}

@article{Bley-Vromon1983,
	title = {The comparative fallacy in interlanguage studies: {The} case of systematicity},
	volume = {33},
	number = {1},
	journal = {A Journal of Research in Language Studies},
	author = {Bley-Vromon, Robert},
	year = {1983},
	pages = {1--17}
}

@book{BlommaertVerschueren1998,
	address = {London},
	title = {Debating diversity: {Analysing} the discourse of tolerance},
	publisher = {Routledge},
	author = {Blommaert, Jan and Verschueren, Jef},
	year = {1998}
}

@article{Boyer1995,
	title = {De la competence ethnosocioculturelle},
	volume = {272},
	journal = {Le français dans le monde},
	author = {Boyer, Henri},
	year = {1995},
	pages = {41--44}
}

@incollection{Castellotti2011,
	address = {Bruxelles},
	title = {Natif, non natif ou plurilingue: dénativiser l’enseignement des langues?},
	booktitle = {L’enseignement non natif: identités et légitimité dans l’enseignement-apprentissage des langues étrangères},
	publisher = {E.M.E},
	author = {Castellotti, Véronique},
	editor = {Dervin, Fred and Badrinathan, Vasumathi},
	year = {2011},
	pages = {29--50}
}

@article{ClarkParan2007,
	title = {The employability of non-native speaker teachers of {EFL}: {A} {UK} survey},
	volume = {35},
	journal = {System},
	author = {Clark, Elizabeth and Paran, Amos},
	year = {2007},
	pages = {407--430}
}

@article{Cook1991,
	title = {The poverty-of-the-stimulus argument and multi-competence},
	volume = {7},
	number = {2},
	journal = {Second Language Research},
	author = {Cook, Vivian J.},
	year = {1991},
	pages = {103--117}
}

@incollection{Cook2002,
	address = {Clevedon},
	title = {Background to the {L2} user},
	booktitle = {Portraits of the {L2} {User}},
	publisher = {Multilingual Matters},
	author = {Cook, Vivian J.},
	editor = {Cook, Vivian J.},
	year = {2002},
	pages = {1--28}
}

@book{Cook2008,
	address = {London},
	title = {Second language learning and language teaching},
	publisher = {Arnold},
	author = {Cook, Vivian J.},
	year = {2008}
}

@phdthesis{Coppieters1976,
	address = {Cambridge, MA},
	title = {Point of view in {French} syntax},
	school = {Harvard University},
	author = {Coppieters, René},
	year = {1976}
}

@book{Davies2003,
	address = {Clevedon},
	title = {The native speaker: {Myth} and reality},
	publisher = {Multilingual Matters},
	author = {Davies, Alan},
	year = {2003}
}

@article{Derivry2006,
	title = {Les enseignants « natifs » et « non-natifs » de langue(s) : catégorisation linguistique ou construction sociale ?},
	volume = {55},
	journal = {Travaux de didactique du FLE},
	author = {Derivry, Martine},
	year = {2006},
	pages = {100--108}
}

@book{DervinBadrinathan2011,
	address = {Bruxelles},
	title = {L’enseignement non natif : identités et légitimité dans l’enseignement-apprentissage des langues étrangères},
	publisher = {E.M.E},
	author = {Dervin, Fred and Badrinathan, Vasumathi},
	year = {2011}
}

@book{Durkheim1960,
	address = {Paris},
	title = {Les formes élémentaires de la vie religieuse},
	publisher = {PUF},
	author = {Durkheim, Emile},
	year = {1960}
}

@incollection{Gnutzmann1999,
	address = {Tübingen},
	title = {English as a global language: perspectives for {English} language teaching and for teacher education in {Germany}},
	booktitle = {Teaching and learning {English} as a global language: {Native} and non-native perspectives},
	publisher = {Stauffenberg Verlag},
	author = {Gnutzmann, Claus},
	editor = {Gnutzmann, Claus},
	year = {1999},
	pages = {157--169}
}

@inproceedings{Gajo2005,
	address = {Université de Prague},
	title = {L’enseignant en section bilingue: un nouvel enseignant?},
	url = {http://rencontres-bilingues-prague.hautetfort.com/files/laurent_gajo.pdf.},
	author = {Gajo, Laurent},
	year = {2005}
}

@article{Gajo2013,
	title = {Le plurilinguisme dans et pour la science : enjeux d’une politique linguistique à l’université},
	volume = {8},
	journal = {Synergies Europe},
	author = {Gajo, Laurent},
	year = {2013},
	pages = {97--109}
}

@book{Gogolin2008,
	address = {Münster},
	title = {Der monolinguale {Habitus} der multilingualen {Schule}},
	publisher = {Waxman},
	author = {Gogolin, Ingrid},
	year = {2008}
}

@article{Holliday2006,
	title = {Native-speakerism},
	volume = {60},
	doi = {10.1093/elt/cclo30},
	number = {4},
	journal = {ELT Journal},
	author = {Holliday, Adiran},
	year = {2006}
}

@incollection{Inbar-Lourie2005,
	address = {New York},
	title = {Mind the gap: self and perceived native speaker identities of {EFL} teachers},
	booktitle = {Non-native language teachers. {Perceptions}, challenges and contributions to the profession},
	publisher = {Springer},
	author = {Ofra, Inbar-Lourie},
	editor = {Llurda, Enric},
	year = {2005},
	pages = {265--281}
}

@book{Jodelet2003,
	title = {Les représentations sociales},
	publisher = {PUF},
	editor = {Jodelet, Denise},
	year = {2003}
}

@article{KangEtAl2015,
	title = {Mitigating {U}.{S}. undergraduates’ attitudes toward international teaching assistants},
	volume = {49},
	number = {1},
	journal = {TESOL Quarterly},
	author = {Kang, Okim and Rubin, Donald and Lindemann, Stephanie},
	year = {2015},
	pages = {681--706}
}

@article{Kramsch1997,
	title = {The privilege of the non-native speaker},
	volume = {112},
	number = {3},
	journal = {Publications of the Modern Language Association of America},
	author = {Kramsch, Claire},
	year = {1997},
	pages = {359--369}
}

@article{LasagabasterSierra2002,
	title = {University students’ perceptions of native and non-native speaker teachers of {English}},
	volume = {11},
	number = {2},
	journal = {Language Awareness},
	author = {Lasagabaster, David and Sierra, Juan Manuel},
	year = {2002},
	pages = {132--142}
}

@incollection{LiChuaChenVanTienNguyen2011,
	address = {Bruxelles},
	title = {Professeur de {FLE} natif vs non natif dans le contexte taïwanais : comment les étudiants taïwanais perçoivent-ils le rôle de chacun?},
	booktitle = {L’enseignement non natif : identités et légitimité dans l’enseignement-apprentissage des langues étrangères},
	publisher = {E.M.E},
	author = {Li-Chua Chen, Megali and Van Tien Nguyen, Etienne},
	editor = {Dervin, Fred and Badrinathan, Vasumathi},
	year = {2011},
	pages = {167--185}
}

@article{LindemannMoran2017,
	title = {The role of the descriptor “broken {English}” in ideologies about nonnative speech},
	volume = {46},
	journal = {Language in Society},
	author = {Lindemann, Stephanie and Moran, Katherine},
	year = {2017},
	pages = {649--669}
}

@article{LindemannSubtirelu2013,
	title = {Reliably biased: the role of listener expectation in the perception of second language speech},
	volume = {63},
	number = {3},
	journal = {Language Learning},
	author = {Lindemann, Stephanie and Subtirelu, Nicholas},
	year = {2013},
	pages = {567--594}
}

@book{Llurda2005,
	address = {New York},
	title = {Non-native language teachers. {Perceptions}, challenges and contributions to the profession},
	publisher = {Springer},
	author = {Llurda, Enric},
	year = {2005}
}

@article{Medgyes1992,
	title = {Native or non-native: who’s worth more?},
	volume = {46},
	journal = {ELT Journal},
	author = {Medgyes, Péter},
	year = {1992},
	pages = {340--349}
}

@book{Medgyes1994,
	address = {London},
	title = {The non-native teacher},
	publisher = {MacMillan},
	author = {Medgyes, Péter},
	year = {1994}
}

@article{Melo-Pfeifer2017,
	title = {« {Es} ist nicht wirklich negativ, sondern eher authentisch » : l’authenticité plurilingue du professeur universitaire « non-natif ». {Une} étude de cas de la perception des étudiants à l’{Université} de {Hambourg}},
	volume = {106},
	journal = {Bulletin suisse de linguistique appliquée},
	author = {Melo-Pfeifer, Silvia},
	year = {2017},
	pages = {99--119}
}

@article{Menghini2017,
	title = {Supporting multilingualism in academic writing},
	volume = {11},
	number = {4},
	journal = {International Journal of Language Studies},
	author = {Menghini, Michela},
	year = {2017},
	pages = {107--130}
}

@incollection{Miller2010,
	address = {Hong Kong},
	title = {Chinese pre-service teachers in {Australia}: {Language}, identity, and practice},
	booktitle = {International education and the {Chinese} learner},
	publisher = {Hong Kong University Press},
	author = {Miller, Jennifer},
	editor = {Ryan, Janette and Slethaug, Gordon},
	year = {2010},
	pages = {129--148}
}

@incollection{Montgomery2011,
	address = {Bristol},
	title = {Developing perceptions of interculturality: {A} troublesome space?},
	booktitle = {Language and learning in the international university. {From} {English} uniformity to diversity and hybridity},
	publisher = {Multilingual Matters},
	author = {Montgomery, Catherine},
	editor = {Preisler, Bent and Klitgard, lda and Fabricius, Anne},
	year = {2011},
	pages = {59--75}
}

@incollection{Mueller2018,
	address = {Amsterdam},
	title = {English as a lingua franca at the multilingual university. {A} comparison of monolingually and multilingually raised students and instructors},
	booktitle = {Foreign language education in multilingual classrooms},
	publisher = {John Benjamins Publishing Company},
	author = {Mueller, Jessica},
	editor = {Bonnet, Anadreas and Siemud, Peter},
	year = {2018},
	pages = {359--380}
}

@article{Pratt1991,
	title = {Arts of the contact zone},
	volume = {91},
	journal = {Profession},
	author = {Pratt, Mary Louise},
	year = {1991},
	pages = {33--40}
}

@incollection{Rajagopalan2005,
	address = {New York},
	title = {Non-native speaker teachers of {English} and their anxieties: ingredients for an experiment in action research},
	booktitle = {Non-native language teachers. {Perceptions}, challenges and contributions to the profession},
	publisher = {Springer},
	author = {Rajagopalan, Kanavilil},
	editor = {Llurda, Enric},
	year = {2005},
	pages = {283--303}
}

@incollection{RoussiCherkaoui2011,
	address = {Bruxelles},
	title = {L’insécurité linguistique entre pratiques enseignantes et compétences  langagières : vers une redéfinition du rôle de l’enseignant de langues},
	booktitle = {L’enseignement non natif : identités et légitimité dans l’enseignement-apprentissage des langues étrangères},
	publisher = {E.M.E},
	author = {Roussi, Maria and Cherkaoui, Kenza},
	editor = {Dervin, Fred and Badrinathan, Vasumathi},
	year = {2011},
	pages = {237--264}
}

@article{Ruiz1984,
	title = {Orientations in language planning},
	volume = {8},
	doi = {10.1080/08855072.1984.10668464},
	number = {2},
	journal = {NABE Journal},
	author = {Ruiz, Richard},
	year = {1984},
	pages = {15--34}
}

@book{SavinBaden2008,
	address = {Maidenhead},
	title = {Learning spaces: {Creating} opportunities for knowledge creation in academic life},
	publisher = {Open University Press},
	author = {Savin-Baden, Maggi},
	year = {2008}
}

@article{Subtirelu2015,
	title = {“{She} does have an accent but…”: {Race} and language ideology in students' evaluations of mathematics instructors on {RateMyProfessors}.com},
	volume = {44},
	journal = {Language in Society},
	author = {Subtirelu, Nicholas},
	year = {2015},
	pages = {35--62}
}

@article{Taillefer2004,
	title = {Enseigner une matière disciplinaire en langue étrangère dans le contexte français des sciences sociales: défi, observations et implications},
	volume = {45-46},
	journal = {La revue GERAS ASP},
	author = {Taillefer, Garcia},
	year = {2004},
	pages = {111--126}
}

@article{VargheseEtAl2005,
	title = {Theorizing language teacher identity: three perspectives and beyond},
	volume = {4},
	number = {1},
	journal = {Journal of Language, Identity and Education},
	author = {Varghese, Manka M. and Morgan, Brian J. and Johnson, Bill and Johnson, Kimberly A.},
	year = {2005},
	pages = {1--44}
}

@article{Yanaprasart2017,
	title = {Stretching the boundaries of your linguistic comfort zone, an inclusive way to lead a multilingual team},
	volume = {106},
	journal = {Bulletin VALS/ASLA},
	author = {Yanaprasart, Patchareerat},
	year = {2017},
	pages = {25--43}
}

@article{Yanaprasart2018,
	title = {Enjeux de la double médiation du plurilinguisme dans le milieu académique multilingue. {Internationalisation} ou diversité dans l’enseignement supérieur ?},
	volume = {15},
	doi = {10.4000/rdlc.2991},
	number = {2},
	journal = {Recherches en didactique des langues et des cultures},
	author = {Yanaprasart, Patchareerat},
	month = {6},
	year = {2018}
}

@incollection{Yanaprasart2018-1,
	address = {Paris},
	title = {Des enjeux linguistiques de la diversité académique aux défis didactiques d’enseignants non-natifs de la langue d’enseignement. {Regards} des étudiants},
	booktitle = {Interculturalité, circulation et globalisation.  {Nouveaux} contextes et nouvelles pratiques},
	publisher = {L’Harmattan},
	author = {Yanaprasart, Patchareerat},
	editor = {Razafindratsimba, Dominique Tiana and Razafindralambo, Lolona N.},
	year = {2018},
	pages = {307--322}
}

@incollection{Yanaprasart2019,
	address = {Limorges},
	title = {Défis de la diversité des langues dans la gestion des disciplines et des cultures académiques},
	booktitle = {De la diversité culturelle à l'interculturel dans l'enseignement des langues - de la classe de langues à l’espace interculturel},
	publisher = {Editions Lambert-Lucas},
	author = {Yanaprasart, Patchareerat},
	editor = {Bolat, Altangul and Noriyuki, Noriyuki and Jourdan-Ôtsuka, Romain},
	year = {2019},
	pages = {51--70}
}

@article{Yanaprasart2020,
	title = {Language of knowledge and knowledge of language: {Towards} plurilingual sciences?},
	volume = {10},
	doi = {10.1080/21568235.2020.1777450},
	language = {en},
	number = {3},
	journal = {European Journal of Higher Education},
	author = {Yanaprasart, Patchareerat},
	month = {7},
	year = {2020},
	pages = {257--275}
}

@article{YanaprasartLüdi2018,
	title = {Diversity and multilingual challenges in academic settings},
	volume = {21},
	doi = {10.1080/13670050.2017.1308311},
	language = {en},
	number = {7},
	journal = {International Journal of Bilingual Education and Bilingualism},
	author = {Yanaprasart, Patchareerat and Lüdi, Georges},
	month = {10},
	year = {2018},
	pages = {825--840}
}

@book{YanaprasartMelo-Pfeifer2017,
	address = {Hamburg},
	title = {Représentations des enseignants plurilingues par des étudiants dans le domaine de la didactique des langues. {Entre} perception monolingue et plurilingue du plurilinguisme},
	publisher = {Projet concours interne Genève},
	author = {Yanaprasart, Patchareerat and Melo-Pfeifer, Sílvia},
	year = {2017}
}

@article{YanaprasartMelo-Pfeifer2019,
	title = {Students’ perceptions of authenticity of plurilingual non-native teachers in multilingual higher education settings: an exploratory and comparative case study of {Geneva} and {Hamburg}},
	volume = {9},
	shorttitle = {Students’ perceptions of authenticity of plurilingual non-native teachers in multilingual higher education settings},
	doi = {10.1080/21568235.2019.1597749},
	language = {en},
	number = {3},
	journal = {European Journal of Higher Education},
	author = {Yanaprasart, Patchareerat and Melo-Pfeifer, Sílvia},
	month = {7},
	year = {2019},
	pages = {327--342}
}

@incollection{Cenoz2001,
	address = {Clevedon},
	title = {The effect of linguistic distance, {L2} status and age on cross-linguistic influence in third language acquisition},
	booktitle = {Cross-linguistic influence in third language acquisition: {Psycholinguistic} perspectives},
	publisher = {Multilingual Matters},
	author = {Cenoz, Jasone},
	editor = {Cenoz, Jasone and Hufeisen, Britta and Jessner, Ulrike},
	year = {2001},
	pages = {8--20}
}

@article{Cenoz2003,
	title = {The additive effect of bilingualism on third language acquisition: a review},
	volume = {7},
	number = {1},
	journal = {The International Journal of Bilingualism},
	author = {Cenoz, Jasone},
	year = {2003},
	pages = {1--5}
}

@book{Cook2001,
	address = {London},
	title = {Second language learning and language teaching},
	publisher = {Arnold},
	author = {Cook, Vivian},
	year = {2001}
}

@book{Cook1985,
	address = {Oxford},
	title = {Understanding second language acquisition},
	publisher = {Oxford University Press},
	author = {Cook, Vivian},
	year = {1985}
}

@book{FreemanFreeman2001,
	address = {Porthsmouth, NH},
	title = {Between worlds: {Access} to second language acquisition},
	publisher = {Heinemann},
	author = {Freeman, David and Freeman, Yvonne},
	year = {2001}
}

@incollection{HerdinaJessner2000,
	address = {Clevedon},
	title = {The dynamics of a third language acquisition},
	booktitle = {English in {Europe}: {The} acquisition of a third language},
	publisher = {Multilingual Matters},
	author = {Herdina, Philip and Jessner, Ulrike},
	editor = {Cenoz, Jasone and Jessner, Ulrike},
	year = {2000},
	pages = {84--88}
}

@article{Jessner1999,
	title = {Metalinguistic awareness in multilinguals: {Cognitive} aspects of third language learning},
	volume = {8},
	number = {3,4},
	journal = {Language Awareness},
	author = {Jessner, Ulrike},
	year = {1999},
	pages = {201--209}
}

@book{MitchelMyles2004,
	address = {London},
	title = {Second language theories},
	publisher = {Hodder Arnold},
	author = {Mitchel, Rosamond and Myles, Florence},
	year = {2004}
}

@incollection{Nunan2001,
	address = {Cambridge},
	title = {Second language acquisition},
	booktitle = {The {Cambridge} guide to teaching {English} to speakers of other languages},
	publisher = {Cambridge University Press},
	year = {2001},
	author = {Nunan, David},
	editor = {Carter, Ronald and Nunan, David}
}







@article{AroninOLaoire2003,
	title = {Multilingual students’ awareness of their language teacher’s other languages},
	volume = {12},
	doi = {doi:10.1080/09658410308667077},
	number = {3-4},
	journal = {Language Awareness},
	author = {Aronin, Larissa and Ó Laoire, Muiris},
	year = {2003},
	pages = {204--219}
}

@article{Bagnoli2003,
	title = {Beyond the standard interview: {The} use of graphic elicitation and arts-based methods},
	volume = {9},
	number = {5},
	journal = {Qualitative Research},
	author = {Bagnoli, Anna},
	year = {2003},
	pages = {547--570}
}

@book{BeaccoEtAl2010,
	address = {Strasbourg},
	title = {Guide for the development and implementation of curricula for plurilingual and intercultural education},
	publisher = {Council of Europe},
	author = {Beacco, Jean-Claude and Byram, Michael and Cavalli, Marisa and Coste, Daniel and Cuenat, Mirjam Egli and Goullier, Francis and Panthier, Johanna},
	year = {2010}
}

@article{BonoStratilaki2009,
	title = {The {M}-factor, a bilingual asset for plurilinguals? {Learners}’ representations, discourse strategies and third language acquisition in institutional contexts},
	volume = {6},
	number = {2},
	journal = {International Journal of Multilingualism},
	author = {Bono, Mariana and Stratilaki, Sofia},
	year = {2009},
	pages = {207--227}
}

@book{CenozGenesee1998,
	address = {Clevedon},
	title = {Beyond bilingualism: {Multilingualism} and multilingual education},
	volume = {110},
	publisher = {Multilingual Matters},
	editor = {Cenoz, Jasone and Genesee, Fred},
	year = {1998}
}

@article{CenozGorter2011,
	title = {Focus on multilingualism: {A} study of trilingual writing},
	volume = {95},
	number = {3},
	journal = {The Modern Language Journal},
	author = {Cenoz, Jasone and Gorter, Durk},
	year = {2011},
	pages = {356--369}
}

@incollection{CenozEtAl2017,
	address = {Cham},
	title = {Translanguaging as a pedagogical tool in multilingual education},
	booktitle = {Language awareness and multilingualism},
	publisher = {Springer},
	author = {Cenoz, Jasone and Gorter, Durk},
	editor = {Cenoz, Jasone and Gorter, Durk and May, Stephen},
	year = {2017},
	pages = {309--321}
}

@book{Cenoz2009,
	address = {Bristol},
	title = {Towards multilingual education: {Basque} educational research from an international perspective},
	volume = {72},
	publisher = {Multilingual Matters},
	author = {Cenoz, Jasone},
	year = {2009}
}

@article{Cenoz2013,
        ids = {Cenoz2013a},
	title = {Defining multilingualism},
	volume = {33},
	journal = {Annual Review of Applied Linguistics},
	author = {Cenoz, Jasone},
	year = {2013},
	pages = {3--18}
}

@article{Cenoz2013,
        ids = {Cenoz2013b},
	title = {The influence of bilingualism on third language acquisition: {Focus} on multilingualism},
	volume = {46},
	number = {1},
	journal = {Language Teaching},
	author = {Cenoz, Jasone},
	year = {2013},
	pages = {71--86}
}

@article{Cook1992,
	title = {Evidence for multicompetence},
	volume = {42},
	number = {4},
	journal = {Language Learning},
	author = {Cook, Vivian J.},
	year = {1992},
	pages = {557--591}
}

@incollection{Cook1993,
	address = {Tübingen},
	title = {Wholistic multi-competence—{Jeu} d’esprit or paradigm shift?},
	volume = {378},
	booktitle = {Current issues in {European} second language acquisition research},
	publisher = {Gunter Narr Verlag},
	author = {Cook, Vivian},
	editor = {Kettemann, Bernhard},
	year = {1993},
	pages = {3--8}
}

@book{CouncilOfEurope2001,
	address = {Cambridge},
	title = {Common {European} framework of reference for languages: {Learning}, teaching, assessment},
	publisher = {Cambridge University Press},
	author = {{Council of Europe}},
	year = {2001}
}

@article{Celik2013,
	title = {Plurilingualism, pluriculturalism, and the {CEFR}: {Are} {Turkey}’s foreign language objectives reflected in classroom instruction?},
	volume = {70},
	journal = {Procedia-Social and Behavioral Sciences},
	author = {Çelik, Servet},
	year = {2013},
	pages = {1872--1879}
}

@book{DeAngelis2007,
	address = {Clevedon},
	title = {Third or additional language acquisition},
	volume = {24},
	publisher = {Multilingual Matters},
	author = {De Angelis, Gessica},
	year = {2007}
}

@article{DeCuirGunbyEtAl2011,
	title = {Developing and using a codebook for the analysis of interview data: {An} example from a professional development research project},
	volume = {23},
	number = {2},
	journal = {Field methods},
	author = {De-Cuir Gunby, Jessica T. and Marshall, Patricia L. and McCulloch, Allison},
	year = {2011},
	pages = {136--155}
}

@article{Dmitrenko2017,
	title = {Language learning strategies of multilingual adults learning additional languages},
	volume = {14},
	number = {1},
	journal = {International Journal of Multilingualism},
	author = {Dmitrenko, Violetta},
	year = {2017},
	pages = {6--22}
}

@article{Ellis2004,
	title = {The invisible multilingual teacher: {The} contribution of language background to {Australian} {ESL} teachers’ professional knowledge and beliefs},
	volume = {1},
	number = {2},
	journal = {International Journal of Multilingualism},
	author = {Ellis, Elizabeth M.},
	year = {2004},
	pages = {90--108}
}

@article{Ellis2013,
	title = {The {ESL} teacher as plurilingual: {An} {Australian} perspective},
	volume = {47},
	number = {3},
	journal = {Tesol Quarterly},
	author = {Ellis, Elizabeth M.},
	year = {2013},
	pages = {446--471}
}

@book{FraenkleWallen2009,
	address = {New York},
	title = {How to design and evaluate research in education},
	publisher = {McGrow-Hill},
	author = {Fraenkle, Jack R. and Wallen, Norman E.},
	year = {2009}
}

@book{GarciaWei2014,
	address = {London},
	title = {Translanguaging: {Language}, bilingualism and education},
	publisher = {Palgrave Macmillan},
	author = {García, Ofelia and Wei, Li},
	year = {2014}
}

@incollection{GibsonHufeisen2003,
	address = {Dordrecht},
	title = {Investigating the role of prior foreign language knowledge: {Translating} from an unknown into a known foreign language},
	booktitle = {The multilingual lexicon},
	publisher = {Kluwer Academic Publishers},
	author = {Gibson, Martha and Hufeisen, Britta},
	editor = {Cenoz, Jasone and Hufeisen, Britta and Jessner, Ulrike},
	year = {2003},
	pages = {87--102}
}

@incollection{GöbelVieluf2014,
	address = {Amsterdam},
	title = {The effects of language transfer as a resource in instruction},
	booktitle = {Plurilingual education: {Policies} – practices – language development},
	publisher = {John Benjamins Publishing Company},
	author = {Göbel, Kerstin and Vieluf, Svenja},
	editor = {Grommes, Patrick and Hu, Adelheid},
	year = {2014},
	pages = {181--195}
}

@article{GrivaEtAl2016,
	title = {Policies for plurilingual education and {FL} teaching in three {European} countries: a comparative account of teachers’views},
	volume = {4},
	number = {2},
	journal = {International Journal of Languages’ Education},
	author = {Griva, Eleni and Panteli, Panayiotis and Nihoritou, Ioanna},
	year = {2016},
	pages = {37}
}

@book{Grosjean2008,
	address = {Oxford},
	series = {Oxford {Linguistics}},
	title = {Studying bilinguals},
	publisher = {OUP Oxford},
	author = {Grosjean, François},
	year = {2008}
}

@book{HerdinaJessner2002,
	address = {Clevedon},
	title = {A dynamic model of multilingualism: {Perspectives} of change in psycholinguistics},
	volume = {121},
	publisher = {Multilingual Matters},
	author = {Herdina, Philip and Jessner, Ulrike},
	year = {2002}
}

@article{HigginsPonte2017,
	title = {Legitimating multilingual teacher identities in the mainstream classroom},
	volume = {101},
	number = {1},
	journal = {The Modern Language Journal},
	author = {Higgins, Christina and Ponte, Eva},
	year = {2017},
	pages = {15--28}
}

@incollection{HufeisenNeuner2004,
	address = {Strasbourg},
	title = {A brief introduction to the linguistic foundations},
	booktitle = {The plurilingualism project: tertiary language learning: {German} after {English}},
	publisher = {Council of Europe},
	author = {Hufeisen, Britta},
	editor = {Hufeisen, Britta and Neuner, Gerhard},
	year = {2004},
	pages = {7--11}
}

@article{James2007,
	title = {The use of email interviewing as a qualitative method of inquiry in educational research},
	volume = {33},
	number = {6},
	journal = {British Educational Research Journal},
	author = {James, Nalita},
	year = {2007},
	pages = {963--976}
}

@article{JessnerEtAl2016,
	title = {Emerging multilingual awareness in educational contexts: {From} theory to practice},
	volume = {72},
	number = {2},
	journal = {Canadian Modern Language Review},
	author = {Jessner, Ulrike and Allgäuer, Hackl and Hofer, Barbara},
	year = {2016},
	pages = {157--182}
}

@article{Jessner1999,
	title = {Metalinguistic awareness in multilinguals: {Cognitive} aspects of third language learning},
	volume = {8},
	number = {3-4},
	journal = {Language Awareness},
	author = {Jessner, Ulrike},
	year = {1999},
	pages = {201--209}
}

@book{Jessner2006,
	address = {Edinburgh},
	title = {Linguistic awareness in multilinguals: {English} as a third language},
	publisher = {Edinburgh University Press},
	author = {Jessner, Ulrike},
	year = {2006}
}

@phdthesis{Kemp2001,
	address = {Edinburgh},
	type = {Doctoral dissertation},
	title = {Metalinguistic awareness in multilinguals: {Implicit} and explicit grammatical awareness and its relationship with language experience and language attainment},
	school = {University of Edinburgh},
	author = {Kemp, Charlotte},
	year = {2001}
}

@article{Korkmaz2013,
	title = {Third language learning strategies of {ELT} learners studying either {German} or {French}},
	volume = {28},
	number = {1},
	journal = {Hacettepe Üniversitesi Eğitim Fakültesi Dergisi},
	author = {Korkmaz, Şule Çelik},
	year = {2013},
	pages = {92--104}
}

@article{LandisKoch1977,
	title = {The measurement of observer agreement for categorical data},
	volume = {33},
	number = {1},
	journal = {Biometrics},
	author = {Landis, J. Richard and Koch, Gary G.},
	year = {1977},
	pages = {159--174}
}

@article{MarxHufeisen2004,
	title = {A critical overview of research on third language acquisition and multilingualism published in the german language},
	volume = {1},
	number = {2},
	journal = {International Journal of Multilingualism},
	author = {Marx, Nicole and Hufeisen, Britta},
	year = {2004},
	pages = {141--154}
}

@book{MilesEtAl2014,
	address = {Thousand Oaks,CA},
	edition = {3rd},
	title = {Qualitative data analysis: {A} methods sourcebook},
	publisher = {Sage},
	author = {Miles, Matthew B. and Huberman, A. Michael and Saldaña, Johnny},
	year = {2014}
}

@article{Mirici2008,
	title = {Development and validation process of a {European} language portfolio model for young learners},
	volume = {9},
	number = {2},
	journal = {Turkish Online Journal of Distance Education},
	author = {Mirici, Ismail Hakki},
	year = {2008},
	pages = {26--34}
}

@incollection{HufeisenNeuner2004,
	address = {Strasbourg},
	title = {The concept of plurilingualism and tertiary language didactics},
	booktitle = {The plurilingualism project: tertiary language learning: {German} after {English}},
	publisher = {Council of Europe},
	author = {Neuner, Gerhard},
	editor = {Hufeisen, Britta and Neuner, Gerhard},
	year = {2004},
	pages = {13--34}
}

@article{Otwinowska2014,
	title = {Does multilingualism influence plurilingual awareness of {Polish} teachers of {English}?},
	volume = {11},
	number = {1},
	journal = {International Journal of Multilingualism},
	author = {Otwinowska, Agnieszka},
	year = {2014},
	pages = {97--119}
}

@book{Patton2002,
	address = {Thousand Oaks,CA},
	title = {Qualitative research and evaluation methods},
	publisher = {Sage},
	author = {Patton, Michael Quinn},
	year = {2002}
}

@book{Saldaña2013,
	address = {London},
	title = {The coding manual for qualitative researchers},
	publisher = {Sage},
	author = {Saldaña, Johnny},
	year = {2013}
}

@article{Sanchez2015,
	title = {L2 activation and blending in third language acquisition: {Evidence} of crosslinguistic influence from the {L2} in a longitudinal study on the acquisition of {L3} {English}},
	volume = {18},
	number = {2},
	journal = {Bilingualism: language and cognition},
	author = {Sánchez, Laura},
	year = {2015},
	pages = {252--269}
}

@article{Sandelowski1993,
	title = {Rigor or rigor mortis: the problem of rigor in qualitative research},
	volume = {16},
	number = {2},
	journal = {Advances in nursing science},
	author = {Sandelowski, Margaret},
	year = {1993},
	pages = {1--8}
}

@article{VieraGarrett2005,
	title = {Understanding interobserver agreement: the kappa statistic},
	volume = {37},
	number = {5},
	journal = {Fam Med},
	author = {Viera, Anthony J. and Garrett, Joanne M.},
	year = {2005},
	pages = {360--363}
}



@article{ArocenaEgañaEtAl2015,
	title = {Teachers’ beliefs in multilingual education in the {Basque} country and in {Friesland}},
	volume = {3},
	number = {2},
	journal = {Journal of Immersion and Content-Based Language Education},
	author = {Arocena Egaña, Elizabet and Cenoz, Jasone and Gorter, Durk},
	year = {2015},
	pages = {169--193}
}

@incollection{Bakhtin1981,
	address = {Texas},
	title = {Discourse in the novel},
	booktitle = {The dialogic imagination: {Four} essays by {M}. {Bakhtin}},
	publisher = {University of Texas Press},
	author = {Bakhtin, Mikhail},
	editor = {Holquist, Michael and Emerson, Caryl},
	year = {1981},
	pages = {259--422}
}

@book{BallWarshauerFreedman2004,
	address = {Cambridge},
	title = {Bakhtinian perspectives on language, literacy, and learning},
	publisher = {Cambridge University Press},
	editor = {Ball, Arnetha and Warshauer Freedman, Sarah},
	year = {2004}
}

@article{Borg2004,
	title = {The apprenticeship of observation},
	volume = {58},
	number = {3},
	journal = {ELT Journal},
	author = {Borg, Michaela},
	year = {2004},
	pages = {274--276}
}

@book{Candelier2007,
	title = {{CARAP} – {Cadre} de référence pour les approches plurielles des langues et des cultures},
	publisher = {Centre européen pour les langues vivantes du Conseil de l’Europe},
	author = {Candelier, Michel},
	year = {2007}
}

@article{Cenoz2003,
	title = {The additive effect of bilingualism on third language acquisition: {A} review},
	volume = {7},
	number = {1},
	journal = {International Journal of Bilingualism},
	author = {Cenoz, Jasone},
	year = {2003},
	pages = {71--87}
}

@incollection{CenozGorter2014,
	title = {Focus on multilingualism as an approach in educational contexts},
	booktitle = {Heteroglossia as practice and pedagogy},
	publisher = {Springer},
	author = {Cenoz, Jasone and Gorter, Durk},
	editor = {Creese, Angela and Blackledge, Adrian},
	year = {2014},
	pages = {239--254}
}

@article{Cook1992,
	title = {Evidence for multicompetence},
	volume = {42},
	journal = {Language Learning},
	author = {Cook, Vivian},
	year = {1992},
	pages = {557--591}
}

@article{Cook2001,
	title = {Using the first {Language} in the classroom},
	volume = {57},
	issn = {0008-4506, 1710-1131},
	url = {https://utpjournals.press/doi/10.3138/cmlr.57.3.402},
	doi = {10.3138/cmlr.57.3.402},
	language = {en},
	number = {3},
	journal = {Canadian Modern Language Review},
	author = {Cook, Vivian},
	month = {3},
	year = {2001},
	pages = {399--423}
}

@book{Council_of_europe2001,
	address = {Cambridge},
	title = {Common {European} framework of reference for languages: {Learning}, teaching, assessment},
	publisher = {Cambridge University Press},
	author = {{Council of Europe}},
	year = {2001}
}

@article{CreeseBlackledge2010,
	title = {Translanguaging in the bilingual classroom: {A} pedagogy for learning and teaching?},
	volume = {94},
	issn = {00267902, 15404781},
	shorttitle = {Translanguaging in the {Bilingual} {Classroom}},
	url = {http://doi.wiley.com/10.1111/j.1540-4781.2009.00986.x},
	doi = {10.1111/j.1540-4781.2009.00986.x},
	language = {en},
	number = {1},
	journal = {The Modern Language Journal},
	author = {Creese, Angela and Blackledge, Adrian},
	month = {3},
	year = {2010},
	pages = {103--115}
}

@article{Cummins2007,
	title = {Rethinking monolingual instructional strategies in multilingual classrooms},
	volume = {10},
	number = {2},
	journal = {Canadian Journal of Applied Linguistics},
	author = {Cummins, Jim},
	year = {2007},
	pages = {221--240}
}

@article{DeAngelis2011,
	title = {Teachers' beliefs about the role of prior language knowledge in learning and how these influence teaching practices},
	volume = {8},
	issn = {1479-0718, 1747-7530},
	url = {http://www.tandfonline.com/doi/abs/10.1080/14790718.2011.560669},
	doi = {10.1080/14790718.2011.560669},
	language = {en},
	number = {3},
	journal = {International Journal of Multilingualism},
	author = {De Angelis, Gessica},
	month = {8},
	year = {2011},
	pages = {216--234}
}

@book{Dornyei2010,
	address = {New York},
	edition = {2},
	title = {Questionnaires in second language research: construction, administration, and processing},
	publisher = {Routledge},
	author = {Dörnyei, Zoltan},
	year = {2010}
}

@article{Duff2007,
	title = {Multilingualism in {Canadian} schools: {Myths}, realities and possibilities},
	volume = {10},
	number = {2},
	journal = {Canadian Journal of Applied Linguistics},
	author = {Duff, Patricia},
	year = {2007},
	pages = {149--163}
}

@book{EllisShintani2014,
	address = {New York},
	title = {Exploring language pedagogy through second language acquisition research},
	publisher = {Routledge},
	author = {Ellis, Rod and Shintani, Natsuko},
	year = {2014}
}

@article{GalanteEtAl2019,
	title = {Plurilingualism in higher education: {A} collaborative initiative for the implementation of plurilingual pedagogy in an {English} for academic purposes program at a {Canadian} university},
	volume = {36},
	issn = {1925-8917, 0826-435X},
	shorttitle = {Plurilingualism in {Higher} {Education}},
	url = {http://www.teslcanadajournal.ca/index.php/tesl/article/view/1345},
	doi = {10.18806/tesl.v36i1.1305},
	number = {1},
	journal = {TESL Canada Journal},
	author = {Galante, Angelica and Okubo, Kerstin and Cole, Christina and Elkader, Nermine Abd and Carozza, Nicola and Wilkinson, Claire and Wotton, Charles and Vasic, Jelena},
	month = {10},
	year = {2019},
	pages = {121--133}
}

@article{GalanteEtAl2020,
	title = {“{English}-only is not the way to go:” {Teachers}’ perceptions of plurilingual instruction in an {English} program at a {Canadian} university},
	volume = {In Press},
	journal = {TESOL Quarterly},
	author = {Galante, Angelica and Okubo, Kerstin and Cole, Christina and Elkader, Nermine and Wilkinson, Claire and Carozza, Nicola and Wotton, Charles and Vasic, Jelena},
	year = {2020}
}

@book{GarciaLi2014,
	address = {London},
	title = {Translanguaging: {Language}, bilingualism and education},
	publisher = {Palgrave Macmillan},
	author = {García, Ofelia and Li, Wei},
	year = {2014}
}

@article{Haukås2016,
	title = {Teachers’ beliefs about multilingualism and a multilingual pedagogical approach},
	volume = {13},
	doi = {https://doi.org/10.1080/14790718.2015.1041960},
	number = {1},
	journal = {International Journal of Multilingualism},
	author = {Haukås, Åsta},
	year = {2016},
	pages = {1--18}
}

@book{HerdinaJessner2002,
	title = {A dynamic model of multilingualism: {Perspectives} of change in psycholinguistics},
	publisher = {Multilingual Matters},
	author = {Herdina, Philip and Jessner, Ulrike},
	year = {2002}
}

@article{HorstEtAl2010,
	title = {First and second language knowledge in the language classroom},
	volume = {14},
	issn = {1367-0069, 1756-6878},
	url = {http://journals.sagepub.com/doi/10.1177/1367006910367848},
	doi = {10.1177/1367006910367848},
	language = {en},
	number = {3},
	journal = {International Journal of Bilingualism},
	author = {Horst, Marlise and White, Joanna and Bell, Philippa},
	month = {9},
	year = {2010},
	pages = {331--349}
}

@incollection{Hufeisen2000,
	title = {A {European} perspective: {Tertiary} languages with a focus on {German} as {L3}},
	booktitle = {Handbook of undergraduate second language education: {English} as a second language, bilingual, and foreign language instruction for a multilingual world},
	publisher = {Erlbaum},
	author = {Hufeisen, Britta},
	editor = {Rosenthal, Judith},
	year = {2000},
	pages = {209--229}
}

@book{HufeisenMarx2007,
	title = {{EuroComGerm} - {Die} sieben {Siebe}: {Germanische} {Sprachen} lesen lernen},
	publisher = {Shaker},
	author = {Hufeisen, Britta and Marx, Nicole},
	year = {2007}
}

@article{JeffriesMaeder2005,
	title = {Using vignettes to build and assess teacher understanding of instructional strategies},
	volume = {27},
	number = {2},
	journal = {Professional Educator},
	author = {Jeffries, Carolyn and Maeder, Dale},
	year = {2005},
	pages = {17--28}
}

@article{Jessner2008,
	title = {A {DST} model of multilingualism and the role of metalinguistic awareness},
	volume = {92},
	journal = {The Modern Language Journal},
	author = {Jessner, Ulrike},
	year = {2008},
	pages = {270--283}
}

@incollection{Jessner2017,
	title = {Language awareness in multilinguals: {Theoretical} trends},
	booktitle = {Language awareness and multilingualism},
	publisher = {Springer},
	author = {Jessner, Ulrike},
	editor = {Cenoz, Jasone and Gorter, Durk and May, Stephen},
	year = {2017},
	pages = {19--29}
}

@article{LeonetEtAl2020,
	title = {Developing morphological awareness across languages: translanguaging pedagogies in third language acquisition},
	volume = {29},
	issn = {0965-8416, 1747-7565},
	shorttitle = {Developing morphological awareness across languages},
	url = {https://www.tandfonline.com/doi/full/10.1080/09658416.2019.1688338},
	doi = {10.1080/09658416.2019.1688338},
	language = {en},
	number = {1},
	journal = {Language Awareness},
	author = {Leonet, Oihana and Cenoz, Jasone and Gorter, Durk},
	month = {1},
	year = {2020},
	pages = {41--59},
	file = {Texto Completo:C\:\\Users\\Miguel\\Zotero\\storage\\G6WBZ7LC\\Leonet et al. - 2020 - Developing morphological awareness across language.pdf:application/pdf}
}

@book{Lortie1975,
	address = {Chicago},
	title = {Schoolteacher: {A} sociological study},
	publisher = {University of Chicago Press},
	author = {Lortie, Dan},
	year = {1975}
}

@article{MartinezEtAl2015,
	title = {Unpacking ideologies of linguistic purism: {How} dual language teachers make sense of everyday translanguaging},
	volume = {9},
	issn = {1931-3152, 1931-3160},
	shorttitle = {Unpacking {Ideologies} of {Linguistic} {Purism}},
	doi = {10.1080/19313152.2014.977712},
	language = {en},
	number = {1},
	journal = {International Multilingual Research Journal},
	author = {Martínez, Ramón Antonio and Hikida, Michiko and Durán, Leah},
	month = {1},
	year = {2015},
	pages = {26--42}
}

@book{MinistereDeLEducationDuQuebec2007,
	address = {Quebec},
	title = {Quebec education program. {English} as a second language. {Secondary} school education, cycle two},
	publisher = {Government of Quebec},
	author = {{Ministère de l’Éducation du Québec}},
	year = {2007}
}

@article{MoraPabloEtAl2011,
	title = {Students and teachers’ reasons for using the first language within the foreign language classroom ({French} and {English}) in {Central} {Mexico}},
	volume = {13},
	number = {2},
	journal = {Profile},
	author = {Mora Pablo, Irasema and Lengeling, Martha and Rubio Zenil, Boaventura and Crawford, Troy and Goodwin, Douglas},
	year = {2011},
	pages = {113--129}
}

@article{PeyerEtAl2010,
	title = {The multilingual reader: {Advantages} in understanding and decoding {German} sentence structure when reading {German} as an {L3}},
	volume = {7},
	number = {3},
	journal = {International Journal of Multilingualism},
	author = {Peyer, Elisabeth and Kaiser, Irmtraud and Berthele, Raphael},
	year = {2010},
	pages = {225--239}
}

@article{PhippsBorg2009,
	title = {Exploring tensions between teachers’ grammar teaching beliefs and practices},
	volume = {37},
	issn = {0346251X},
	url = {https://linkinghub.elsevier.com/retrieve/pii/S0346251X09000542},
	doi = {10.1016/j.system.2009.03.002},
	language = {en},
	number = {3},
	urldate = {2020-09-02},
	journal = {System},
	author = {Phipps, Simon and Borg, Simon},
	month = {9},
	year = {2009},
	pages = {380--390}
}

@book{Ringbom2007,
	title = {The importance of cross-linguistic similarity in foreign language learning: {Comprehension}, learning and production},
	publisher = {Multilingual Matters},
	author = {Ringbom, Håkan},
	year = {2007}
}

@inproceedings{SimonTierney2011,
	title = {Use of vignettes in educational research on sensitive teaching functions such as assessment},
	author = {Simon, Marielle and Tierney, Robin},
	year = {2011},
	pages = {1--13}
}

@article{StravakouLozgka2018,
	title = {Vignettes in qualitative educational research: {Investigating} {Greek} school principals’ values},
	volume = {23},
	number = {5},
	journal = {The Qualitative Report},
	author = {Stravakou, Pelagia and Lozgka, Evangelia},
	year = {2018},
	pages = {1188--1207}
}

@book{TomlinsonMasuhara2018,
	title = {The complete guide to the theory and practice of materials development for language learning},
	publisher = {John Wiley \& Sons},
	author = {Tomlinson, Brian and Masuhara, Hitomi},
	year = {2018}
}
