@article{Alexiadou1998,
	author = {Alexiadou, Artemis  and  Anagnostopoulou, Elena},
	journal = {Natural Language \& Linguistic Theory},
	pages = {491--539},
	title = {Parametrizing {AGR}: {W}ord order, {V}-movement and {EPP}-checking},
	volume = {16},
	year = {1998}
}

@incollection{AlexiadouEtAl2001,
	author={Alexiadou, Artemis and Schäfer, Florian},
	year={2011},
	title={An unaccusativity diagnostic at the Syntax-Semantics interface: there-insertion, indefinites and restitutive again},
	editor={Reich, Ingo and Horch, Eva and Pauly, Dennis}, 
	booktitle={Proceedings of Sinn \& Bedeutung 15},
	pages={101--115},
	address={Saarland},
	publisher={Saarland University Press}
}



@incollection{Alexiadou2010,
	author={Alexiadou, Artemis},
	year={2010},
	title={Post-verbal {N}ominatives: {A}n Unaccusativity Diagnostic under Scrutiny},
	editor={Folli, Rafaela and Ulbrich, Christina}, 
	booktitle={Interfaces in Linguistics: New Research Perspectives},
	pages={56--77},
	address={Oxford},
	publisher={Oxford University Press}
}



@article{Avelar2009,
	author = {Avelar, Juanito},
	journal = {{Matraga}},
	pages = {232--252},
	title = {Inversão locativa e sintaxe de concordância no português brasileiro [Locative inversion and agrément syntax in {Brazilian Portuguese}]},
	volume = {24},
	year = {2009}
}



@article{Avelar2008,
	author = {Avelar, Juanito  and  Cyrino, Sônia},
	journal = {Revista de Estudos Linguísticos da Universidade do Porto},
	pages = {55--75},
	title = {Locativos preposicionados em posição de sujeito: uma possível contribuição das línguas Bantu à sintaxe do português brasileiro [Preposed locatives in subject position: a possible contribution of Bantu languages to Brazilian Portuguese syntax]},
	volume = {3},
	year = {2008}
}



@inproceedings{Avelar2011,
	author={Avelar, Juanito and Galves, Charlotte},
	year={2011},
	title={Tópico e concordância em português brasileiro e português europeu [{Topics and agreement in Brazilian and European portuguese}]},
	journal={Textos seleccionados do XXVI Encontro Nacional da Associação Portuguesa de Linguística},
	pages={49--65}
}



@incollection{Barbosa2011,
	author={Barbosa, Pilar},
	year={2011},
	title={Partial pro-drop as null {NP}-anaphora},
	editor={Fainleb, Lena and LaCara, Nicholas and Park, Yangsook}, 
	booktitle={Proceedings of NELS 41}, 
	pages={71--84},
	address={Amherst},
	publisher={GLSA Publications}
}


@article={Barbosatoappear,
	author={Barbosa, Pilar},
	pubstate={forthcoming},
	title={Pro as a minimal {NP}: towards a unified theory of pro-drop},
	journal={Linguistic Inquiry}
}



@article{BellettiEtAl1988,
	author={Belletti, Adriana and Rizzi, Luigi}m,
	year={1988},
	title={Psych-verbs and $\theta$-theory},
	journal={Natural Language \& Linguistic Theory}, 
	volume={6},
	number={3},
	pages={291--352}
}



@phdthesis{Berlinck1988,
	title = {{A ordem VSN no português do Brasil: sincronia e diacronia}},
	author = {Berlinck, Rosane},
	address={Campinas},
	school = {University of Campinas},
	year = {1988}
}



@book{Borer2005,
	address = {Oxford},
	author = {Borer, Hagit},
	publisher = {Oxford University Press},
	title = {{Structuring sense II}. The Normal Course of Events},
	year = {2005}
}



@incollection{Brody2013,
	address = {Amsterdam},
	author = {Brody, Michael},
	booktitle = {Papers from the 2011 Lund conference},
	series={Approaches to Hungarian},
	number={13},
	editor = {Brandtler, Johan and Molnár, Valéria and Platzack, Christer},
	pages = {33--43},
	publisher = {John Benjamins Publishing},
	title = {Silent people},
	year = {2013}
}



@phdthesis{Buthers2009,
	address = {Belo Horizonte},
	title={Emergência da ordem ‘{XP V (DP)}’ no {PB Contemporâneo} e o Parâmetro do Sujeito Nulo: uma abordagem minimalista [{The emergence of XP V (DP) in contemporary Brazilian Portuguese and the null subject parameter: a minimalista approach}]},
	author = {Buthers, Christiane},
	school = {Federal University of Minas Gerais},
	year = {2009}
}



@article{Cavalcante2007,
	author={Cavalcante, Sílvia},
	year={2007},
	title={O sujeito nulo de referência indeterminada na fala culta carioca [{The null indeterminate subject in Rio de Janeiro} educated speech]},
	journal={Diadorim},
	volume={2},
	pages={63--82}
}



@phdthesis{Carvalho2016,
	address = {São Paulo},
	author = {Carvalho, Janayna},
	school = {University of São Paulo},
	title = {A morfossintaxe do português brasileiro e sua estrutura argumental: uma investigação sobre anticausativas, médias, impessoais e a alternância agentiva [{Brazilian Portuguese} morphosyntax and its agrument structure: an investigation of anticausatives, middles, impersonals and the agentive alternation]},
	year = {2016}
}



@book{Chomsky1985,
	address = {New York},
	title={Knowledge of language: {I}ts nature, origin, and use},
	author = {Chomsky, Noam},
	publisher = {Praeger},
	year = {1985}
}



@article{Cinque1988,
	author = {Cinque, Guglielmo},
	journal = {Linguistic inquiry},
	pages = {521--581},
	title = {On si constructions and the theory of arb},
	volume = {19},
	year = {1988}
}



@article{Cohen2002,
	author = {Cohen, Ariel  and  Erteschik-Shir, Nomi},
	journal = {Natural Language Semantics},
	pages = {125--165},
	title = {Topic, focus, and the interpretation of bare plurals},
	volume = {10},
	year = {2002}
}



@article{Cyrino2011,
	author = {Cyrino, Sônia},
	journal = {Iberia: An International Journal of Theoretical Linguistics},
	pages = {1--21},
	title = {On complex predicates in Brazilian Portuguese},
	volume = {2},
	year = {2011}
}



@article{Deal2009,
	author = {Deal, Amy Rose},
	journal = {Syntax},
	pages = {285--323},
	title = {The origin and content of expletives: evidence from selection},
	volume = {12},
	year = {2009}
}



@article{DechaineEtAl2002,
	author={Déchaine, Rose-Marie and Wiltschko, Martina},
	year={2002},
	title={Decomposing pronouns},
	journal={Linguistic inquiry},
	volume={33}
	pages={409--442}
}



@phdthesis{Duarte1995,
	address = {Campinas},
	author = {Duarte, Maria Eugênia},
	school = {University of Campinas},
	year = {1995}
	title={{A Perda do Princípio “Evite pronome” no Português Brasileiro [The loss of “Avoid Pronoun” principle in Brazilian Portuguese].}}
}



@phdthesis{Ferreira2000,
	address = {Campinas},
	author = {Ferreira, Marcelo.},
	school = {University of Campinas},
	title= {Argumentos nulos em português brasileiro [{Null arguments in Brazilian Portuguese}].} 
	year = {2000}
}



@book{Figueiredo-Silva1996,
	address = {Campinas},
	author = {Figueiredo-Silva, Maria Cristina.},
	title={A posição sujeito no português brasileiro: frases finitas e infinitivas [{The subject position in Brazilian Portuguese}: finite and infinitive].} 
	publisher = {Ed. da UNICAMP},
	year = {1996}
}



@article{Freeze1992,
	author = {Freeze, Ray},
	journal = {Language},
	pages = {553--595},
	title = {Existentials and other locatives},
	volume = {68},
	year = {1992}
}



@book{Galves2001,
	author={Galves, Charlotte},
	year={2001},
	title={Ensaios sobre as gramáticas do português [{E}ssays on {P}ortuguese grammars]},
	address={Campinas},
	publisher={Editora da Unicamp}
}



@incollection{Guéron1982,
	address = {Paris},
	author = {Guéron, Jacqueline},
	booktitle = {Grammaire transfonnationnelle. {T}heorie et methodologies},
	editor = {Guéron, Jacqueline and Sowley, Tim},
	pages = {185--219},
	publisher = {Univ. de Paris VIII},
	title = {Les opérateurs: contribution à une théorie de traits syntaxiques},
	year = {1982}
}



@article{Holmberg2005,
	author = {Holmberg, Anders},
	journal = {Linguistic Inquiry},
	pages = {533--564},
	title = {Is there a little pro? {Evidence from Finnish}},
	volume = {36},
	year = {2005}
}



@incollection{Holmberg2010,
	address = {Oxford},
	author = {Holmberg, Anders},
	booktitle = {Parametric variation: null subjects in minimalist theory},
	editor = {Biberauer, Theresa and Holmberg, Anders and Roberts, Ian and Sheehan, Michelle},
	pages = {200--230},
	publisher = {Oxford University Press},
	title = {The Null Generic Pronoun in {Finnish: A} Case of Incorporation in {T}},
	year = {2010}
}



@article{Holmberg2009,
	author = {Holmberg, Anders, Nayudu, Aarti  and  Sheehan, Michelle},
	journal = {Studia Linguistica},
	pages = {59--97},
	title = {Three partial null-subject languages: a comparison of {Brazilian Portuguese, Finnish and Marathi}},
	volume = {63},
	year = {2009}
}



@incollection{HolmbergEtAl2002,
	author={Holmberg, Anders and Nikanne, Urpo},
	year={2002},
	title={Expletives, subjects, and topics in {F}innish},
	editor={Svenonius, Peter}, 
	booktitle={Subjects, expletives, and the {EPP}}, 
	pages={71--106},
	address={Oxford},
	publisher={Oxford University Press}
}



@article{HolmbergEtAl2015,
	author={Holmberg, Anders and Phimsawat, On-Usa},
	year={2015},
	title={Generic pronouns and phi-features: evidence from {T}hai},
	editor={Biggs, Alison and Li, Man and Wang, Aiqing and Zhang, Cong},
	JOURNAL={Newcastle and Northumbria working papers in Linguistics}, 
	pages={55--71},
	volume={21},
	number={1},
	url={http://www.ncl.ac.uk/linguistics/research/working-papers/archive/}
}



@incollection{Kayne2008,
	author={Kayne, Richard},
	year={2008},
	title={Expletives, datives, and the tension between morphology and syntax},
	editor={Biberauer, Theresa},
	booktitle={The limits of syntactic variation}, 
	pages={175--217},
	address={Amsterdam},
	publisher={John Benjamins}
}



@article{Kato1999,
	author = {Kato, Mary},
	journal = {Probus},
	pages = {1--37},
	title = {Strong pronouns and weak pronominals in the null subject parameter},
	volume = {11},
	year = {1999}
}



@incollection{Kratzer1995,
	address = {Chicago},
	author = {Kratzer, Angelika},
	booktitle = {The generic book},
	editor = {Carlson, Gregory and Pelletier, Francy},
	pages = {125--175},
	publisher = {Chicago University Press},
	title = {Individual level predicates vs. stage level predicates},
	year = {1995}
}



@incollection{Lunguinho2006,
	author={Lunguinho, Marcus},
	year={2006},
	title={Partição de constituintes no português brasileiro: características sintáticas [{Phrase splitting in Brazilian Portuguese}: syntactic characteristics]},
	editor={Garcia da Silva, Denise},
	booktitle={Língua, Gramática e Discurso}, 
	pages={133--146},
	address={Goiânia},
	publisher={Cânone}
}



@article{Lunguinho2013,
	author = {Lunguinho, Marcus  and  Medeiros Junior, Paulo},
	journal = {Interdisciplinar-Revista de Estudos em Língua e Literatura},
	pages = {7--21},
	title = {Inventou um tipo novo de sujeito: Características sintáticas e semânticas de uma estratégia de indeterminação do sujeito no português brasileiro [{A new type of subject: syntactic and semantic characteristics of na indeterminacy strategy in Brazilian Portuguese]}},
	volume = {9},
	year = {2013}
}



@phdthesis{Nunes1990,
	address = {Campinas},
	author = {Nunes, Jairo},
	title={{O famigerado se: uma análise sincrônica e diacrônica das construções com se apassivador e indeterminador [The clitic se: synchronic and diachronic analyses of passive-se and indeterminate-se constructions]}} 
	school = {University of Campinas Thesis},
	year = {1990}
}



@article{Nunes2008,
	author = {Nunes, Jairo},
	journal = {Journal of Portuguese Linguistics},
	pages = {83--108},
	title = {Inherent Case as a licensing condition for {A}-movement: the case of hyper-raising constructions in {Brazilian Portuguese}},
	volume = {7},
	year = {2008}
}



@misc{Nunes2015,
	author = {Nunes, Jairo},
	title = {Breaching phi-features},
	note={Handout delivered at LSRL16},
	year = {2015}
}



@phdthesis{Pilati2006,
	address = {Brasília},
	author = {Pilati, Eloísa},
	school = {University of Brasília},
	title = {Aspectos sintáticos e semânticos das orações com ordem verbo-sujeito no português do {B}rasil [{Syntactic and semantic aspects of verb-subject sentences in Brazilian Portuguese]}},
	year = {2006}
}



@book{Pilati2013,
	address = {(orgs.), \textit{Estudos e Pesquisas em Teoria da Gramática.} Maceió},
	author = {Pilati, Eloísa  and  Naves, Rozana.},
	publisher = {EDUFAL, 2013},
	title = {Desenvolvendo a hipótese da cisão da categoria pronominal no português brasileiro [Developing the hypothesis of pronominal splitting in Brazilian Portuguese]. In: Moura, Denida and Sibaldo, Marcelo},
	year = {2013}
}



@misc{Pontes1987,
	author = {Pontes, Eunice},
	title = {\textit{O tópico no português do Brasil} [The category Topic in Brazilian Portuguese]. Pontes Editores.},
	year = {1987}
}



@article{Richards2007,
	author = {Richards, Marc},
	journal = {\textit{Linguistic variation yearbook}},
	pages = {139-159},
	title = {On Object Shift, Phases, and Transitive Expletive Constructions in Germanic},
	volume = {6},
	year = {2007}
}



@incollection{Rigau1997,
	address = {Bilbao},
	author = {Rigau, German},
	booktitle = {\textit{Theoretical Issues at the Morphology-Syntax Interface},},
	editor = {Mendikoetxea, Amaya \& Uribe-Etxebarroa, Myriam},
	pages = {395-421},
	publisher = {Universidad del País Basco},
	title = {Locative Sentences and Related Constructions in Catalan, 395-421},
	year = {1997}
}



@article{Ritter2014,
	author = {Ritter, Elisabeth  and  Wiltschko, Martina},
	journal = {\textit{Natural Language \& Linguistic Theory}},
	pages = {1331-1386},
	title = {The composition of INFL},
	volume = {32},
	year = {2014}
}



@misc{Rizzi1982,
	author = {Rizzi, Luigi},
	title = {\textit{Issues in Italian syntax} Walter de Gruyter.},
	year = {1982}
}



@article{Rizzi1986,
	author = {Rizzi, Luigi},
	journal = {\textit{Linguistic Inquiry}},
	pages = {501-557},
	title = {Null Objects in Italian and the Theory of Pro},
	volume = {17},
	year = {1986}
}



@incollection{Rizzi1997,
	address = {Netherlands},
	author = {Rizzi, Luigi},
	booktitle = {\textit{Elements of Grammar},},
	editor = {Haegeman, Liliane},
	pages = {281-337},
	publisher = {Springer},
	title = {The Fine Structure of the Left Periphery},
	year = {1997}
}



@incollection{Rizzi2007,
	author = {Rizzi, Luigi  and  Shlonsky, Ur},
	title = {Strategies of Subject Extraction},
	editor={Sauerland, Uli and Gärtner, Hans-Martin},
	booktitle={Interfaces + Recursion = Language? Chomsky’s Minimalism and the view from Syntax-Semantics},
	pages={115--116},
	address={Berlin},
	publisher={Mouton de Gruyter},
	year = {2007}
}


@misc{Roberts2015,
	author = {Roberts, Ian},
	title = {Null subjects and null arguments},
	note={Handout delivered at MPhil Seminar},
	year = {2015}
}



@phdthesis{Rodrigues2004,
	address = {Maryland},
	author = {Rodrigues, Cilene},
	school = {University of Maryland},
	title={Impoverished morphology and {A}-movement out of Case domains},
	year = {2004}
}



@incollection{Rodrigues2010,
	address = {Amsterdam},
	author = {Rodrigues, Cilene},
	booktitle = {Movement theory of control},
	editor = {Hornstein, Norbert and Polinsky, Maria},
	pages = {119--146},
	publisher = {John Benjamins},
	title = {Possessor raising through thematic positions},
	year = {2010}
}



@phdthesis{Stowell1981,
	author={Stowell, Tim},
	year={1981},
	title={Origins of phrase structure},
	address={Massachusetts},
	school={Massachussets Institute of Technology}
}



@incollection{Svenonius2010,
	author={Svenonius, Peter},
	year={2010},
	title={Spatial p in {English. Mapping spatial PPs}},
	editor={Cinque, Guglielmo and Rizzi, Luigi},
	booktitle={The cartography of syntactic structures}, 
	volume={6}, 
	pages={127--160},
	address={Oxford},
	publisher={Oxford University Press}
}



@article{Torrego1989,
	author = {Torrego, Ester},
	journal = {MIT Working Papers},
	pages = {253--272},
	title = {Unergative-unaccusative Alternations in {S}panish},
	volume = {10},
	year = {1989}
}



@incollection{WoodEtAl2017,
	author={Wood, Jim and Marantz, Alec},
	year={2017},
	title={The interpretation of external arguments},
	editor={D’Alessandro, Roberta and Franco, Irene and Gallego, Ángel}, 
	booktitle={The Verbal Domain},
	address={Oxford},
	publisher={Oxford University Press}
}