-@article{Alexiadou1998,
-	author = {Alexiadou, Artemis  and  Anagnostopoulou, Elena},
-	journal = {\textit{Natural Language and Linguistic Theory} },
-	pages = {491-540},
-	title = {Parametrizing AGR: Word order, V movement, and EPP-checking},
-	volume = {16},
-	year = {1998}
-}
-
-
-
-@book{Bartra-Kaufmann2011,
-	address = {Recycled neuter expletive pronouns and the nature of the left periphery},
-	author = {Bartra-Kaufmann, Anna.},
-	publisher = {ell and relatives revisited. \textit{Catalan Journal of Linguistics} 10},
-	year = {2011}
-}
-
-
-
-Bennis, Hans \& Liliane Haegeman. 1984. On the status of agreement: COMP and INFL in Flemish dialects. In. de Geest, Wim. and Putseys, Yvan (eds.), \textit{Proceedings of the International Conference on Complementation,} 33-53. Dordrecht: Foris.
-
-
-
-@book{Bolinger1977,
-	address = {London},
-	author = {Bolinger, Dwight.},
-	publisher = {Longman},
-	title = {\textit{Meaning} \textit{and} \textit{form}},
-	year = {1977}
-}
-
-
-
-@article{Bullock2009,
-	author = {Bullock, Barbara.  and  Toribio, Almeida Jacqueline},
-	journal = {\textit{Revista Internacional de Linguistica Iberoamericana} },
-	pages = {49-73},
-	title = {Reconsidering Dominican Spanish: Data from the rural Cibao},
-	volume = {14},
-	year = {2009}
-}
-
-
-
-@incollection{Cardinaletti2004,
-	address = {New York},
-	author = {Cardinaletti, Anna},
-	booktitle = {\textit{The structure of CP and IP,}},
-	editor = {Rizzi, Luigi.},
-	pages = {115-165},
-	publisher = {Oxford University Press},
-	title = {Towards a cartography of subject positions},
-	year = {2004}
-}
-
-
-
-Carrilho, Ernestina. 2008. Beyond doubling: overt expletives in European Portuguese dialects. In Barbiers, Sjef.; Koeneman, Olaf; Lekakou, Marika \& van der Ham, Margreet (eds.). \textit{Microvariation in syntactic doubling,} 302-323\textit{.} Bodmin: Emerald.
-
-
-
-@book{Caluwe2013,
-	address = {Ghent},
-	author = {Caluwe Johan de; Delarue, Steven; Ghyselen, Anne-Sophie and  Lybaert, Chloé.},
-	publisher = {Academia Press},
-	title = {\textit{Tussentaal}},
-	year = {2013}
-}
-
-
-
-@book{Chomsky1981,
-	address = {Dordrecht},
-	author = {Chomsky, Noam.},
-	publisher = {Foris},
-	title = {Lectures on Government and Binding},
-	year = {1981}
-}
-
-
-
-@book{Chomsky1995,
-	address = {Cambridge MA},
-	author = {Chomsky, Noam.},
-	publisher = {MIT},
-	title = {The Minimalist Program},
-	year = {1995}
-}
-
-
-
-Craenenbroeck, Jeroen van \& van Koppen, Marjo. 2012. How to void a phase. Anti-intervention effects with clitic doubling in Dutch dialects. Ghent/Missouri Complementizer agreement workshop.
-
-
-
-@article{Craenenbroeck2007,
-	author = {Craenenbroeck, Jeroen van  and  Haegeman, Liliane},
-	journal = {\textit{Linguistic Inquiry}},
-	pages = {167-178},
-	title = {The derivation of subject initial V2},
-	volume = {38},
-	year = {2007}
-}
-
-
-
-Dao, Huy \citealt{Linh2012}. Intransitivité scindée, passif et sujet impersonnel en vietnamien. In Radimský, Jan. (ed.). \textit{Actes du 31e Colloque International sur le Lexique et la Grammaire}, 49-55. Université de Bohême du Sud à České Budějovice (République tchèque).
-
-
-
-@misc{De2005,
-	author = {De Vogelaer, Gunther},
-	title = {Subjects markering in de Nederlandse en Friese dialecten. Ghent University. (Doctoral dissertation.)},
-	year = {2005}
-}
-
-
-
-De Vogelaer, Gunther \& Magda Devos. 2008. On geographical adequacy, or: how many types of subject doubling in Dutch. In Barbiers, Sjef.; Koeneman, Olaf; Lekakou, Marika \& van der Ham, Margreet (eds.). \textit{Microvariation in syntactic doubling,} 251-275\textit{.} Bodmin: Emerald.
-
-
-
-@incollection{Duffield2013,
-	address = {Berlin},
-	author = {Duffield, Nigel},
-	booktitle = {\textit{Linguistics of Vietnamese: an International Survey},},
-	editor = {Hole, Daniel \& Löbel, Elisabeth.},
-	pages = {127-155},
-	publisher = {de Gruyter Mouton},
-	title = {Head-First: On the head-initiality of Vietnamese clauses},
-	year = {2013}
-}
-
-
-
-@article{Farkas2002,
-	author = {Farkas, Donka},
-	journal = {\textit{Journal of Semantics}},
-	pages = {213–243},
-	title = {Specificity distinction},
-	volume = {19},
-	year = {2002}
-}
-
-
-
-Greco, Ciro; Haegeman, Liliane \& Phan, Trang. (to appear). In Ermenegildo, Bidese \& Federica, Cognola (eds.), \textit{Understanding pro-drop. A synchronic and diachronic perspective.} Oxford University Press.
-
-
-
-@article{Grohmann2000,
-	author = {Grohmann, Kleanthes},
-	journal = {\textit{Theoretical Linguistics,}},
-	pages = {175–210},
-	title = {Towards a syntactic understanding of prosodically reduced pronouns},
-	volume = {26},
-	year = {2000}
-}
-
-
-
-@incollection{Guéron2012,
-	address = {Oxford},
-	author = {Guéron, Jacqueline  and  Haegeman, Liliane},
-	booktitle = {\textit{Functional heads},},
-	editor = {Brugé, Laura; Cardinaletti, Anna; Giusti, Giuliana; Munaro, Nicola \& Poletto, Cecilia} ,
-	pages = {69-80},
-	publisher = {Oxford University Press},
-	title = {Je est un autre. Subject positions, point of view and the neuter pronoun \textit{tet} in West Flemish},
-	year = {2012}
-}
-
-
-
-Gupton, Timothy \& Sarah Lowman. 2014. An F projection in in Cibeño Dominican Spanish. In  Amaro, Jennifer; Lord, Gillian; de Prada Pérez, Ana \& Aaron, Jessi (eds.). \textit{Proceedings of the 16th Hispanic Linguistics Symposium,} 338-348.\textit{} Somerville, MA.
-
-
-
-Haegeman, Liliane. 2008. Pleonastic \textit{tet} in West Flemish and the cartography of subject positions. In Barbiers, Sjef.; Koeneman, Olaf; Lekakou, Marika \& van der Ham, Margreet (eds.). \textit{Microvariation in syntactic doubling,} 277-290\textit{.} Bodmin: Emerald.
-
-
-
-Hellan, Lars. (1981). “On semantic scope”. In: Heny, Frank. (Ed.), Ambiguities in Intensional Contexts,  47-81. Dordrecht: D. Reidel Publishing Company.
-
-
-
-Hinzelin, Marc-Oliver. \& Kaiser, Georg. (2007). “El pronombre ello en el léxico del español dominicano”. In: Mihatsch, Wiltrud. \& Sokol, Monika. (eds.), \textit{Language Contact and Language Change in the Caribbean and beyond/ Lenguas en contacto y cambio lingüístico en el Caribe y más allá}, 171-188. hoLang.
-
-
-
-@misc{Holmberg2005,
-	author = {Holmberg, Anders},
-	title = {Is there a little pro? Evidence from Finnish. \textit{Linguistic} \textit{Inquiry,} 36.},
-	year = {2005}
-}
-
-
-
-Holmberg, Anders. 2010. Null Subject Parameters. In Biberauer, Theresa; Holmberg, Anders; Roberts, Ian, \& Sheehan, Michelle. (eds.). \textit{Parametric variation: Null subjects in minimalist theory,} 88-124. Cambridge University Press.
-
-
-
-Holmberg, Anders \& Urpo Nikanne. 2002. Expletives, subjects, and topics in Finish. In Svenonius, Peter. S\textit{ubjects, expletives, and the EPP (ed.),} 71-105. Oxford: Oxford University Press.
-
-
-
-Huang, James. 1984. On the distribution and reference of empty pronouns. \textit{Linguistic} \textit{Inquiry} \textit{15}. 531-574.
-
-
-
-Kiss, Katalin. 1995. Introduction. In Kiss, Katalin. (ed.), \textit{Discourse Configurational Languages,} 3-27. New York Oxford University Press.
-
-
-
-@article{Kiss1996,
-	author = {Kiss, Katalin},
-	journal = {\textit{The Linguistic Review,} },
-	pages = {119-142},
-	title = {Two subject positions in English},
-	volume = {13},
-	year = {1996}
-}
-
-
-
-Ladusaw, William. (1994). Thetic and categorical, stage and individual, weak and strong. In: Harvey, Mandy \& Santelmann, Lynn (eds.). \textit{Proceedings of SALT IV}, 220-229. Cornell University. DMLL, Ithaca, NY.
-
-
-
-@incollection{Martín1999,
-	address = {Madrid},
-	author = {Martín Zorraquino, Maria Antonia  and  Portóles Lázaro, José~},
-	booktitle = {\textit{Gramática} \textit{Descriptiva} de la lengua española,},
-	editor = {I. Bosque and V. Demonte},
-	pages = {4051-4213},
-	publisher = {Espasa},
-	title = {Los marcadores del discurso},
-	year = {1999}
-}
-
-
-
-@book{Martínez2011,
-	address = {Null and overt subjects in a variable system},
-	author = {Martínez Sanz, Cristina.},
-	publisher = {The case of Dominican Spanish. University of Ottawa. (Doctoral Dissertation.)},
-	year = {2011}
-}
-
-
-
-@book{Mohr2005,
-	address = {\textit{Clausal architecture and subject positions},
-	author = {Mohr, Sabine.},
-	publisher = {Impersonal constructions in the Germanic languages}. John Benjamins Publishing},
-	year = {2005}
-}
-
-
-
-Muñoz Pérez , Carlos. 2014. Dominican ello as a non-deleted null expletive. \textit{An International Journal of Hispanic Linguistics} 3. \textstylea{155-161.}
-
-
-
-@book{Newmeyer2005,
-	address = {Oxford},
-	author = {Newmeyer, Frederik.},
-	publisher = {Oxford University Press},
-	title = {\textit{Possible and Probable Languages}},
-	year = {2005}
-}
-
-
-
-@misc{Nguyen2011,
-	author = {Nguyen, Van Hiep  and  Nguyen, Hoang. Thuy},
-	title = {V\`{ê} chủ ngư giả trong ti\'{ê}ng Viẹt (Dummy subjects in Vietnamese). Paper presented at International Conference on Linguistics Training and Research in Vietnam, 11\textsuperscript{th}\textsuperscript{} November, Hà Nọi.},
-	year = {2011}
-}
-
-
-
-@article{Otheguy2007,
-	author = {Otheguy, Ricardo; Zentella, Ana  and  Livert, David},
-	journal = {\textit{Language} },
-	pages = {770–802},
-	title = {Language and dialect contact in Spanish in New York: Toward the formation of a speech community},
-	volume = {83},
-	year = {2007}
-}
-
-
-
-@misc{Phan2013,
-	author = {Phan, Trang},
-	title = {\textit{Syntax of Vietnamese Aspect}. University of Sheffield. (Doctoral Dissertation.)},
-	year = {2013}
-}
-
-
-
-@book{Rizzi1982,
-	address = {Dordrecht},
-	author = {Rizzi, Luigi.},
-	publisher = {Foris},
-	title = {\textit{Issues in Italian syntax}},
-	year = {1982}
-}
-
-
-
-Rizzi, Luigi. 1997. The Fine Structure of the Left Periphery. In Haegeman, Liliane. (ed.) \textit{Elements} \textit{of} \textit{Grammar,} 281- 337. Dordrecht: Kluwer.
-
-
-
-@incollection{Rizzi2006,
-	address = {Cambridge},
-	author = {Rizzi, Luigi},
-	booktitle = {\textit{Wh-movement: moving on}.},
-	editor = {Cheng, Lisa Lai-Shen and Corver, Norbert},
-	pages = {97-134},
-	publisher = {MIT Press},
-	title = {On the form of chains: Criterial positions and ECP effects},
-	year = {2006}
-}
-
-
-
-Rizzi, L. , \& Shlonsky, Ur. 2007. Strategies of Subject Extraction. In Sauerland, Uli. \& Gärtner, Hans (eds). \textit{Interfaces + Recursion = Language? Chomsky's Minimalism and the View from Syntax-Semantics}, 115-16. Berlin: Mouton de Gruyter
-
-
-
-@incollection{Roberts2010,
-	address = {Cambridge},
-	author = {Roberts, Ian.  and  Holmberg, Andres},
-	booktitle = {\textit{Parametric variation: Null subjects in minimalist theory}.},
-	editor = {Biberauer, Theresa; Holmberg, Anders; Roberts, Ian, \& Sheehan, Michelle.},
-	pages = {1-57},
-	publisher = {Cambridge University Press},
-	title = {Introduction},
-	year = {2010}
-}
-
-
-
-@misc{Uriagereka2004,
-	author = {Uriagereka, Juan},
-	title = {A peripheral pleonastic in Western Iberian. Paper presented at \textit{Expletive Subjects in Romance and Germanic Languages}. Konstanz, \citealt{November2004}.},
-	year = {2004}
-}
-\end{verbatim}