@phdthesis{Angantýsson2011,
	address = {Reykjavík},
	author = {Angantýsson, Ásgrímur},
	publisher = {Hugvísindastofnun},
	title = {The syntax of embedded clauses in Icelandic and related languages},
	school={University of Iceland},
	year = {2011}
}



@incollection{Barnes1992,
  author={Barnes, Michael P.},
  year={1992},
  title={Faroese syntax — Achievements, goals and problems},
  editor={Louis-Jensen, Jonna and Jóhan Hendrik W. Poulsen}, 
  booktitle={The Nordic languages and modern linguistics 7},
  pages={17--37},
  address={Tórshavn},
  publisher={Føroya Fróðskaparfelag},
  note={Also in Scripta Islandica 43, 28--43 and in \citealt{Barnes2001}}
}


@book{Barnes2001,
	address = {Oslo},
	author = {Barnes, Michael P},
	publisher = {Novus},
	title = {Faroese language studies}
	series={Studia Nordica},
	number={5},
	year = {2001}
}



@incollection{BerwickEtAl2011,
	author={Berwick, Robert C. and Noam Chomsky},
	year={2011},
	title={The biolinguistic program: The current state of its development},
	editor={Di Sciullo, Anna Maria and Cedric Boeckx}, 
	booktitle={The biolinguistic enterprise. New perspectives on the evolution and nature of the human language faculty}, 
	pages={19--41},
	address={Oxford},
	publisher={Oxford University Press}
}



@article{Bobaljik1998,
	author = {Bobaljik, Jonathan D.  and  Höskuldur Thráinsson},
	journal = {Syntax},
	pages = {37--71},
	title = {Two heads aren’t always better than one},
	volume = {1},
	year = {1998}
}



@incollection{Boeckx2011,
	author={Boeckx, Cedric},
	year={2011},
	title={Approching parameters from below},
	editor={Di Sciullo, Anna Maria and Cedric Boeckx}, 
	booktitle={The biolinguistic enterprise. New perspectives on the evolution and nature of the human language faculty}, 
	pages={205--221},
	address={Oxford},
	publisher={Oxford University Press}
}



@book{Chomsky1965,
	address = {Cambridge, MA},
	author = {Chomsky, Noam},
	publisher = {MIT Press},
	year = {1965},
	title={Aspects of the theory of syntax}
}



@book{Chomsky1981,
	address = {Dordrecht},
	author = {Chomsky, Noam},
	publisher = {Foris},
	title = {Lectures on government and binding},
	year = {1981}
}



@incollection{Eythórsson2015,
	author={Eythórsson, Thórhallur},
	year={2015},
	title={The insular Nordic experimental kitchen. Changes in case-marking in Icelandic and Faroese},
	editor={Whelpton, Matthew and Guðrún Björk Guðsteinsdóttir and Birna Arnbjörnsdóttir and Martin Regal},
	booktitle={An intimacy of words – Innileiki orðanna. {E}ssays in Honour of {P}étur {K}nútsson}, 
	pages={328--352},
	address={Reykjavík},
	publisher={Stofnun Vigdísar Finnbogadóttur í erlendum tungumálum and Háskólaútgáfan}
}



@book{Føroysk1998,
	address = {Tórshavn},
	author = {Føroysk orðabók},
	publisher = {Føroya Fróðskaparfelag},
	title = {[Faroese dictionary.]},
	editor={Poulsen, Jóhan Hendrik W. and Marjun Simonsen and Jógvan í Lon Jacobsen and Anfinnur Johansen and Zakaris Svabo Hansen},
	year = {1998}
}



@article{Gibson1994,
	author = {Gibson, Edward  and  Kenneth Wexler},
	journal = {Linguistic Inquiry},
	pages = {355–407},
	title = {Triggers},
	volume = {25},
	year = {1994}
}



@incollection{Haspelmath2008,
	address = {Amsterdam},
	author = {Haspelmath, Martin},
	booktitle = {The limits of syntactic variation},
	editor = {Theresa Biberauer},
	pages = {75--108},
	publisher = {John Benjamins},
	title = {Parametric versus functional explanations of syntactic universals},
	year = {2008}
}



@article{Holmberg2000,
	author = {Holmberg, Anders},
	journal = {Linguistic Inquiry},
	pages = {445--483},
	title = {Scandinavian Stylistic Fronting: {H}ow any category can become an expletive},
	volume = {31},
	year = {2000}
}



@article{Holmberg2010,
	author = {Holmberg, Anders},
	journal = {Theoretical Linguistics},
	pages = {1–48},
	title = {Parameters in minimalist theory. {T}he case of {S}candinavian},
	volume = {36},
	year = {2010}
}



@book{Holmberg1995,
	address = {Oxford},
	author = {Holmberg, Anders  and  Christer Platzack},
	publisher = {Oxford University Press},
	title = {The role of inflection in {S}candinavian syntax},
	year = {1995}
}



@incollection{HolmbergEtAl2009,
	author={Holmberg, Anders and Ian Roberts},
	year={2009},
	title={Introduction: {P}arameters in minimalist theory},
	editor={Biberauer, Theresa and Anders Holmberg and Ian Roberts and Michelle Sheehan}, 
	booktitle={Parametric variation: {N}ull subjects in minimalist theory}, 
	pages={1–57},
	address={Cambridge},
	publisher={Cambridge University Press}
}



@article{Jónsson2005,
	author = {Jónsson, Jóhannes Gísli  and  Thórhallur Eythórsson},
	journal = {Nordic Journal of Linguistics},
	pages = {223–245},
	title = {Variation in subject case marking in Insular {S}candinavian},
	volume = {28},
	year = {2005}
}



@article{Kroch1989,
	author = {Kroch, Anthony S},
	journal = {Language Variation and Change},
	pages = {199–244},
	title = {Reflexes of grammar in patterns of language change},
	volume = {1},
	year = {1989}
}



@incollection{Kroch2001,
	author={Kroch, Anthony S.},
	year={2001},
	title={Syntactic change},
	editor={Baltin, Mark and Chris Collins}, 
	booktitle={The handbook of contemporary syntactic theory}, 
	pages={699–729},
	address={Oxford},
	publisher={Blackwell}
}


@article{LegateEtAl2007,
	author={Legate, Julie Ann and Charles Yang},
	year={2007},
	title={Morphosyntactic learning and the development of tense},
	journal={Language Acquisition},
	volume={14},
	number={3},
	pages={315–344}
}



@article{Lidz2015,
	author = {Lidz, Jeffrey  and  Annie Gagliardi},
	journal = {Annual Review of Linguistics},
	pages = {333–353},
	title = {How nature meets nurture: {U}niversal Grammar and statistical learning},
	volume = {1},
	year = {2015}
}



@book{Lightfoot1999,
	address = {Oxford},
	author = {Lightfoot, David},
	publisher = {Blackwell},
	title = {The development of language. {A}cquisition, change and evolution},
	year = {1999}
}



@article{Maling1980,
	author={Maling, Joan},
	year={1980},
	title={Inversion in embedded clauses in {M}odern {I}celandic},
	journal={Íslenskt mál},
	volume={2}, 
	pages={175–193},
	note={Also published in Joan Maling \& Annie Zaenen (eds), Modern Icelandic syntax, 71–91. Syntax and semantics 24. San Diego: Academic Press, 1990.}
}


@article{Maling2002,
	author = {Maling, Joan  and  Sigríður Sigurjónsdóttir},
	journal = {Journal of Comparative Germanic Linguistics},
	pages = {97–142},
	title = {The ‘New Impersonal’ construction in {I}celandic},
	volume = {5},
	year = {2002}
}



@incollection{Newmeyer2004,
	author={Newmeyer, Frederick J.},
	year={2004},
	title={Against a parameter-setting approach to language variation},
	editor={Pica, Pierre and Johan Rooryck and Jeroen van Craenenbroek},
	title={Language variation yearbook},
	volume={Volume 4},
	pages={181–234},
	address={Amsterdam},
	publisher={Benjamins}
}



@book{Newmeyer2005,
	address = {Oxford},
	author = {Newmeyer, Frederick J},
	publisher = {Oxford University Press},
	title = {Possible and probable languages},
	year = {2005}
}



@unpublished{Newmeyer2006,
	address = {A rejoinder to ʽOn the role of parameters in Universal Grammar by Ian Roberts and Anders Holmberg},
	author={Newmeyer, Frederick J},
	url = {https://www.researchgate.net/publication/254719548},
	title = {A rejoinder to ``On the role of parameters in Universal Grammar: a reply to Newmeyer'' by Ian Roberts and Anders Holmberg},
	year = {2006}
}



@article{Nowenstein2014,
	author={Nowenstein, Iris},
	year={2014},
	title={Intra-speaker Variation in Subject Case: {I}celandic},
	journal={University of Pennsylvania Working Papers in Linguistics},
	volume={20},
	number={28},
	issue={Proceedings of the 37th Annual Penn Linguistics Conference}
}




@incollection{Roberts2005,
	address = {Berlin},
	author = {Roberts, Ian  and  Anders Holmberg},
	booktitle = {Organising grammar. A festschrift for Henk van Riemsdijk},
	editor = {Broekhuis, Hans and Norbert Corver and Martin Everaert and Jan Koster},
	pages = {538–553},
	publisher = {Mouton de Gruyter},
	title = {On the role of parameters in Universal Grammar. A reply to Newmeyeer},
	year = {2005}
}



@incollection{Rögnvaldsson2011,
	author={Rögnvaldsson, Eiríkur and Sigrún Helgadóttir},
	year={2011},
	title={Morphosyntactic tagging of {O}ld {I}celandic texts and its use in studying syntactic variation and change},
	editor={Sporleder, Caroline and Antal van den Bosch and Kalliopi A. Zervanou}, 
	booktitle={Language technology for cultural heritage: Selected papers from the LaTeCH workshop series, Theory and applications of natural language processing}, 
	pages={63–76},
	address={Berlin},
	publisher={Springer}
}



@article{RögnvaldssonEtAl2011,
	author={Rögnvaldsson, Eiríkur and Anton Karl Ingason and Einar Freyr Sigurðsson and Joel Wallenberg},
	year={2011},
	title={Creating a dual-purpose treebank},
	journal={Journal for Language Technology and Computational Linguistics},
	volume={26},
	number={2},
	pages={141–152}
}


@mastersthesis{Sigurðsson2012,
	author = {Sigurðsson, Einar Freyr},
	title = {Germynd en samt þolmynd. Um nýju þolmyndina í íslensku [Active but yet passive. On the New Passive in Icelandic.]},
	school={University of Iceland, Reykjavík},
	year = {2012}
}



@phdthesis{Sigurðsson1989,
	author = {Sigurðsson, Halldór Ármann},
	title = {Verbal syntax and case in Icelandic},
	school={University of Lund, Lund},
	note={Reprinted by the Linguistic institute at the University of Iceland 1992},
	year = {1989}
}



@article{Sigurðsson2011,
	author={Sigurðsson, Halldór Ármann},
	year={2011},
	title={Uniformity and diversity. A minimalist perspective},
	journal={Linguistic variation},
	volume={11},
	number={2},
	pages={189–222}
}



@article{Sigurjónsdóttir2001,
	author = {Sigurjónsdóttir, Sigríður  and  Joan Maling},
	journal = {Íslenskt mál},
	pages = {123–180},
	title = {Það var hrint mér á leiðinni í skólann: Þolmynd eða ekki þolmynd? [“There was pushed me on my way to school” Passive or not passive?]},
	volume = {23},
	year = {2001}
}



@phdthesis{Thráinsson1979,
	author={Thráinsson, Höskuldur},
	year={1979},
	title={On complementation in Icelandic},
	school={Harvard University},
	note={published by Garland, New York. [Republished 2014 as vol. 48 in the series Routledge library editions: Linguistics.]}
}




@book{Thráinsson2007,
	address = {Cambridge},
	author = {Thráinsson, Höskuldur},
	publisher = {Cambridge University Press},
	title = {The syntax of Icelandic},
	year = {2007}
}



@incollection{Thráinsson2013a,
	author={Thráinsson, Höskuldur},
	year={2013},
	title={Ideal speakers and other speakers. The case of dative and other cases},
	editor={Fernández, Beatriz and Ricardo Etxepare}, 
	booktitle={Variation in datives. A micro-comparative perspective}, 
	pages={161–188},
	address={Oxford},
	publisher={Oxford University Press}
}



@article{Thráinsson2013b,
	author = {Thráinsson, Höskuldur},
	journal = {Nordic Journal of Linguistics},
	pages = {153–186},
	title = {Full NP Object Shift: The Old Norse puzzle and the Faroese puzzle revisited},
	volume = {36},
	year = {2013}
}



@incollection{Thráinsson2015a,
	author={Thráinsson, Höskuldur},
	year={2015},
	title={Tilbrigði í færeyskri og íslenskri setningagerð. [ʽVariation in Faroese and Icelandic syntax.ʼ]},
	editor={Sigurðardóttir, Turið and María Anna Garðarsdóttir}, 
	booktitle={Frændafundur 8}, 
	pages={183–213},
	address={Tórshavn},
	publisher={Fróðskapur}
}



@misc{Thráinsson2015,
	author = {Thráinsson, Höskuldur},
	title = {On quantity and quality in syntactic variation studies. Ms., under review. University of Iceland, Reykjavík},
	year = {2015b}
}



@book{Thráinsson2012,
	address = {Tórshavn and Reykjavík},
	author = {Thráinsson, Höskuldur and Hjalmar P. Petersen and Jógvan í Lon Jacobsen  and  Zakaris S. Hansen},
	publisher = {Faroese University Press and Linguistic Institute, University of Iceland},
	title = {Faroese. A handbook and reference grammar},
	edition={2nd edition},
	year = {2012}
}



@book{Vikner1995,
	address = {Oxford},
	author = {Vikner, Sten},
	publisher = {Oxford University Press},
	title = {Verb movement and expletive subjects in the {G}ermanic languages},
	year = {1995a}
}



@book{Yang2002,
	address = {Oxford},
	author = {Yang, Charles},
	publisher = {Oxford University Press},
	title = {Knowledge and learning in natural language},
	year = {2002}
}



@article{Yang2004,
	author = {Yang, Charles},
	journal = {Universal Grammar, statistics or both? Trends in Cognitive Sciences},
	pages = {451–456},
	volume = {8},
	year = {2004}
}



@article{Yang2010,
	author = {Yang, Charles},
	journal = {Lingua},
	pages = {1160–1177},
	title = {Three Factors in Language Variation},
	volume = {120},
	year = {2010}
}


@article{ZaenenEtAl1985,
	author={Zaenen, Annie and Joan Maling and Höskuldur Thráinsson},
	year={1985},
	title={Case and grammatical functions: {T}he {I}celandic passive},
	journal={Natural Language and Linguistic Theory},
	volume={3}, 
	pages={441–483},
	note={Also published in Joan Maling and Annie Zaenen (eds), Modern Icelandic Syntax, 95–136. San Diego: Academic Press, 1990, and in Miriam Butt and Tracy Holloway King (eds),  Lexical semantics in LFG, 163–207. Stanford, CA: CSLI Publications, 2006.}
}