@INCOLLECTION{Aldridge2009,
	address = {Stanford, CA},
    booktitle = {Japanese/{Korean} Linguistics, {Vol.} 17}, 
    editor = {Shoishi Iwasaki and Hajime Hoji and {Patricia M.} Clancy and Sung-Ock Sohn}, pages = {549--563},
	author = {Aldridge, Edith},
	publisher = {CSLI Publications},
	title = {Short wh-movement in {Old Japanese}},
	year = {2009}
}



@book{Baker1996,
	address = {Oxford},
    title = {The Polysynthesis Parameter},
	author = {Baker, Mark},
	publisher = {Oxford University Press},
	year = {1996}
}


@INCOLLECTION{Belletti2004,
    booktitle = {The Structure of {CP} and {IP}: {The} Cartography of Syntactic Structures, {Vol.} 2},
	editor = {Luigi Rizzi}, 
    pages = {16–51},
    address = {Oxford},
	author = {Belletti, Adriana},
	publisher = {Oxford University Press},
	title = {Aspects of the low {IP} area},
	year = {2004}
}


@INCOLLECTION{Bošković1999,
	author = {Bošković, Željko},
	booktitle = {Working Minimalism}, 
    editor = {Samuel Epstein and Norbert Hornstein}, 
    sortname = {Boskovic, Zeljko},
    pages = {159–187},
    address = {Cambridge, MA},
	publisher = {MIT Press},
	title = {On multiple feature-checking: {Multiple} wh-fronting and multiple head-movement},
	year = {1999},
}


@article{Bošković2002,
	author = {Bošković, Željko},
    sortname = {Boskovic, Zeljko},
	journal = {Linguistic Inquiry},
	pages = {351–383},
	title = {On multiple wh-fronting},
	volume = {33},
    number = {3},
	year = {2002},
    doi = {10.1162/002438902760168536},
}


@article{Bošković2003,
	author = {Bošković, Željko},
	journal = {Linguistic Variation Yearbook},
	pages = {1–15},
	sortname = {Boskovic, Zeljko},
	title = {On the interpretation of multiple questions},
	volume = {1},
    number = {1},
	year = {2001},
    doi = {10.1075/livy.1.03bos},
}


@INCOLLECTION{Bošković2007,
	author = {Bošković, Željko},
    sortname = {Boskovic, Zeljko},
	booktitle = {Linguistic investigations into formal description of {Slavic} languages: {Contributions} of the 6th {European} Conference held at {Potsdam University}},
    editor = {Peter Kosta and Lilia Schürcks}, 
    pages = {159-170},
    address = {Frankfurt/M.},
	publisher = {Peter Lang},
	title = {A note on wh-typology},
	year = {2007},
}


@INCOLLECTION{Bošković2008,
	author = {Bošković, Željko},
    sortname = {Boskovic, Zeljko},
	editor = {Emily Elfner and Martin Walkow}, 
    pages = {101–114},
    address = {Amherst, MA},
	publisher = {GLSA Publications},
	title = {What will you have, {DP} or {NP}?},
    booktitle = {{NELS} 37: {Proceedings} of the 37th Annual Meeting of the {North East Linguistic Society}},
	year = {2008},
}


@INCOLLECTION{Bošković2012,
	author = {Bošković, Željko},
    sortname = {Boskovic, Zeljko},
	booktitle = {Discourse and grammar: {From} sentence types to lexical categories}, 
    editor = {Günther Grewendorf and {Thomas Ede} Zimmermann}, 
    pages = {179–242},
    address = {Berlin},
	publisher = {Mouton de Gruyter},
	title = {On {NP}s and clauses},
	year = {2012},
    doi = {10.1515/9781614511601.179},
}


@INCOLLECTION{Bošković2016,
	author = {Bošković, Željko},
    sortname = {Boskovic, Zeljko},
    booktitle = {Formal Studies in {Slovenian} Syntax: {In} honor of {Janez Orešnik}}, 
    editor = {{Franc Lanko} Marušič and Rok Žaucer}, 
    pages = {23–44},
    address = {Amsterdam},
	publisher = {John Benjamins},
	title = {On second position clitics crosslinguistically},
	year = {2016},
    doi = {10.1075/la.236.02bos},
}


@misc{Bošković2020,
	author = {Bošković, Željko},
    sortname = {Boskovic, Zeljko},
	note = {University of Connecticut},
	title = {Comparative Syntax lectures, Fall 2020},
	year = {2020}
}


@PHDTHESIS{Cheng1991,
	author = {Cheng, Lisa Lai Shen},
	school = {Massachusetts Institute of Technology},
	title = {On the typology of wh-questions},
    address = {Cambridge, MA},
	year = {1991}
}


@PHDTHESIS{Crnič2011,
	author = {Crnič, Luka},
	school = {Massachusetts Institute of Technology},
    address = {Cambridge, MA},
	title = {Getting \textit{even}},
	year = {2011}
}


@PHDTHESIS{Dadan2019,
	author = {Dadan, Marcin},
	school = {University of Connecticut},
    address = {Storrs, CT},
	title = {Head labeling preference and language change},
	year = {2019}
}


@MastersThesis{Dench1981,
	author = {Dench, Alan},
	school = {The Australian National University},
    address = {Canberra},
	title = {Panyjima Phonology and Morphology},
	year = {1981}
}


@PHDTHESIS{Dench1987,
	author = {Dench, Alan},
	school = {The Australian National University},
    address = {Canberra},
	title = {Martuthunira: {A} Language of the {Pilbara} Region of {Western} {Australia}},
	year = {1987}
}


@INCOLLECTION{Diesing2003,
	booktitle = {Multiple wh-fronting}, 
    editor = {Cedric Boeckx and Kleanthes Grohmann}, 
    pages = {51–76},
    address = {Amsterdam},
	author = {Diesing, Molly},
	publisher = {John Benjamins},
	title = {On the nature of multiple fronting in {Yiddish}},
	year = {2003},
    doi = {10.1075/la.64.06die},
}


@misc{Enç2003,
	author = {Enç, Mürvet},
	note = {Ms. University of Wisconsin-Madison},
	title = {The Syntax of Specificity},
	year = {2003}
}


@article{Erlewine2016,
	author = {Erlewine, Michael Yoshitaka},
	journal = {Natural Language \& Linguistic Theory},
	pages = {429–479},
	title = {Anti-locality and optimality in {Kaqchikel} Agent Focus},
	volume = {34},
	year = {2016},
    doi = {10.1007/s11049-015-9310-z},
}


@article{Erschler2012,
	author = {Erschler, David},
	journal = {Lingua},
	pages = {673–699},
	title = {From preverbal focus to preverbal ‘‘left periphery’’: {T}he Ossetic clause architecture in areal and diachronic perspective},
	volume = {122},
    number = {6},
	year = {2012},
    doi = {10.1016/j.lingua.2012.01.009},
}


@article{Erschler2015,
	author = {Erschler, David},
	journal = {Languages of the Caucasus},
	pages = {38–74},
	title = {Embedded questions and sluicing in {Georgian} and {Svan}},
	volume = {1},
    number = {1},
	year = {2015},
    doi = {10.5070/L911029246},
}


@misc{Gan2022,
    author = {Gan, Linghui},
    year = 2022,
    title = {Syntactic Structure of Argument Wh-questions in {Hong Kong Sign Language (HKSL})},
    note = {Presentation at the 28th {Annual} Conference of The {International Association of Chinese Linguistics (IACL-28)}, {Hong Kong}},
    url = {https://drive.google.com/file/d/1DFwkndEPovMonqPa0ibrhg_pw-CAF7HQ/view},
}

@article{Giannakidou2007,
	author = {Giannakidou, Anastasia},
	journal = {Natural Language \& Linguistic Theory},
	pages = {39–81},
	title = {The landscape of {EVEN}},
	volume = {25},
	year = {2007},
    doi = {10.1007/s11049-006-9006-5},
}


@article{GillonArmoskaite2015,
	author = {Gillon, Carrie and Solveiga Armoskaite},
	journal = {Linguistic Variation},
	pages = {69–115},
	title = {The illusion of the {NP}/{DP} divide},
	volume = {15},
    number = {1},
    doi = {10.1075/lv.15.1.03gil},
	year = {2015}
}


@INCOLLECTION{Grohmann2006,
	booktitle = {Wh-Movement Moving On}, 
    editor = {Lisa Cheng and Norbert Corver}, 
    pages = {249–288},
    address = {Cambridge, MA},
	author = {Grohmann, Kleanthes},
	publisher = {MIT Press},
    doi = {10.7551/mitpress/7197.003.0017},
	title = {Top issues in questions: {T}opics -- topicalization -- topicalizability},
	year = {2006}
}


@PHDTHESIS{Hagstrom1998,
	author = {Hagstrom, Paul},
	school = {Massachusetts Institute of Technology},
    address = {Cambridge, MA},
	title = {Decomposing questions},
	year = {1998}
}


@book{Haspelmath1997,
	address = {Oxford},
	author = {Haspelmath, Martin},
	publisher = {Oxford University Press},
	title = {Indefinite pronouns},
	year = {1997}
}


@article{HengeveldRoelofsen2023,
	author = {Kees Hengeveld and Sabine Iatridou and Floris Roelofsen},
	journal = {Linguistic Inquiry},
	pages = {571–624},
	title = {Quexistentials and focus},
	volume = {54},
    number = {3},
    doi = {10.1162/ling_a_00441},
	year = {2023}
}


@article{Horváth1998,
	author = {Horváth, Julia},
	journal = {Acta Linguistica Hungarica},
	pages = {31–60},
	sortname = {Horvath, Julia},
	title = {Multiple wh-phrases and the wh-scope-marker strategy in {Hungarian} interrogatives},
	volume = {45},
    doi = {10.1023/A:1009656907847},
	year = {1998}
}


@INCOLLECTION{Izvorski1998,
	booktitle = {Proceedings of {NELS} 28}, 
    editor = {Pius N. Tamanji and Kiyomi Kusumoto}, 
    pages = {159–173},
    address = {Amherst, MA},
    author = {Izvorski, Roumyana},
	publisher = {GLSA Publications},
	title = {Non-indicative wh-complements of possessive and existential predicates},
	year = {1998}
}


@ARTICLE{KinjoOseki2016,
	author = {Kinjo, Kunio and Yohei Oseki},
	journal = {University of Pennsylvania Working Papers in Linguistics},
    volume = {22},
    number = {1},
    pages = {177–186},
	title = {{Wh}-concord in {Okinawan} = syntactic movement $+$ morphological merger},
	year = {2016},
    url = {https://repository.upenn.edu/handle/20.500.14332/45087},
}


@book{É.Kiss2002,
	address = {Cambridge},
	author = {É. Kiss, Katalin},
	publisher = {Cambridge University Press},
	sortname = {E. Kiss, Katalin},
	title = {The syntax of {Hungarian}},
	year = {2002}
}


@PHDTHESIS{Kuroda1965,
	author = {Kuroda, Sige-Yuki},
	school = {Massachusetts Institute of Technology},
    address = {Cambridge, MA},
	title = {Generative grammatical studies in the {Japanese} language},
	year = {1965}
}


@PHDTHESIS{Lacerda2020,
	author = {Lacerda, Renato},
	school = {University of Connecticut},
    address = {Storrs, CT},
	title = {Middle-field syntax and information structure in {Brazilian Portuguese}},
	year = {2020}
}


@book{Ledgeway2012,
	address = {Oxford},
	author = {Ledgeway, Adam},
	publisher = {Oxford University Press},
	title = {From {Latin} to {Romance}: {Morphosyntactic} typology and change},
	year = {2012}
}

@ARTICLE{Lewis2023,
    author = {Lewis, Beccy},
    year = 2023,
    title = {What morphological form can tell us about syntactic structure: {Two} analyses of associative plurals},
    journal = {University of Pennsylvania Working Papers in Linguistics},
    volume = {29},
    number = {1},
    pages = {109--118},
    url = {https://repository.upenn.edu/handle/20.500.14332/58723},
}

@PHDTHESIS{Lewis2024,
    author = {Lewis, Beccy},
    year = 2024,
    title = {Cross-linguistic variation in the expression of heterogeneous plural marking and its theoretical consequences},
    address = {Storrs, CT},
    school = {University of Connecticut},
}

@BOOK{Lipták2001,
	author = {Lipták, Anikó},
	title = {On the syntax of wh-items in {Hungarian}},
    address = {Utrecht},
    publisher = {LOT},
    series = {LOT Dissertation Series},
    number = {45},
	year = {2001}
}


@article{MacWhinney1976,
	author = {MacWhinney, Brian},
	journal = {Journal of Child Language},
	pages = {397–410},
	title = {Hungarian research on the acquisition of morphology and syntax},
	volume = {3},
    number = {3},
    doi = {10.1017/S0305000900007261 },
	year = {1976}
}


@book{Margolis2011,
	address = {London},
	author = {Margolis, Rebecca},
	publisher = {Routledge},
	title = {Basic {Yiddish}: {A} grammar and workbook},
	year = {2011}
}


@article{Mycock2007,
	author = {Mycock, Louise},
	journal = {Transactions of the Philological Society},
	pages = {192–251},
	title = {Constituent question formation and focus: {A} new typological perspective},
	volume = {105},
    doi = {10.1111/j.1467-968X.2007.00188.x},
	year = {2007}
}


@PHDTHESIS{Oda2022,
	author = {Oda, Hiromune},
	school = {University of Connecticut},
    address = {Storrs, CT},
	title = {The {NP}/{DP}-language distinction as a scale and parameters in minimalism},
	year = {2022}
}


@INCOLLECTION{Pesetsky1987,
	booktitle = {The representation of (in)definiteness}, 
    editor = {{Eric J.} Reuland and {Alice G. B.} ter Meulen}, 
    pages = {98–129},
    address = {Cambridge, MA},
	author = {Pesetsky, David},
	publisher = {MIT Press},
	title = {{Wh}-in situ: {{M}}ovement and unselective binding},
	year = {1987}
}


@book{Puskás2000,
	address = {Amsterdam/Philadelphia},
	author = {Puskás, Genoveva},
	publisher = {John Benjamins},
	sortname = {Puskas, Genoveva},
	title = {Word order in {Hungarian}: {The} syntax of {A}-bar positions},
	year = {2000}
}


@book{Richards2001,
	title = {Movement in language: {Interactions} and architectures},
    address = {Oxford},
	author = {Richards, Norvin},
	publisher = {Oxford University Press},
	year = {2001}
}


@PHDTHESIS{Rooth1985,
	author = {Rooth, Mats},
	school = {University of Massachusetts},
    address = {Amherst, MA},
	title = {Association with focus},
	year = {1985}
}


@article{Rudin1988,
	author = {Rudin, Catherine},
	journal = {Natural Language \& Linguistic Theory},
	pages = {445–501},
	title = {On multiple questions and multiple wh fronting},
	volume = {6},
    doi = {10.1007/BF00134489},
	year = {1988}
}


@misc{Shields2008,
	author = {Shields, Rebecca},
	note = {Paper presented at NELS 39, Cornell University},
	title = {What’s so special about D-linking},
	year = {2008},
    url = {https://www.researchgate.net/publication/252605974_What's_so_Special_about_D-Linking},
}


@BOOK{Šimík2011,
	author = {Šimík, Radek},
	title = {Modal existential wh-constructions},
    address = {Utrecht},
    publisher = {LOT},
    series = {LOT Dissertation Series},
    number = {269},
	year = {2011}
}


@book{Stepanov1998,
	booktitle = {Proceedings of {NELS} 28}, 
    editor = {Pius N. Tamanji and Kiyomi Kusumoto}, 
    pages = {453–467},
    address = {Amherst, MA},
	author = {Stepanov, Arthur},
	publisher = {GLSA Publications},
	title = {On wh-fronting in {Russian}},
	year = {1998}
}

@INCOLLECTION{Surányi2005,
	booktitle = {Approaches to {Hungarian Vol. 9: Papers} from the {Düsseldorf} Conference},
    editor = {Christopher Piñón and Siptár Péter}, 
    pages = {231–259},
    address = {Budapest},
	author = {Surányi, Balázs},
	publisher = {Akadémiai Kiadó},
	title = {Triggering wh-fronting},
	year = {2005}
}


@phdthesis{Talić2017,
	author = {Talić, Aida},
	title = {Functional and bare projections in the domain of {N} and {A}},
	school = {University of Connecticut},
    address = {Storrs, CT},
	year = {2017}
}


@article{Wachowicz1974,
	author = {Wachowicz, Krystyna A.},
	journal = {Foundations of Language},
	pages = {155–166},
	title = {Against the universality of a single wh-question movement},
	volume = {11},
    url = {https://www.jstor.org/stable/25000765},
	year = {1974}
}


@INCOLLECTION{Wang2019,
	booktitle = {Proceedings of the 12th {Generative Linguistics in the Old World in Asia} \& the 21st {Seoul} International Conference on Generative Grammar}, 
    editor = {Sae-Youn Cho}, 
    pages = {594–603},
    address = {Seoul},
	author = {Wang, Shuyan},
	publisher = {Hankook Munhwasa},
	title = {An intermediate stage of spec-to-head reanalysis: {Evidence} from {Mandarin} and {Cantonese}},
	year = {2019}
}


@misc{Zanon2022,
	author = {Zanon, Ksenia},
	note = {Paper presented at FDSL 15, HU Berlin},
	title = {Wh-indefinites in {Russian}},
	year = {2022}
}


@article{Zwicky1984,
	author = {Zwicky, Arnold M.},
	journal = {Ohio State University Working Papers in Linguistics},
	pages = {117–126},
	title = {“{Reduced} words” in highly modular theories: {Yiddish} anarthrous locatives reexamined},
	volume = {29},
	year = {1984}
}
