@article{maddieson2005issues,
  title={Issues of phonological complexity: {Statistical} analysis of the relationship between syllable structures, segment inventories and tone contrasts},
  author={Maddieson, Ian},
  journal={ UC Berkeley PhonLab Annual Report},
  doi = {http://dx.doi.org/10.5070/P73cm3w6ck},
  volume={1},
  pages={259--268},
  year={2005}
}

@book{pennington1963tarahumar,
    Address = {Salt Lake City},
    Author = {Pennington, Campbell W.},
    Publisher = {University of Utah Press},
    Title = {The {Tarahumar} of {Mexico}: {{T}}heir environment and material culture},
    Year = {1963}
}

@phdthesis{villalpando2019grammatical,
	author = {Villalpando-Quiñonez, Jesús},
	school = {University of Colorado},
	title = {Grammatical aspect in {Norogachi} {Rarámuri} ({Tarahumara}; {Uto-Aztecan})},
	year = {2019}
}

@phdthesis{reyes2014fonologia,
	author = {Reyes Taboada, Verónica},
	school = {Tesis de doctorado en Lingüística, México, Centro de Estudios Lingüísticos y Literarios-El Colegio de México},
	title = {Fonología del tepehuano del sureste: {{{E}}}structuras segmentales y métricas},
	year = {2014}
}

@phdthesis{poser1984phonetics,
	author = {Poser, William John},
	school = {Massachusetts Institute of Technology},
	title = {The phonetics and phonology of tone and intonation in {Japanese}},
	year = {1984}
}

@phdthesis{pierrehumbert1980phonology,
	author = {Pierrehumbert, Janet B.},
	school = {Massachusetts Institute of Technology},
	title = {The phonology and phonetics of {English} intonation},
	year = {1980}
}

@phdthesis{muchembled2014posesion,
	author = {Muchembled, Fany},
	school = {Paris, INALCO},
	title = {{La} posesión predicativa en lenguas yutoaztecas},
	year = {2014}
}

@phdthesis{lieber1980organization,
	author = {Lieber, Rochelle},
	school = {Massachusetts Institute of Technology},
	title = {On the organization of the lexicon},
	year = {1980}
}

@phdthesis{jara2013predication,
	author = {Jara, Yolanda Valdez},
	school = {University of Oregon},
	title = {Predication in Rarómuri (Urique Tarahumara)},
	year = {2013}
}

@phdthesis{islas2010caracterizacion,
	author = {{Islas Flores}, Bianca Paola},
	school = {Tesis de licenciatura en lingüística, Escuela Nacional de Antropología e Historia},
	title = {Caracterización morfosintáctica y semántica de los conceptos de propiedad en ralámuli de {Choguita}},
	year = {2010}
}

@phdthesis{inkelas1989prosodic,
	author = {Inkelas, Sharon},
	school = {Stanford University},
	title = {Prosodic Constituency in Prosodic Phonology},
	year = {1989}
}

@phdthesis{gouskova2003deriving,
	author = {Gouskova, Maria},
	school = {University of Massachusetts Amherst},
	title = {Deriving economy: {{S}}yncope in Optimality Theory},
	year = {2003}
}

@phdthesis{good2003strong,
	author = {Good, Jeffrey Craig},
	school = {University of California Berkeley},
	title = {Strong linearity: {{T}}hree case studies towards a theory of morphosyntactic templatic constructions},
	year = {2003}
}

@phdthesis{garcia2014clause,
	author = {{García Salido}, Gabriela},
	title = {Clause linkage in {Southeastern} {Tepehuan}: {{A}} {Uto-Aztecan} language of {Northern} {Mexico}},
	year = {2014}
}

@phdthesis{gaby2006grammar,
	author = {Gaby, Alice Rose},
	school = {The University of Melbourne},
	title = {A {Grammar} of {Kuuk} {Thaayorre}},
	year = {2006}
}

@phdthesis{felix2006grammar,
	author = {Felix Armendáriz, Rolando G.},
	school = {Rice University},
	title = {A grammar of {River Warihío}},
	year = {2006}
}

@mastersthesis{felix2000relaciones,
	author = {Felix Armendáriz, Rolando G.},
	school = {Universidad de Sonora},
	title = {Las relaciones gramaticales en yaqui: {{{U}}}n análisis en el marco de la Gramática del Rol y Referencia},
	year = {2000}
}

@phdthesis{bye1976ethnoecology,
	author = {Bye, Robert Arthur},
	school = {Harvard University},
	title = {Ethnoecology of the {Tarahumara} of {Chihuahua}, {Mexico}},
	year = {1976}
}

@phdthesis{bowern2004bardi,
	author = {Bowern, Claire},
	school = {Harvard University},
	title = {{Bardi} verb morphology in historical perspective},
	year = {2004}
}

@phdthesis{bennett2012foot,
	author = {Bennett, Ryan T.},
	school = {UC Santa Cruz},
	title = {Foot-conditioned phonotactics and prosodic constituency},
	year = {2012}
}

@article{bennett2013uniqueness,
  title={The uniqueness of metrical structure: {Rhythmic} phonotactics in {Huariapano}},
  author={Bennett, Ryan T.},
  journal={Phonology},
  volume={30},
  number={3},
  pages={355--398},
  year={2013},
  publisher={Cambridge University Press}
}

@phdthesis{arellanes2009sistema,
	author = {Arellanes Arellanes, Francisco},
	school = {El Colegio de México},
	title = {El Sistema Fonológico y las Propiedades Fonéticas del {Zapoteco} de {San} {Pablo} {Güilá}: {Descripción} y Análisis Formal},
	year = {2009}
}

@phdthesis{aguilar2020phonology,
	author = {Aguilar, Andrés},
	school = {University of California, San Diego},
	title = {Phonology and Phonetics of Laryngeal Sounds in {Chicontepec} {Náhuatl}},
	year = {2020}
}

@book{simons2018ethnologue,
	author = {Simons, Gary F. and Fennig, Charles D.},
	title = {{Ethnologue}: {{L}}anguages of the world},
  edition = {21},
  address = {Dallas, {TX}},
  publisher = {SIL International},
	year = {2018}
}

@misc{shue2013voicesauce,
	author = {Shue, Y.},
	title = {{VoiceS}auce: {{A}} program for voice analysis [computer program], version 1.14},
	year = {2013}
}

@misc{pintado2012hijos,
	author = {Pintado Cortina, Ana Paula},
	publisher = {INAH México},
	title = {Los hijos de Riosi y Riablo: {{F}}iestas grandes y resistencia cultural en una comunidad tarahumara de la barranca},
	year = {2012}
}

@book{lindenfeld1973yaqui,
	author = {Lindenfeld, Jacqueline},
	address = {Berkeley and Los Angeles},
  publisher = {University of California Press},
	title = {{Yaqui} Syntax},
  series = {University of {California} Publications in Linguistics},
  number = {76},
	year = {1973}
}

@misc{ladefoged83maddieson,
	author = {Ladefoged, P.},
	address = {Oxford},
  publisher = {Blackwell Publishers},
	title = {Maddieson, I.(1996): {{T}}he Sounds of the World’s Languages},
	year = {83}
}

@article{hyman1991autosegmental,
	author = {Hyman, Larry M. and Wilson, Stephen A.},
	journal = {Language},
	pages = {356-363},
	title = {Review of {Harry} van der {Hulst} \& {Norval} {Smith} (eds), {Autosegmental} studies on pitch accent},
	number = {67},
	year = {1991}
}

@incollection{himmelmann1996demonstratives,
	author = {Himmelmann, Nikolaus P.},
	address = {Amsterdam},
  publisher = {John Benjamins},
	title = {Demonstratives in Narrative Discourse: {{A}} Taxonomy of Universal Uses},
  booktitle = {Studies in Anaphora},
  editor = {Barbara Fox},
  pages = {205--254},
	year = {1996}
}

@inproceedings{garcia2007serial,
	author = {García Salido, Gabriela},
	booktitle = {Proceeding of the {III} {Conference} of {Indigenous} {Languages} of {Latin} {America} {(CILLA)}. },
	pages = {1--14},
	title = {Serial Verb Constructions in {Southeastern} {Tepehuan}: {{A}} {Uto}-{Aztecan} language},
	year = {2007}
}

@book{eberhard2021ethnologue,
	author = {Eberhard, David M. and Gary F. Simons and Charles D. Fennig},
	title = {{Ethnologue}: {{L}}anguages of the world},
  edition = {24},
  address = {Dallas, {TX}},
  publisher = {SIL International},
	year = {2021}
}

@book{catalogo2021inali,
    Address = {México},
    Author = {INALI},
    Publisher = {{Instituto} {Nacional} de {Lenguas} {Indígenas}},
    Title = {Catálogo de las {Lenguas} {Indígenas} {Nacionales}: {{V}}ariantes {Lingüísticas} de {México} con sus autodenominaciones y referencias geoestadísticas},
    Year = {2008}
}

@inproceedings{sicoli1999loanwords,
	author = {Sicoli, Mark},
	booktitle = {Annual {Meeting} of the {Berkeley} {Linguistics} {Society}},
	number = {1},
	pages = {395--406},
	title = {Loanwords and contact-induced phonological change in {Lachixío} {Zapotec}},
	volume = {25},
	year = {1999}
}

@inproceedings{sapir1930southern,
	author = {Sapir, Edward},
	booktitle = {Proceedings of the {American} {Academy} of {Arts} and {Sciences}},
	number = {1},
	pages = {1--296},
	title = {{Southern} {Paiute}, a {Shoshonean} language},
	volume = {65},
	year = {1930}
}

@inproceedings{patino2014intonation,
	author = {Patiño Velázquez, EP},
	booktitle = {Proceedings of {Speech} {Prosody}},
	title = {Intonation Patterns of {Morelos Nahuatl}},
	volume = {7},
	year = {2014}
}

@inproceedings{murray2017cheyenne,
	author = {Murray, Sarah E.},
	booktitle = {{Papers of the Forty-Fifth {Algonquian} Conference (2013)}},
	organization = {Citeseer},
	pages = {149--162},
	title = {{Cheyenne} connectives},
	year = {2017}
}

@inproceedings{mckenzie2007non,
	author = {McKenzie, Andrew},
	booktitle = {{Proceedings of the 4th Conference on the Semantics of Underrepresented Languages of the {Americas} ({SULA} 4)’, Amherst: {{G}}{LSA}, University of Massachusetts Occasional Papers in Linguistics}},
	title = {Non-canonical switch-reference and situation semantics},
	year = {2007}
}

@inproceedings{lionnet1968intensivos,
	author = {Lionnet, Andrés},
	booktitle = {Anales del {Instituto} {Nacional} de {Antropología} e {Historia}},
	number = {19},
	pages = {135--146},
	title = {Los intensivos en Tarahumar},
	volume = {6},
	year = {1968}
}

@incollection{jelinek1988verbless,
	author = {Jelinek, Eloise and Escalante, Fernando},
	booktitle = {In Honor of {Mary} {Haas}: {{F}}rom the {Haas} Festival Conference on {Native} {American} Linguistics},
	editor =  {William Shipley},
	pages = {411--430},
	address = {Berlin, New York},
	publisher = {De Gruyter Mouton},
	title = {``{Verbless}'' possessive sentences in {Yaqui}},
	year = {2010}
}

@incollection{jacobsen1967switch,
	author = {Jacobsen, Steven E.},
	booktitle = {Studies in {Southwestern} Ethnolinguistics},
	editor =  {Hymes, Dell and William Bittle},
	pages = {238--263},
	address = {The Hague},
	publisher = {De Gruyter Mouton},
	title = {Switch reference in {Hokan}-{Coahuiltecan}},
	year = {1967}
}

@inproceedings{inkelas1987phonology,
	author = {Inkelas, Sharon and Leben, William R. and Cobler, Mark},
	booktitle = {Proceedings of {NELS}},
	pages = {327--341},
	title = {The phonology of intonation in {Hausa}},
	volume = {17},
	year = {1987}
}

@inproceedings{hill2010dating,
	author = {Hill, Jane H.},
	booktitle = {{Annual meeting of the Friends of Uto-Aztecan Conference, Guadalajara, {Mexico}}},
	title = {Dating {Proto}-{Uto}-{Aztecan}: {{N}}ew evidence from linguistic paleontology and lexicostatistics},
	year = {2010}
}

@inproceedings{garellek2015lexical,
	author = {Garellek, Marc and Andrés Aguilar and Gabriela Caballero and Lucien Carroll},
	booktitle = {Proceedings of the 18th {International} {Congress} of {Phonetic} {Sciences}, {Glasgow}, {Scotland}},
	title = {Lexical and post-lexical tone in {Choguita} {Rarámuri}},
	year = {2015},
}

@article{estrada2013complementos,
  title={Complementos verbales y cláusulas adverbiales en tarahumara de {Pahuírachic}, {Chihuahua}},
  author={Estrada-Fernández, Zarina and Tona, Ana E.},
  journal={Amerindia},
  number={37},
  year={2013},
  pages={87--110},
  publisher={Association d'ethnolinguistique amérindienne}
}

@inproceedings{downing2007focus,
	author = {Downing, Laura J.},
	booktitle = {{ICP}hS 2007 {Satellite} {Meeting}, {Intonational} {Phonology}: {{{U}}}nderstudied or Fieldwork Languages, {Saarbrücken}},
	title = {Focus prosody divorced from stress and intonation in {Chichewa}, {Chitumbuka} and {Durban} {Zulu}},
	year = {2007}
}

@book{sapir1921introduction,
Address = {San Diego, CA},
Author = {Edward Sapir},
Date-Added = {2022-10-03 09:43:00 -0700},
Date-Modified = {2022-10-03 09:43:42 -0700},
Publisher = {Harcourt, Brace and Company},
Title = {Language: {A}n {I}ntroduction to the {S}tudy of {S}peech},
Year = {1921}}

@inproceedings{chavez2008phonetic,
	author = {Chávez-Peón, Mario E.},
	booktitle = {{Proceedings of the 2008 Annual Conference of the {Canadian} Linguistic Association}},
	pages = {2--22},
	title = {Phonetic cues to stress in a tonal language: {{P}}rosodic prominence in {San} Lucas Quiaviní {Zapotec}},
	year = {2008}
}

@inproceedings{caballero2014tone,
	author = {Caballero, Gabriela and Carroll, Lucien and Garellek, Marc},
	booktitle = {{Workshop on the Sound Systems of {Mexico} and {Central} {America}, {Yale} University}},
	title = {Tone-intonation interactions in {Choguita} {Rarámuri} ({Tarahumara})},
	year = {2014}
}

@inproceedings{caballero2013procesos,
	author = {Caballero, Gabriela and Carroll, Lucien},
	booktitle = {{Proceedings of the Conference on Indigenous Languages of {Latin} {America} {VI}. {{{U}}}niversity of Texas, Austin}},
	title = {Procesos de adaptación prosódica en préstamos del español al rarámuri (tarahumara) de {Choguita} y al tu’un savi (mixteco) de {Ixpantepec} {Nieves}},
	year = {2013}
}

@inproceedings{caballero2011multiple,
	author = {Caballero, Gabriela},
	booktitle = {Proceedings of the {North} {East} Linguistics Society},
	pages = {177--190},
	title = {Multiple exponence and the phonology-morphology interface},
	volume = {39},
	year = {2011}
}

@inproceedings{barreras1988posesion,
    address = {Guadalajara},
	author = {Barreras, Isabel},
	booktitle = {Simposio sobre lingüística {Yutoazteca}},
	title = {Posesión en {Guarijío}},
	publisher = {{CILI} {Universidad} de {Guadalajara}},
	year = {1988}
}

@inproceedings{barnes2000compensatory,
	author = {Barnes, Jonathan and Kavitskaya, Darya},
	booktitle = {Annual Meeting of the {Berkeley} {Linguistics} {Society}},
	number = {1},
	pages = {17--25},
	title = {Compensatory lengthening without moras: {{A}} study in phonologization},
	volume = {26},
	year = {2000}
}

@misc{aguilar2015multi,
	author = {Aguilar, Andrés and Caballero, Gabriela and Carroll, Lucien and Garellek, Marc},
	note = {Talk presented at the 2015 {Meeting} of the {Society} for the {Study} of the {Indigenous} {Languages} of the {Americas}},
	title = {Multi-dimensionality in the tonal realization of {Choguita} {Rarámuri} {(Tarahumara)}},
	year = {2015}
}

@incollection{wals-121,
	address = {Leipzig},
	author = {Leon Stassen},
	booktitle = {The {World} {Atlas} of {Language} {Structures} {Online}},
	editor = {Matthew S. Dryer and Martin Haspelmath},
	publisher = {Max Planck Institute for Evolutionary Anthropology},
	title = {Comparative Constructions},
	url = {https://wals.info/chapter/121},
	year = {2013}
}

@incollection{veselinova2020numerals,
	address = {Oxford},
	author = {Veselinova, Ljuba N.},
	booktitle = {{Oxford} Research Encyclopedia of Linguistics},
	editor = {Christine Ericsdotter Nordgren},
	doi = {10.1093/acrefore/9780199384655.013.559},
	publisher = {Oxford University Press},
	title = {Numerals in Morphology},
	year = {2020}
}

@incollection{toosarvandani2021chaining,
	address = {Oxford},
	author = {Toosarvandani, Maziar},
	booktitle = {Clause chains},
	editor = {Aikhenvald, Alexandra Y. and Hannah Sarvasy},
	publisher = {Oxford University Press},
	title = {Building clause chaining in {Uto}-{Aztecan}: {{A}} {Northern} {Paiute} perspective},
	year = {to appear}
}

@incollection{thornes2011dimensions,
	address = {Leiden},
	author = {Thornes, Tim},
	booktitle = {Multi-verb Constructions: {A} view from the {Americas}},
	editor = {Alexandra Aikhenvald and Pieter Muysken},
	pages = {27--61},
	publisher = {Brill},
	title = {Dimensions of {Northern} {Paiute} multi-verb constructions},
	year = {2011},
	series = {Brill's Studies in the Indigenous Languages of the Americas},
	number = {3}
}

@article{stump1993position,
	author = {Stump, Gregory T.},
	journal = {Yearbook of {Morphology}},
	number = {1993},
	pages = {129--180},
	title = {Position classes and morphological theory},
	year = {1993}
}

@incollection{rice2006let,
	address = {Berlin},
	author = {Rice, Keren},
	booktitle = {Catching Language: {The} standing challenge of grammar writing},
	editor = {Felix K. Ameka and Alan Dench and Nicholas Evans},
	pages = {235--268},
	publisher = {De Gruyter Mouton},
	title = {Let the language tell its story? {{T}}he role of linguistic theory in writing grammars},
	year = {2006}
}

@incollection{mosel2006grammaticography,
	address = {Berlin},
	author = {Mosel, Ulrike},
	booktitle = {Catching Language: {The} standing challenge of grammar writing},
	editor = {Felix K. Ameka and Alan Dench and Nicholas Evans},
	pages = {41--68},
	publisher = {De Gruyter Mouton},
	title = {Grammaticography: {{T}}he art and craft of writing grammars},
	year = {2006}
}

@incollection{levinson2006language,
	address = {Cambridge},
	author = {Levinson, Stephen C.},
	editor = {Levinson, Stephen C. and David P. Wilkins},
	booktitle = {Grammars of space: {E}xplorations in cognitive diversity},
	pages = {157--203},
	publisher = {Cambridge University Press},
	title = {The language of space in {Yélî Dnye}},
	year = {2006}
}


@article{inkelas1998theoretical,
	author = {Inkelas, Sharon},
	journal = {Yearbook of Morphology},
	number = {1997},
	pages = {121--155},
	title = {The theoretical status of morphologically conditioned phonology: {{A}} case study of dominance effects},
	year = {1998}
}

@incollection{hyman2011tonal,
	address = {Dordrecht},
	author = {Hyman, Larry M. and Monaka, Kemmonye C.},
	booktitle = {Prosodic categories: {{P}}roduction, perception and comprehension},
	editor = {Sónia Frota and Gorka Elordieta and Pilar Prieto},
	pages = {267--289},
	publisher = {Springer},
	title = {Tonal and non-tonal intonation in {Shekgalagari}},
	year = {2011},
	series = {Studies in Natural Language and Linguistic Theory},
	number = {82},
	doi = {10.1007/978-94-007-0137-3}
}

@incollection{hyman1993structure,
	address = {Cambridge},
	publisher = {Academic Press},
	author = {Hyman, Larry M.},
	booktitle = {Phonetics and Phonology, Volume 4: {S}tudies in {Lexical} {Phonology}},
	editor = {Sharon Hargus and Ellen M. Kaisse},
	pages = {235--254},
	title = {Structure preservation and postlexical tonology in {Dagbani}},
	year = {1993}
}

@incollection{hayes1989prosodic,
	address = {Cambridge},
	publisher = {Academic Press},
	author = {Hayes, Bruce},
	booktitle = {Rhythm and meter},
	editor = {Paul Kiparsky and  Gilbert Youmans },
	booktitle = {Phonetics and Phonology, Volume 1: {R}hythm and meter},
	pages = {201--260},
	title = {The prosodic hierarchy in meter},
	year = {1989}
}

@incollection{harley2017locality,
	address = {Oxford},
	author = {Harley, Heidi B. and Tubino, Mercedes and Haugen, Jason D.},
	booktitle = {The {Morphosyntax}-Phonology Connection: {{L}}ocality and Directionality at the Interface},
	editor = {Vera Gribanova and Stephanie S. Shih},
	pages = {91--111},
	publisher = {Oxford University Press},
	title = {Locality conditions on suppletive verbs in Hiaki},
	year = {2017}
}

@incollection{hale1992subject,
	address = {Dordrecht},
	author = {Hale, Ken},
	booktitle = {Control and grammar},
	editor = {Larson, R. K. and Iatridou, S. and Lahiri, U. and  Higginbotham, J. },
	pages = {51--77},
	publisher = {Springer},
	title = {Subject obviation, switch reference, and control},
	year = {1992},
	doi = {10.1007/978-94-015-7959-9_2},
	series = {Studies in Linguistics and Philosophy},
	number = {48}
}

@incollection{garciasalidoheadless,
	address = {Oxford},
	author = {García Salido, Gabriela},
	booktitle = {Headless Relative clauses in {Mesoamerican} Languages},
	editor = {Ivano Caponigro and Harold Torrence and Roberto {Zavala Maldonado}},
	pages = {58--78},
	publisher = {Oxford University Press},
	sortname = {Salido, Gabriela García},
	title = {Headless Relative Clauses in {Southeastern} {Tepehuan} ({O'dam})},
	year = {2021}
}

@incollection{evans2008word,
	address = {Berlin},
	author = {Evans, Nicholas},
	editor = {Geert E. Booij and Christian Lehmann and Joachim Mugdan},
	pages = {708--732},
	publisher = {De Gruyter Mouton},
	title = {Word classes in the world's languages},
	year = {2008},
	doi = {10.1515/9783110111286.1.10.708},
	series = {Handbücher zur Sprach- und Kommunikationswissenschaft},
	number = {17.1}
}

@incollection{evans2006introduction,
	address = {Berlin},
	author = {Evans, Nicholas and Dench, Alan},
	booktitle = {Catching Language: {The} standing challenge of grammar writing},
	editor = {Felix K. Ameka and Alan Dench and Nicholas Evans},
	pages = {1--40},
	publisher = {De Gruyter Mouton},
	title = {Introduction: {{C}}atching language},
	year = {2006}
}

@incollection{cristofaro2008organization,
	address = {Berlin},
	author = {Cristofaro, Sonia},
	booktitle = {Catching Language: {The} standing challenge of grammar writing},
	editor = {Felix K. Ameka and Alan Dench and Nicholas Evans},
	pages = {137--170},
	publisher = {De Gruyter Mouton},
	title = {The organization of reference grammars: {{A}} typologist user’s point of view},
	year = {2006}
}

@incollection{comrie1982grammatical,
	address = {Leiden},
	author = {Comrie, Bernard},
	booktitle = {Studies in transitivity},
	editor = {Paul J. Hopper and Sandra A. Thompson},
	pages = {95--115},
	publisher = {Brill},
	title = {Grammatical relations in {Huichol}},
	series = {Syntax and Semantics},
	number = {15},
	year = {1982}
}

@article{booij2002prosodic,
	author = {Booij, Geert},
	journal = {Yearbook of Morphology},
	number = {2001},
	pages = {183--201},
	title = {Prosodic restrictions on affixation in {Dutch}},
	year = {2002}
}

@incollection{baker1997thematic,
	address = {Dordrecht; Boston},
	author = {Baker, Mark C.},
	booktitle = {Elements of Grammar: {Handbook} in Generative Syntax},
	editor = {Haegeman, Liliane M. V.},
	pages = {73--137},
	publisher = {Kluwer Academic Publishers},
	title = {Thematic roles and syntactic structure},
	year = {1997}
}

@incollection{mikkelsen2011semantics,
	author = {Mikkelsen, Line},
	booktitle = {Semantics: {{A}}n international handbook of natural language meaning},
	editors = {Maienborn, Claudia and von Heusinger, Klaus and Portner, Paul},
	publisher = {Walter de Gruyter},
	title = {Copular clauses},
	volume = {1},
	year = {2011}
}

@book{zigmond1991kawaiisu,
	address = {Berkeley},
	author = {Zigmond, Maurice L. and Booth, Curtis G. and Munro, Pamela},
	publisher = {University of California Press},
	title = {Kawaiisu: {{A}} Grammar and Dictionary, With Texts},
	year = {1991}
}

@book{zepeda1983tohono,
	address = {Tucson},
	author = {Zepeda, Ofelia},
	publisher = {University of Arizona Press},
	title = {A {Tohono O'odham} Grammar},
	year = {1983}
}

@book{yip2002tone,
	address = {Cambridge},
	author = {Yip, Moira},
	publisher = {Cambridge University Press},
	title = {Tone},
	year = {2002}
}

@book{valenzuela2006structure,
	address = {Munich},
	author = {Guerrero Valenzuela, Lilián},
	publisher = {Lincom Europa},
	sortname = {Guerrero Valenzuela, Lilián},
	title = {The structure and function on {Yaqui} complementation},
	year = {2006}
}

@book{stump2001inflectional,
	address = {Cambridge},
	author = {Stump, Gregory T.},
	publisher = {Cambridge University Press},
	title = {Inflectional morphology: {{A}} theory of paradigm structure},
	year = {2001}
}

@book{stassen1985comparison,
	address = {London},
	author = {Stassen, Leon},
	publisher = {Blackwell},
	title = {Comparison and {Universal} {Grammar}},
	year = {1985}
}

@book{simons2017ethnologue,
	address = {Dallas},
	author = {Simons, Gary F.},
	publisher = {SIL International},
	title = {{Ethnologue}: {{L}}anguages of the world},
	year = {2017}
}

@book{selkirk1980prosodic,
	address = {Bloomington},
	author = {Selkirk, Elisabeth},
	publisher = {Indiana University Linguistics Club},
	title = {On prosodic structure and its relation to syntactic structure},
	year = {1980}
}

@book{sebba1987syntax,
	address = {Amsterdam},
	author = {Sebba, Mark},
	publisher = {John Benjamins Publishing},
	title = {The syntax of serial verbs: {{A}}n investigation into serialisation in {Sranan} and other languages},
	year = {1987}
}

@book{rice2000morpheme,
	address = {Cambridge},
	author = {Rice, Keren},
	publisher = {Cambridge University Press},
	title = {Morpheme order and semantic scope: {{W}}ord formation in the Athapaskan verb},
	volume = {90},
	year = {2000}
}

@book{riad2014phonology,
	address = {Oxford},
	author = {Riad, Tomas},
	publisher = {Oxford University Press},
	title = {The phonology of {Swedish}},
	year = {2014}
}

@book{pintado2004tarahumaras,
	address = {Ciudad de México},
	author = {Pintado Cortina, Ana Paula},
	number = {04},
	publisher = {Comisión Nacional para el Desarrollo de los Pueblos Indígenas},
	title = {Tarahumaras},
	year = {2004}
}

@book{palancar2016tone,
	address = {Berlin},
	author = {Palancar, Enrique L. and Léonard, Jean Léo},
	publisher = {Walter de Gruyter GmbH \& Co KG},
	sortname = {Palancar, Enrique L and Leonard, Jean Leo},
	title = {Tone and Inflection: {{N}}ew Facts and New Perspectives},
	volume = {296},
	year = {2016}
}

@book{orgun1996sign,
	address = {Berkeley},
	author = {Orgun, Cemil Orhan},
	publisher = {University of California},
	title = {Sign-based morphology and phonology with special attention to Optimality Theory},
	year = {1996}
}

@book{odden1996phonology,
	address = {Oxford},
	author = {Odden, David Arnold},
	publisher = {Oxford University Press},
	title = {The phonology and morphology of {Kimatuumbi}},
	year = {1996}
}

@book{newman1990nominal,
	address = {Berlin},
	author = {Newman, Paul},
	publisher = {Mouton De Gruyter},
	title = {Nominal and verbal plurality in {Chadic}},
	year = {1990}
}

@book{neumann1991historia,
	address = {Córdoba},
	author = {Neumann, Joseph},
	number = {8},
	publisher = {Editorial Camino},
	title = {Historia de las rebeliones en la {Sierra} {Tarahumara} (1626-1724)},
	year = {1991}
}

@book{moralesmoreno2016rochecahi,
	address = {Ciudad de México},
	author = {Morales Moreno, José Isidro},
	publisher = {Centro de Investigaciones y Estudios Superiores en Antropología Social},
	sortname = {Morales Moreno, Jose Isidro},
	title = {Estructura de cláusula, tópico y foco en {Rarámuri de Rochéachi}},
	year = {2016}
}

@book{mithun2001languages,
	address = {Cambridge},
	author = {Mithun, Marianne},
	publisher = {Cambridge University Press},
	title = {The languages of {Native} {North} {America}},
	year = {2001}
}

@book{miller1996guarijio,
	address = {Ciudad de México},
	author = {Miller, Wick R.},
	publisher = {Universidad Nacional Autónoma de México},
	title = {Guarijío: {Gramática}, textos y vocabulario},
	year = {1996}
}

@book{miller1967uto,
	address = {Berkeley},
	author = {Miller, Wick R.},
	publisher = {University of California Press},
	title = {Uto-{Aztecan} cognate sets},
	year = {1967}
}

@book{merrill2014raramuri,
	address = {Washington DC},
	author = {Merrill, William L.},
	publisher = {Smithsonian Institution},
	title = {Rarámuri souls: {{K}}nowledge and social process in northern {Mexico}},
	year = {2014}
}

@book{matthews1974morphology,
	address = {Cambridge},
	author = {Matthews, Peter H.},
	publisher = {Cambridge University Press},
	title = {Morphology: {{A}}n Introduction to the Theory of Word-Structure},
	year = {1974}
}

@book{matthews1972inflectional,
	address = {Cambridge},
	author = {Matthews, Peter H.},
	publisher = {Cambridge University Press},
	title = {Inflectional morphology: {{A}} theoretical study based on aspects of {Latin} verb conjugation},
	year = {1972}
}

@book{lionnet2001elementos,
	address = {Guachochi},
	author = {Lionnet, Andrés},
	publisher = {Diocesanas de la Tarahumara},
	sortname = {Lionnet, Andres},
	title = {Los elementos del Tarahumar: {{Y}} otros estudios lingüísticos},
	year = {2001}
}

@book{lionnet1972elementos,
	address = {Ciudad de México},
	author = {Lionnet, Andrés},
	publisher = {Universidad Nacional Autónoma de México, Instituto de Investigaciones Históricas},
	sortname = {Lionnet, Andres},
	title = {Los elementos de la lengua tarahumara},
	volume = {13},
	year = {1972}
}

@book{levinson2006grammars,
	address = {Cambridge},
	author = {Levinson, Stephen C. and Wilkins, David P.},
	publisher = {Cambridge University Press},
	title = {Grammars of space: {{{E}}}xplorations in cognitive diversity},
	year = {2006}
}

@book{ladefoged1996sounds,
	address = {Oxford},
	author = {Ladefoged, Peter and Maddieson, Ian},
	publisher = {Blackwell},
	title = {The Sounds of the World's Languages},
	year = {1996}
}

@book{jun2006prosodic,
	address = {Oxford},
	author = {Jun, Sun-Ah},
	publisher = {Oxford University Press},
	title = {Prosodic typology: {{T}}he phonology of intonation and phrasing},
	volume = {1},
	year = {2006}
}

@book{inkelas2018prosodic,
	address = {London},
	author = {Inkelas, Sharon},
	publisher = {Routledge},
	title = {Prosodic constituency in the lexicon},
	volume = {9},
	year = {2018}
}

@book{inkelas2014interplay,
	address = {Oxford},
	author = {Inkelas, Sharon},
	publisher = {Oxford University Press},
	title = {The interplay of morphology and phonology},
	year = {2014}
}


@book{inkelas2005reduplication,
	address = {Cambridge},
	author = {Inkelas, Sharon and Zoll, Cheryl},
	publisher = {Cambridge University Press},
	title = {Reduplication: {{D}}oubling in morphology},
	year = {2005}
}


@book{hyman2003theory,
	address = {Berlin},
	author = {Hyman, Larry M.},
	publisher = {De Gruyter},
	title = {A theory of phonological weight},
	series = {Publications in Language Sciences},
	number = {19},
	doi = {10.1515/9783110854794},
	year = {2003}
}

@book{hill2005grammar,
	address = {Berkeley},
	author = {Hill, Jane H.},
	publisher = {University of California Press},
	title = {A grammar of {Cupeño}},
	year = {2005}
}



@book{hayes1995metrical,
	address = {Chicago},
	author = {Hayes, Bruce},
	publisher = {University of Chicago Press},
	title = {Metrical stress theory: {{P}}rinciples and case studies},
	year = {1995}
}

@book{haspelmath1997indefinite,
	address = {Oxford},
	author = {Haspelmath, Martin},
	publisher = {Oxford University Press},
	title = {Indefinite pronouns},
	year = {1997}
}

@book{harris2017multiple,
	address = {Oxford},
	author = {Harris, Alice C.},
	publisher = {Oxford University Press},
	title = {Multiple exponence},
	year = {2017}
}

@book{gurevich2013lenition,
	address = {London},
	author = {Gurevich, Naomi},
	publisher = {Routledge},
	title = {Lenition and contrast: {{T}}he functional consequences of certain phonetically conditioned sound changes},
	year = {2013}
}

@book{gonzalez1987cronicas,
	address = {Ciudad de México},
	author = {González Rodríguez, Luis},
	number = {11},
	publisher = {Secretaría de Educación Pública},
	sortname = {Gonzalez Rodriguez Luis},
	title = {Crónicas de la {Sierra} {Tarahumara}},
	year = {1987}
}


@book{gonzalez1982tarahumara,
	address = {Chihuahua},
	author = {González Rodríguez, Luis},
	number = {080 S42 v. 29.},
	publisher = {Fondo de Cultura Económica},
	sortname = {González Rodríguez, Luis},
	title = {Tarahumara: {{L}}a sierra y el hombre},
	year = {1982}
}

@book{fabian2006yaqui,
	address = {Tucson},
	author = {Martínez Fabián, Constantino},
	publisher = {The University of Arizona},
	sortname = {Martinez Fabian, Constantino},
	title = {{Yaqui} coordination},
	year = {2006}
}

@book{downing2008focus,
	address = {Frankfurt a. M.},
	author = {Downing, Laura J.},
	publisher = {Universitätsbibliothek Johann Christian Senckenberg},
	title = {Focus and prominence in {Chichewa}, {Chitumbuka} and {Durban} {Zulu}},
	year = {2008}
}

@book{dedrick1999sonora,
	address = {Tucson},
	author = {Dedrick, John M. and Casad, Eugene H.},
	publisher = {University of Arizona Press},
	title = {Sonora {Yaqui} language structures},
	year = {1999}
}

@book{de1997compendio,
	address = {Austin},
	author = {{Coordinación Estatal de la Tarahumara} and Ramos Chaparro, Aureliano  and Burgess McGuire, Donaldo and Merrill, William L.},
	publisher = {University of Texas},
	sortname = {Coordinacion Estatal de la Tarahumara Estatal and Chaparro, Aureliano Ramos and McGuire, Donaldo Burgess and Merrill, William L},
	title = {Compendio Básico de la Gramática {Ralámuli}},
	year = {1997}
}

@book{dayley1989tumpisa,
	address = {Berkeley},
	author = {Dayley, Jon Philip},
	publisher = {University of California Press},
	title = {Tümpisa ({Panamint}) {Shoshone} Grammar},
	year = {1989}
}

@book{cristofaro2005subordination,
	address = {Oxford},
	author = {Cristofaro, Sonia},
	publisher = {Oxford University Press},
	title = {Subordination},
	year = {2005}
}

@book{cortina2012hijos,
	address = {Ciudad de México},
	author = {Pintado Cortina, Ana Paula},
	publisher = {Instituto Nacional de Antropología e Historia},
	title = {Los hijos de {Riosi} y {Riablo}: {{F}}iestas grandes y resistencia cultural en una comunidad tarahumara de la barranca},
	year = {2012}
}


@phdthesis{cohen1998grammatical,
	address = {Arlington},
	author = {Cohen, Diana},
	school = {The University of Texas at Arlington},
	title = {A grammatical description of {Tarahumara}},
	year = {1998}
}

@phdthesis{clayton2010natural,
	author = {Clayton, Ian D.},
	school = {The University of North Carolina at Chapel Hill},
	title = {On the natural history of preaspirated stops},
	year = {2010}
}

@book{charney1993grammar,
	address = {Lincoln},
	author = {Charney, Jean Ormsbee},
	publisher = {University of Nebraska Press},
	title = {A grammar of {Comanche}},
	year = {1993}
}

@book{chaparro2019corpus,
	address = {Berkeley},
	author = {Chaparro Gardea, Rosa Isela and Fuentes Holguín, Sebastián and Fuentes Loya, Bertha and Fuentes Moreno, Guillermina and Fuentes Palma, Giltro and León Ramírez, Luz Elena and Caballero, Gabriela and Carroll, Lucien},
	publisher = {University of California},
	doi = {10.7297/X2HH6H70},
	booktitle = {Survey of {California} and {Other} {Indian} {Languages}},
	sortname = {Chaparro Gardea, Rosa Isela and Fuentes Holguin, Sebastian and Fuentes Loya, Bertha and Fuentes Moreno, Guillermina and Fuentes Palma, Giltro and Leon Ramirez, Luz Elena and Caballero, Gabriela and Carroll, Lucien},
	title = {Materials of the {Choguita} {Rarámuri} {Language} {Project}, 2019-01},
	year = {2019}
}

@book{campbell2000american,
	address = {Oxford},
	author = {Campbell, Lyle},
	publisher = {Oxford University Press},
	title = {{{America}n} {Indian} languages: {{T}}he historical linguistics of {Native} {America}},
	year = {2000}
}

@book{caballero2009corpus,
	address = {London},
	author = {Caballero, Gabriela},
	publisher = {ELAR},
	url = {http://hdl.handle.net/2196/b40f0f7b-2a59-4d82-b970-e0d5850a19fb},
	title = {Rarámuri description and documentation},
	year = {2009}
}

@book{caballero2008choguita,
	address = {Berkeley},
	author = {Caballero, Gabriela},
	publisher = {University of California},
	title = {{Choguita Rarámuri} ({Tarahumara}) phonology and morphology},
	year = {2008}
}

@article{bybee1989creation,
	author = {Bybee, Joan L. and Dahl, Östen},
	journal = {Studies in Language},
	pages = {51--103},
	title = {The creation of tense and aspect systems in the languages of the world},
	volume = {13},
	number = {1},
	year = {1989}
}

@book{bybee1985morphology,
	address = {Amsterdam},
	author = {Bybee, Joan L.},
	publisher = {John Benjamins Publishing},
	title = {Morphology: {{A}} study of the relation between meaning and form},
	year = {1985}
}

@book{butt1995structure,
	address = {Stanford},
	author = {Butt, Miriam},
	publisher = {CSLI},
	title = {The structure of complex predicates in {Urdu}},
	year = {1995}
}

@book{burgess2001como,
	address = {Ciudad de México},
	author = {Burgess, Don H. and Merino Mares, Reynaldo},
	publisher = {Comisión Nacional Para el Desarrollo de Los Pueblos Indígenas},
	title = {Cómo aprender ralámuli de la tarahumara baja},
	year = {2001}
}

@book{brambila1983dicctionario,
	address = {Ciudad de México},
	author = {Brambila, David},
	publisher = {Obra Nacional de la Buena Prensa},
	title = {Diccionario castellano-raramuri ({Tarahumar})},
	year = {1983}
}

@book{brambila1976diccionario,
	address = {Ciudad de México},
	author = {Brambila, David},
	publisher = {Obra Nacional de la buena Prensa},
	title = {Diccionario rarámuri-castellano (tarahumar)},
	year = {1976}
}

@book{brambila1953gramatica,
	address = {Ciudad de México},
	author = {Brambila, David},
	publisher = {Editorial Buena Prensa},
	title = {Gramática rarámuri},
	year = {1953}
}

@book{booij1999phonology,
	address = {Oxford},
	author = {Booij, Geert},
	publisher = {Oxford University Press},
	title = {The {Phonology} of {Dutch}},
	year = {1999}
}

@book{booij1977dutch,
	address = {Lisse},
	author = {Booij, Geert},
	number = {2},
	publisher = {Peter de Ridder Press},
	title = {{Dutch} morphology: {{A}} study of word formation in generative grammar},
	year = {1977}
}

@book{bickmore2007cilungu,
	address = {Stanford},
	author = {Bickmore, Lee},
	publisher = {CSLI},
	title = {Cilungu phonology},
	year = {2007}
}

@book{beckman1986stress,
	address = {Berlin},
	author = {Beckman, Mary E.},
	publisher = {Walter de Gruyter},
	title = {Stress and non-stress accent},
	year = {1986}
}

@book{baker1996polysynthesis,
	address = {Oxford},
	author = {Baker, Mark C.},
	publisher = {Oxford University Press},
	title = {The {Polysynthesis} {Parameter}},
	year = {1996}
}

@book{aronoff1994morphology,
	address = {Cambridge},
	author = {Aronoff, Mark},
	number = {22},
	publisher = {MIT Press},
	title = {Morphology by {Itself}: {{S}}tems and {Inflectional} {Classes}},
	year = {1994}
}

@book{anderson2006auxiliary,
	address = {Oxford},
	author = {Anderson, Gregory D. S.},
	publisher = {Oxford University Press},
	title = {Auxiliary Verb Constructions},
	year = {2006}
}

@book{alegre1956historia,
	address = {Rome},
	author = {Alegre, Francisco Javier},
	publisher = {Institutum Historium},
	title = {Historia de la {Provincia} de la {Compañía} de {Jesús} de {Nueva} {España}},
	volume = {9},
	year = {1956}
}

@book{alegre1842historia,
	address = {Mexico},
	author = {Alegre, Francisco Javier},
	publisher = {J. M. Lara},
	title = {Historia de la {Compañía} de {Jesús} en {Nueva} {España}: {{Q}}ue estaba escribiendo el p. {{F}}rancisco {Javier} {Alegre} al tiempo de su expulsión},
	volume = {2},
	year = {1767}
}

@book{alan2007natural,
	address = {Oxford},
	author = {Alan, CL},
	number = {15},
	publisher = {Oxford University Press},
	title = {A natural history of infixation},
	year = {2007}
}

@book{Lionnet-1978,
	address = {México},
	author = {Lionnet, Andrés},
	iso_code = {tbu},
	olac_field = {syntax; general_linguistics; typology},
	publisher = {Universidad Iberoamericana},
	title = {El Idioma {Tubar} y los {Tubar}es},
	wals_code = {tub},
	year = {1978}
}

@book{Burgess-1984,
	address = {Dallas},
	author = {Burgess, Don H.},
	iso_code = {tac},
	number = {4},
	olac_field = {morphology; syntax; semantics; general_linguistics; typology},
	publisher = {The Summer Institute of Linguistics and The University of Texas at Arlington},
	series = {Studies in Uto-Aztecan Grammar},
	title = {{Western} {Tarahumara}},
	wals_code = {twe},
	year = {1984}
}

@article{zwicky1983cliticization,
	author = {Zwicky, Arnold M. and Pullum, Geoffrey K.},
	journal = {Language},
	pages = {502--513},
	title = {Cliticization vs. Inflection: {E}nglish \textit{n't}},
	volume = {59},
	number = {3},
	year = {1983}
}

@misc{zoll2004ternarity,
	author = {Zoll, Cheryl},
	note = {Ms, Massachusetts Institute of Technology},
	title = {Ternarity vs. Final exclusion: {{A}} synthesis},
	year = {2004}
}

@phdthesis{wood2007semantic,
	author = {Wood, Esther},
	school = {UC Berkeley},
	title = {The semantic typology of pluractionality},
	year = {2007}
}

@article{woo1970tone,
	author = {Woo, Nancy},
	journal = {International Journal of American Linguistics},
	number = {1},
	pages = {18--30},
	publisher = {Indiana University},
	title = {Tone in {Northern} {Tepehuan}},
	volume = {36},
	year = {1970}
}

@misc{willardrainbow,
	author = {Willard, E. Rainbow},
	publisher = {University of California},
	address = {University of California, Berkeley},
	title = {{{D}}ominance effects in a dialect of {Mam} {Maya}},
	note = {Unpublished Ms.},
	year = {2004}
}

@article{whorf1993pitch,
	author = {Whorf, Benjamin L. and Campbell, Lyle and Karttunen, Frances},
	journal = {International Journal of American Linguistics},
	number = {2},
	pages = {165--223},
	publisher = {University of Chicago Press},
	title = {Pitch tone and the ``saltillo" in modern and ancient {Nahuatl}},
	volume = {59},
	year = {1993}
}

@article{whorf1935comparative,
	author = {Whorf, Benjamin L.},
	journal = {American Anthropologist},
	number = {4},
	pages = {600--608},
	title = {The comparative linguistics of {Uto}-{Aztecan}},
	volume = {37},
	year = {1935}
}

@article{welmers1959tonemics,
	author = {Welmers, Wm E.},
	journal = {General Linguistics},
	number = {1},
	pages = {1},
	publisher = {Pennsylvania State University Press},
	title = {Tonemics, morphotonemics, and tonal morphemes},
	volume = {4},
	year = {1959}
}

@phdthesis{weeda1993word,
	author = {Weeda, Donald Stanton},
	school = {University of Texas at Austin},
	title = {Word truncation in Prosodic Morphology},
	year = {1993}
}

@book{voegelin17voegelin,
	author = {Voegelin, Charles F. and Florence, M. Voegelin and Kenneth Hale.},
	publisher = {Waverly Press},
	address = {Baltimore},
	title = {Typological and Comparative Grammar of {Uto-Aztecan}: {{I}} ({Phonology})},
	year = {1962}
}

@incollection{van2011pitch,
	author = {van der Hulst, Harry},
	booktitle = {The {Blackwell} {Companion} to {Phonology}},
	pages = {1--24},
	publisher = {Wiley Online Library},
	title = {Pitch accent systems: {V}olume {II}. {S}uprasegmental and {Prosodic} {Phonology}},
	year = {2011},
	doi = {10.1002/9781444335262.wbctp0042}
}

@incollection{valinas2001lengua,
	author = {Valiñas, Leopoldo},
	booktitle = {Identidad y cultura en la {Sierra Tarahumara}},
	pages = {105--126},
	publisher = {Congreso del Gobierno del Estado de Chihuahua},
	sortname = {Valinas, Leopoldo},
	title = {Lengua, dialectos e identidad étnica en la {Sierra} {Tarahumara}},
	address = {Chihuahua},
	editor = {Claudia Molinari and Eugeni Porras},
	year = {2001}
}

@phdthesis{valdez2014predication,
	author = {Valdez-Jara, Yolanda},
	school = {University of Oregon},
	title = {Predication in {Rarómuri} ({Urique} {Tarahumara})},
	year = {2013}
}

@incollection{tubino2014affixal,
	author = {Tubino Blanco, Mercedes and Harley, Heidi and Haugen, Jason},
	booktitle = {Current Issues in Complex Predicate Research},
	editor = {Kishimoto, Hideki and Yoko Yumuto},
	address = {Tokyo},
	publisher = {Hituzi Syobo},
	pages = {257--290},
	title = {Affixal light verbs and complex predicates in {Hiaki}},
	year = {2014}
}

@article{toosarvandani2016vocabulary,
	author = {Toosarvandani, Maziar},
	journal = {Northeast Linguistic Society (NELS)},
	number = {3},
	pages = {247--257},
	title = {Vocabulary insertion and locality: {{V}}erb suppletion in {Northern} {Paiute}},
	volume = {46},
	year = {2016}
}

@article{toosarvandani2016temporal,
	author = {Toosarvandani, Maziar},
	journal = {Language},
	number = {4},
	pages = {850--889},
	publisher = {Linguistic Society of America},
	title = {The temporal interpretation of clause chaining in {Northern} {Paiute}},
	volume = {92},
	year = {2016}
}

@article{timberlake2007aspect,
	author = {Timberlake, Alan},
	journal = {Language typology and syntactic description},
	pages = {280--333},
	publisher = {Cambridge University Press Cambridge},
	title = {Aspect, tense, mood},
	volume = {3},
	year = {2007}
}

@incollection{timberlake1983compensatory,
	author = {Timberlake, Alan},
	booktitle = {From {Los Angeles} to {Kiev}: {Papers on the Occasion of the Ninth International Congress of Slavists, Kiev}},
	pages = {207--236},
	title = {Compensatory lengthening in {Slavic}, 1: {{C}}onditions and dialect geography},
	editor = {Vladimir Markov and Dean S. Worth},
	address = {Bloomington, IN},
	publisher = {Slavica},
	year = {1983}
}

@incollection{thompson1985adverbial,
	author = {Thompson, Sandra A. and Longacre, Robert E. and Hwang, Shin Ja J.},
	booktitle = {Language Typology and Syntactic Description},
	editor =  {Shopen, Timothy},
	pages = {171--234},
	address = {Cambridge},
	publisher = {Cambridge University Press},
	title = {Adverbial clause},
	volume = {2}, 
	year = {1985}
}

@book{langacker1977uto,
	address = {Arlington},
	author = {Langacker, Ronald W.},
	publisher = {The Summer Institute of Linguistics and The University of Texas at Arlington},
	title = {Studies in {Uto}-{Aztecan} {Grammar}. {{V}}olume 1: {{A}}n {Overview} of {Uto}-{Aztecan} {Grammar}},
	year = {1977}
}

@article{svenonius2008complex,
	author = {Svenonius, Peter},
	journal = {Nordlyd},
	number = {1},
	title = {Complex predicates and the functional sequence},
	volume = {35},
	year = {2008},
	doi = {10.7557/12.137 }
}

@article{steele1976law,
	author = {Steele, Susan M.},
	journal = {International Journal of American Linguistics},
	number = {1},
	pages = {31--45},
	publisher = {University of Chicago Press},
	title = {A law of order: {{W}}ord order change in {Classical} {Aztec}},
	volume = {42},
	year = {1976}
}

@article{steele1975protoUA,
	author = {Steele, Susan M.},
	journal = {International Journal of American Linguistics},
	number = {3},
	pages = {200--217},
	title = {Past and irrealis: {{J}}ust what does it all mean?},
	volume = {41},
	year = {1975}
}

@article{stassen1984comparative,
	author = {Stassen, Leon},
	journal = {Journal of Semantics},
	number = {1-2},
	pages = {143--182},
	publisher = {Oxford University Press},
	title = {The comparative compared},
	volume = {3},
	year = {1984}
}

@incollection{soto2002some,
	author = {Vázquez Soto, Verónica},
	booktitle = {The Grammar of Causation and Interpersonal Manipulation},
    editor =  {Shibatani, Masayoshi},
	pages = {197--244},
	address = {Amsterdam},
	publisher = {John Benjamins},
	sortname = {Vázquez Soto, Verónica},
	title = {Some constraints on {Cora} causative constructions},
	year = {2002}
}



@incollection{smith2011category,
	author = {Smith, Jennifer L.},
	booktitle = {The {Blackwell} {Companion} to {Phonology}},
	publisher = {Wiley Online Library},
	title = {Category-Specific Effects},
	doi = {10.1002/9781444335262.wbctp0102},
	year = {2011}
}

@article{smalley1953phonemic,
	author = {Smalley, William A.},
	journal = {International Journal of American Linguistics},
	number = {4},
	pages = {297--301},
	publisher = {Indiana University},
	title = {Phonemic rhythm in Comanche},
	volume = {19},
	year = {1953}
}

@incollection{simpson1986pronominal,
	author = {Simpson, Jane and Withgott, Meg},
	booktitle = {The Syntax of Pronominal Clitics},
	editor =  {Borer, Hagit},
	pages = {149--174},
	address = {New York},
	publisher = {Academic Press},
	title = {Pronominal Clitic Clusters and Templates},
	year = {1986}
}





@book{silver1998american,
	author = {Silver, Shirley and Miller, Wick R.},
	address = {Tucson},
	publisher = {University of Arizona Press},
	title = {{American} {Indian} languages: {{C}}ultural and social contexts},
	year = {1998}
}

@article{silva2006acoustic,
	author = {Silva, David J.},
	journal = {Phonology},
	number = {2},
	pages = {287--308},
	publisher = {Cambridge University Press},
	title = {Acoustic evidence for the emergence of tonal contrast in contemporary {Korean}},
	volume = {23},
	year = {2006}
}

@article{shue2011voicesauce,
	author = {Shue, Yen-Liang and Keating, Patricia and Vicenik, Chad and Yu, Kristine},
	journal = {Energy},
	number = {H2},
	pages = {H1--A1},
	title = {{VoiceS}auce: {{A}} program for voice analysis},
	volume = {1},
	year = {2011}
}

@incollection{shaul2000comparative,
	author = {Shaul, David Leedom},
	booktitle = {{Uto-Aztecan}: {S}tructural, temporal and geographic perspectives: {P}apers in honor of {Wick R. Miller}},
	editor =  {Casad, Eugene H. and Thomas L. Willet},
	pages = {319--356},
	address = {Hermosillo},
	publisher = {Universidad de Sonora},
	title = {Comparative {Tepiman}: {{P}}honological change and inflectional categories},
	year = {2000}
}

@incollection{hill2000marked,
	author = {Hill, Jane H. and Hill, Kenneth C.},
	booktitle = {{Uto-Aztecan}: {S}tructural, temporal and geographic perspectives: {P}apers in honor of {Wick R. Miller} by the friends of {Uto}-{Aztecan}},
	editor =  {Casad, Eugene H. and Thomas L. Willet},
	pages = {241--276},
	address = {Hermosillo},
	publisher = {Universidad de Sonora},
	title = {Marked and unmarked plural nouns in {Uto}-{Aztecan}},
	year = {2000}
}

@book{servin2002ralamuli,
	author = {Servín, Enrique},
	address = {Chihuahua},
	publisher = {Instituto Chihuahuense de Cultura},
	sortname = {Servín, Enrique},
	title = {{Ralámuli Ra’ichábo}!! {H}ablemos el tarahumar},
	year = {2002}
}

@incollection{selkirk2011syntax,
	author = {Selkirk, Elisabeth and others},
	journal = {The handbook of phonological theory},
	pages = {435--483},
	title = {The syntax-phonology interface},
	editor = {John Goldsmith and Jason Riggle and Alan Yu},
	volume = {2},
	year = {2011},
	doi = {10.1002/9781444343069.ch14}
}

@incollection{selkirk1996prosodic,
	author = {Selkirk, Elisabeth},
	booktitle = {Signal to syntax: {B}ootstrapping from speech to grammar in early acquisition},
	editor =  {James L. Morgan and Katherine Demuth},
	pages = {187--213},
    address = {New York and London},
	publisher = {Psychology Press},
	title = {The prosodic structure of function words},
	year = {1996}
}

@article{selkirk1986derived,
	author = {Selkirk, Elisabeth},
	journal = {Phonology},
	pages = {371--405},
	publisher = {Cambridge University Press},
	title = {On derived domains in sentence phonology},
	volume = {3},
	year = {1986}
}



@article{schultze2004depictive,
	author = {Schultze-Berndt, Eva and Himmelmann, Nikolaus P.},
	journal = {Linguistic typology},
	number = {1},
	pages = {59--131},
	publisher = {De Gruyter Mouton},
	title = {Depictive secondary predicates in crosslinguistic perspective},
	volume = {8},
	year = {2004}
}

@incollection{schiller1990definition,
	author = {Schiller, Eric},
	editor = {Joseph Brian D. and Zwicky, Arnold M.},
	pages = {34-64},
	publisher = {Ohio State University. Department of Linguistics},
	title = {On the definition and distribution of serial verb constructions},
	booktitle = {When Verbs Collide: {P}apers from the {Ohio State} Mini-Conference on Serial Verbs},
	year = {1990}

}

@incollection{salido2007voz,
	author = {García Salido, Gabriela},
	booktitle = {Mecanismos de Voz, Cambio de Valencia y Formación de Palabra},
	editor =  {Estrada Fernández, Zarina and Albert Alvarez González and Lilián Guerrero Valenzuela and María Belén Carpio},
	pages = {153--176},
	address = {México},
	publisher = {Plaza y Valdés},
	title = {La voz media en tepehuano del sur de {Santa María de Ocotán}},
	year = {2007}
}

@phdthesis{rolle2018grammatical,
	author = {Rolle, Nicholas R.},
	school = {UC Berkeley},
	title = {Grammatical tone: {{T}}ypology and theory},
	year = {2018}
}

@article{roettger2017methodological,
	author = {Roettger, Timo and Gordon, Matthew K.},
	journal = {Linguistics Vanguard},
	pages = {1--11},
	publisher = {De Gruyter Mouton},
	title = {Methodological issues in the study of word stress correlates},
	volume = {1},
	year = {2017}
}

@article{rodriguez1991testimonios,
	author = {González Rodríguez, Luis and others},
	journal = {Estudios de Historia Novohispana},
	number = {010},
	doi = {10.1515/lingvan-2017-0006},
	sortname = {González Rodríguez, Luis and others},
	title = {Testimonios sobre la destrucción de las misiones tarahumaras y pimas en 1960},
	volume = {10},
	year = {1991}
}

@incollection{rice2014sounds,
	author = {Rice, Keren},
	booktitle = {Language Documentation \& Conservation Special Issue},
	number = {8},
	pages = {69-89},
	publisher = {University of Hawai'i Press},
	title = {Sounds in grammar writing},
	editor = {Toshihide Nakayama and Keren Rice},
	Address = {Manoa},
	year = {2014}
}

@article{rice2011principles,
	author = {Rice, Keren},
	journal = {Word Structure},
	number = {2},
	pages = {169--200},
	publisher = {Edinburgh University Press 22 George Square, Edinburgh EH8 9LF UK},
	title = {Principles of affix ordering: {{A}}n overview},
	volume = {4},
	year = {2011}
}

@incollection{rice2010accent,
	author = {Rice, Keren},
	address = {Berlin},
	publisher = {De Gruyter},
	pages = {155--248},
	title = {Accent in the native languages of {North} {America}},
	booktitle = {A survey of word accentual patterns in the languages of the world},
	editor = {Harry van der Hulst and Rob Goedemans and Ellen van Zanten},
	year = {2010}
}

@phdthesis{rice1993binarity,
	author = {Rice, Curtis Calvin},
	school = {University of Texas at Austin},
	title = {Binarity and ternarity in metrical theory: {{P}}arametric extensions},
	year = {1993}
}

@article{riad2006scandinavian,
	author = {Riad, Tomas},
	journal = {STUF-Sprachtypologie und Universalienforschung},
	number = {1/2006},
	pages = {36--55},
	publisher = {Oldenbourg Wissenschaftsverlag},
	title = {{Scandinavian} accent typology},
	volume = {59},
	year = {2006}
}

@incollection{revithiadou1998lexical,
	author = {Revithiadou, Anthi},
	booktitle = {Themes in Greek Linguistics},
	editor = {Joseph, Brian D. and Geoffrey C. Horrocks and Irene Philippaki-Warburton},
	pages = {23--48},
	address = {Amsterdam},
	publisher = {John Benjamins},
	title = {Lexical marking and dominance in {Modern} {Greek}},
	year = {1998}
}

@book{remijsen2018descriptive,
	author = {Remijsen, Bert and Ayoker, Otto Gwado},
	series = {Language Documentation and Conservation Special Publication},
	number = {14},
	title = {A descriptive grammar of {Shilluk}},
	year = {2018},
	address = {Manoa},
	publisher = {University of Hawaiʻi Press}
}

@article{remijsen2005stress,
	author = {Remijsen, Bert and Van Heuven, Vincent J.},
	journal = {Phonology},
	number = {2},
	pages = {205--235},
	publisher = {Cambridge University Press},
	title = {Stress, tone and discourse prominence in the {Curaçao} dialect of {Papiamentu}},
	volume = {22},
	year = {2005}
}

@article{remijsen2002lexically,
	author = {Remijsen, Bert},
	journal = {Laboratory phonology},
	pages = {585--614},
	title = {Lexically contrastive stress accent and lexical tone in {Ma’ya}},
	volume = {7},
	year = {2002}
}

@article{remijsen2001dialectal,
	author = {Remijsen, Bert},
	journal = {Language and {Speech}},
	number = {4},
	pages = {473--499},
	publisher = {SAGE Publications Sage UK: London, England},
	title = {Dialectal variation in the lexical tone system of {Ma'ya}},
	volume = {44},
	year = {2001}
}

@article{prieto1995tonal,
	author = {Prieto, Pilar and Van Santen, Jan and Hirschberg, Julia},
	journal = {Journal of Phonetics},
	number = {4},
	pages = {429--451},
	publisher = {Academic Press},
	title = {Tonal alignment patterns in {Spanish}},
	volume = {23},
	year = {1995}
}

@phdthesis{paster2006phonological,
	author = {Paster, Mary},
	school = {UC Berkeley},
	title = {Phonological conditions on affixation},
	year = {2006}
}

@incollection{paciotto1996tarahumara,
	author = {Paciotto, Carla},
	booktitle = {Stabilizing {Indigenous} Languages},
	editor =  {Cantoni, Gina},
	pages = {155--161},
	address = {Flagstaff},
	publisher = {Northern Arizona University},
	title = {The {Tarahumara} of {Mexico}},
	year = {1996}
}

@article{ochs1989language,
	author = {Ochs, Elinor and Schieffelin, Bambi},
	journal = {Text},
	number = {1},
	pages = {7--25},
	title = {Language has a heart},
	volume = {9},
	year = {1989}
}

@article{o2015typological,
	author = {O’Meara, Carolyn and Guerrero Valenzuela, Lilián},
	journal = {Amerindia},
	number = {2},
	pages = {285--311},
	sortname = {O'Meara, Carolyn and Guerrero Valenzuela, Lilian},
	title = {A typological comparison of {Seri} with nearby {Southern} {Uto}-{Aztecan} languages: {{T}}he use of posture verbs in locative descriptions},
	volume = {37},
	year = {2015}
}

@article{o2011spatial,
	author = {O’Meara, Carolyn and Pérez Báez, Gabriela},
	journal = {Language Sciences},
	number = {6},
	pages = {837--852},
	sortname = {O'Meara, Carolyn and Pérez Báez, Gabriela},
	title = {Spatial frames of reference in {Mesoamerican} languages},
	volume = {33},
	year = {2011}
}

@article{nordell1984spanish,
	author = {Nordell, Norman},
	journal = {SIL-Mexico Workpapers},
	pages = {120},
	title = {{Spanish} loan words via {Aztec}},
	volume = {5},
	year = {1984}
}

@incollection{noonan2007complementation,
	author = {Noonan, Michael},
	booktitle = {Language Typology and Syntactic Description},
	editor =  {Shopen, Timothy},
	pages = {52--150},
	address = {Cambridge},
	publisher = {Cambridge University Press},
	title = {Complementation},
	volume = {2}, 
	year = {2007}
}

@article{nichols1986head,
	author = {Nichols, Johanna},
	journal = {Language},
	pages = {56--119},
	title = {Head-marking and dependent-marking grammar},
	volume = {62},
	issue = {1},
	year = {1986}
}

@incollection{newman2012pluractional,
	author = {Newman, Paul},
	booktitle = {Verbal plurality and distributivity},
	editor = {Cabredo Hofherr, Patricia and Brenda Laca},
	pages = {185--209},
	publisher = {Mouton de Gruyter},
	title = {Pluractional verbs: {{A}}n overview},
	year = {2012}
}

@book{nespor1986prosodic,
	author = {Nespor, Marina and Vogel, Irene},
	address = {Dordrecht},
	publisher = {Foris},
	title = {Prosodic phonology},
	series = {Studies in generative grammar},
	number = {28},
	year = {1986}
}

@phdthesis{neely2019linguistic,
	author = {Neely, Kelsey C.},
	school = {UC Berkeley},
	title = {The linguistic expression of affective stance in {Yaminawa} ({Pano}, {Peru})},
	year = {2019}
}

@article{myers1998surface,
	author = {Myers, Scott},
	journal = {Phonology},
	number = {3},
	pages = {367--391},
	publisher = {Cambridge University Press},
	title = {{Surface} underspecification of tone in {Chichewa}},
	volume = {15},
	year = {1998}
}

@incollection{munro1977towards,
	author = {Munro, Pamela},
	booktitle = {Studies in Stress and Accent},
	editor =  {Hyman, Larry M.},
	pages = {303--326},
	address = {Los Angeles},
	publisher = {University of Southern California},
	title = {Towards a reconstruction of {Uto}-{Aztecan} stress},
	year = {1977}
}

@article{munoz2019reproduccion,
	author = {Morales Muñoz, Marco Vinicio},
	journal = {Revista Latinoamericana de Antropología del Trabajo},
	number = {6},
	url = {http://www.ceil-conicet.gov.ar/ojs/index.php/lat/article/view/540/504},
	sortname = {Morales Muñoz, Marco Vinicio},
	title = {Reproducción material rarámuri: {{C}}ambios y continuidades por la migración en la ciudad de {Chihuahua}, {México}},
	volume = {3},
	year = {2019}
}

@article{miller1984classification,
	author = {Miller, Wick R.},
	journal = {International Journal of American Linguistics},
	number = {1},
	pages = {1--24},
	publisher = {University of Chicago Press},
	title = {The classification of the {Uto}-{Aztecan} languages based on lexical evidence},
	volume = {50},
	year = {1984}
}

@article{miller1983note,
	author = {Miller, Wick R.},
	journal = {International Journal of American Linguistics},
	number = {3},
	pages = {328--334},
	publisher = {University of Chicago Press},
	title = {A note on extinct languages of {Northwest} {Mexico} of supposed {Uto}-{Aztecan} affiliation},
	volume = {49},
	year = {1983}
}

@article{merrill2014ralamuli,
	author = {Merrill, William L. and Burgess, Don H.},
	journal = {Anthropological Linguistics},
	pages = {229--293},
	title = {Ralámuli Kinship Terminology: {{A}} Diachronic Perspective on Diversity in the {Sierra} {Tarahumara} of {Northwestern} {Mexico}},
	volume = {56},
	issue = {3/4},
	year = {2014}
}

@article{merrill2013genetic,
	author = {Merrill, William L.},
	journal = {Language Dynamics and Change},
	number = {1},
	pages = {68--104},
	publisher = {Brill},
	title = {The genetic unity of {Southern} {Uto}-{Aztecan}},
	volume = {3},
	year = {2013}
}

@incollection{merrill2001identidad,
	author = {Merrill, William L.},
	booktitle = {Identidad y cultura en la sierra Tarahumara},
	title = {La identidad ralámuli, una perspectiva histórica},
	publisher = {Instituto Nacional de Antropología e Historia},
	pages = {71--104},
	address ={México},
	editor = {Eugeni Porras and Claudia Molinari},
	year = {2001}
}



@book{merrill1988raramuri,
	author = {Merrill, William L.},
	address ={Washington, DC},
	publisher = {Smithsonian Scholarly Press},
	title = {Rarámuri souls: {K}nowledge and Social Process in {Northern Mexico}},
	year = {1988}
}

@incollection{merrill1983tarahumara,
	author = {Merrill, William L.},
	booktitle = {The handbook of {North American} indians},
	title = {Tarahumara social organization, political organization, and religion},
	volume = {10: Southwest},
	pages  = {290-305},
	address ={Washington DC},
	publisher = {Smithsonian Institution},
	year = {1983}
}


@article{menn1984repeated,
	author = {Menn, Lise and MacWhinney, Brian},
	journal = {Language},
	pages = {519--541},
	title = {The repeated morph constraint: {{T}}oward an explanation},
	volume = {60},
	number = {3},
	year = {1984}
}

@article{mckenzie2015survey,
	author = {McKenzie, Andrew},
	journal = {International Journal of American Linguistics},
	number = {3},
	pages = {409--448},
	publisher = {University of Chicago Press},
    address = {Chicago},
	title = {A survey of switch-reference in {North} {America}},
	volume = {81},
	year = {2015}
}

@article{mcdonough2013dene,
	author = {McDonough, Joyce},
	publisher = {University of California},
	address = {Berkeley},
	title = {The {Dene} verb: {{H}}ow phonetics supports morphology},
	year = {2013}
}

@incollection{mcdonough2002prosody,
	author = {McDonough, Joyce},
	booktitle = {Formal Approaches to Function in Grammar: {I}n honor of {Eloise Jelinek}},
	editor = {Andrew Carnie and Heidi Harley and MaryAnn Willie},
	pages = {191–206},
	address = {Amsterdam},
	publisher = {John Benjamins},
	title = {The prosody of interrogative and focus constructions in {Navajo}},
	doi = {10.1075/la.62.15mcd},
	year = {2002}
}

@article{mcdonough2001intonation,
	author = {McDonough, Joyce},
	journal = {The Journal of the Acoustical Society of America},
	number = {5},
	pages = {2415--2415},
	publisher = {ASA},
	title = {The intonation of yes/no and focus constructions in {Navajo}},
	volume = {109},
	year = {2001}
}

@incollection{mcdonough2000bipartite,
	author = {McDonough, Joyce},
	booktitle = {The {Athabaskan} languages: {P}erspectives on a {Native} {American} language family},
	editor = {Fernald, Theodore B. and Paul R. Platero},
	pages = {139--166},
	address = {Oxford},
	publisher = {Oxford University Press},
	title = {On a bipartite model of the {Athabaskan} verb},
	year = {2000}
}

@misc{mccarthy1996prosodic,
	author = {McCarthy, John J. and Prince, Alan},
	note = {Ms, University of Massachusetts and Brandeis University},
	title = {Prosodic morphology},
	year = {1986}
}

@book{matthews1991morphology,
	author = {Matthews, Peter H.},
	address = {New York},
	publisher = {Cambridge University Press},
	title = {Morphology},
	series = {Cambridge Textbooks in Linguistics},
	year = {1991}
}

@article{martinez2015binary,
	author = {Martínez-Paricio, Violeta and Kager, René},
	journal = {Phonology},
	number = {3},
	pages = {459--504},
	publisher = {Cambridge University Press},
	sortname = {Martínez-Paricio, Violeta and Kager, Rene},
	title = {The binary-to-ternary rhythmic continuum in stress typology: {{L}}ayered feet and non-intervention constraints},
	volume = {32},
	year = {2015}
}

@phdthesis{martinez2013exploration,
	author = {Martínez-Paricio, Violeta},
	school = {UiT Norges arktiske universitet},
	sortname = {Martínez-Paricio, Violeta},
	title = {An exploration of minimal and maximal metrical feet},
	year = {2013}
}


@article{manaster1986genesis,
	author = {Manaster-Ramer, Alexis},
	journal = {International Journal of American Linguistics},
	number = {2},
	pages = {154--160},
	publisher = {University of Chicago Press},
	title = {Genesis of {Hopi} tones},
	volume = {52},
	year = {1986}
}

@book{makawi2012eka,
	author = {Makáwi, Martín},
	address = {Chihuahua},
	publisher = {Instituto Chihuahuense de Cultura},
	sortname = {Makawi, Martín},
	title = {Eká kusúala, Canciones del viento},
	year = {2012}
}

@article{maddieson1979tone,
	author = {Maddieson, Ian},
	journal = {UCLA Working Papers in Phonetics},
	pages = {84--88},
	publisher = {Department of Linguistics, Phonetics Laboratory, UCLA},
	title = {Tone spacing: {{{E}}}vidence from bilingual speakers},
	volume = {45},
	year = {1979}
}

@incollection{longacre2007sentences,
	author = {Longacre, Robert E.},
	booktitle = {Language Typology and Syntactic Description},
	editor =  {Shopen, Timothy},
	pages = {372--420},
	address = {Cambridge},
	publisher = {Cambridge University Press},
	title = {Sentences as combinations of clauses},
	volume = {2}, 
	year = {2007}
}

@incollection{lipski1997spanish,
	author = {Lipski, John M.},
	booktitle = {Issues in the phonology and morphology of the major Iberian languages},
	editor =  {Martinez-Gil, Fernando and Morales-Front, Alfonso},
	pages = {559--593},
	address = {Washington, DC},
	publisher = {Georgetown University Press},
	title = {{Spanish} word stress: {{T}}he interaction of moras and minimality},
	year = {1997}
}

@incollection{lionnet2001sufijos,
	author = {Lionnet, Andrés},
	booktitle = {Avances y balances de lenguas yutoaztecas: homenaje a {Wick} {R.} {Miller}},
	pages = {301--330},
	title = {Sufijos verbales derivativos en verbos del tarahumar},
	editor = {Zamarrón, José Luis Moctezuma and Hill, Jane H.},
	publisher = {Instituto Nacional de Antropología e Historia},
	address = {México, D.F.},
	year = {2001}
}

@article{lionnet1985relaciones,
	author = {Lionnet, Andrés},
	journal = {Amerindia},
	pages = {25--58},
	sortname = {Lionnet, Andres},
	title = {Relaciones internas de la rama sonorense},
	volume = {10},
	year = {1985}
}

@article{lionnet1985lionnet,
	author = {Lionnet, Andrés and Miller, Wick R.},
	journal = {International Journal of American Linguistics},
	number = {4},
	pages = {502--504},
	publisher = {University of Chicago Press},
	title = {Lionnet's Article on the ``Intensive" in {Tarahumara}},
	volume = {51},
	year = {1985}
}

@article{levinson1996language,
	author = {Levinson, Stephen C.},
	journal = {Annual {Review} of {Anthropology}},
	number = {1},
	pages = {353--382},
	publisher = {Annual Reviews 4139 El Camino Way, PO Box 10139, Palo Alto, CA 94303-0139, USA},
	title = {Language and space},
	volume = {25},
	year = {1996}
}

@article{levi1999hidden,
	author = {Levi, Jerome M.},
	journal = {American Ethnologist},
	number = {1},
	pages = {90--113},
	publisher = {Wiley Online Library},
	title = {Hidden transcripts among the {Rarámuri}: {{C}}ulture, resistance, and interethnic relations in northern {Mexico}},
	volume = {26},
	year = {1999}
}

@article{lehmann1986typology,
	author = {Lehmann, Christian},
	journal = {Linguuistics},
	number = {4},
	pages = {663--680},
	title = {On the typology of relative clauses},
	volume = {24},
	year = {1986}
}

@incollection{lastra2001otomi,
	author = {Lastra, Yolanda},
	doi = {10.21832/9781853597060-008},
	pages = {142--165},
	address = {Bristol, Blue Ridge Summit},
	publisher = {De Gruyter Mouton},
	title = {Otomí language shift and some recent efforts to reverse it},
	booktitle = {Can Threatened Languages be Saved?},
	editor = {Joshua A Fishman},
	year = {2001}
}

@article{ladd1986intonational,
	author = {Ladd, D. Robert},
	journal = {Phonology},
	pages = {311--340},
	publisher = {Cambridge University Press},
	title = {Intonational phrasing: {{T}}he case for recursive prosodic structure},
	volume = {3},
	year = {1986}
}

@article{ladd1984declination,
	author = {Ladd, D Robert},
	journal = {Phonology},
	pages = {53--74},
	publisher = {Cambridge University Press},
	title = {Declination: {{A}} review and some hypotheses},
	volume = {1},
	year = {1984}
}

@incollection{kubuzono2020raramuri,
	author = {Caballero, Gabriela and Yuan Chai and Marc Garellek},
	booktitle = {Prosody and Prosodic Interfaces},
	title = {Stress, tone and intonation in {Choguita} {Rarámuri}},
	pages = {227-248},
    editor = {Kubuzono, Haruo and Junko Ito and Armin Mester},
    publisher = {Oxford University Press},
    address = {Oxford},
	year = {2022}
}

@article{kubozono2006does,
	author = {Kubozono, Haruo},
	journal = {Lingua},
	number = {7},
	pages = {1140--1170},
	title = {Where does loanword prosody come from?: {{A}} case study of {Japanese} loanword accent},
	volume = {116},
	year = {2006}
}

@article{kuang2013tonal,
	author = {Kuang, Jianjing},
	journal = {Phonetica},
	number = {1-2},
	pages = {1--23},
	publisher = {Karger Publishers},
	title = {The tonal space of contrastive five level tones},
	volume = {70},
	year = {2013}
}

@incollection{konig2007speech,
	author = {König, Ekkehard and Siemund, Peter},
	booktitle = {Language Typology and Syntactic Description},
	editor =  {Shopen, Timothy},
	pages = {276--324},
	address = {Cambridge},
	publisher = {Cambridge University Press},
	title = {Speech act distinctions in grammar},
	volume = {1}, 
	year = {2007}
}

@incollection{kiparsky1996allomorphy,
	author = {Kiparsky, Paul},
	booktitle = {Trubetzkoy's Orphan: {Proceedings} of the {Montréal} Roundtable on “{Morphonology}: {Contemporary} responses” ({Montréal}, October 1994)},
	editor = {Singh, Rajendra},
	pages = {13--31},
	address = {Amsterdam},
	publisher = {John Benjamins},
	title = {Allomorphy or morphophonology?},
	year = {1996}
}

@article{kiparsky1982cyclic,
	author = {Kiparsky, Paul and others},
	journal = {The structure of phonological representations},
	pages = {131--175},
	publisher = {Foris Dordrecht},
	title = {From cyclic phonology to lexical phonology},
	volume = {1},
	year = {1982}
}

@incollection{kingston2005phonetics,
	author = {Kingston, John},
	booktitle = {Athabaskan Prosody},
	editor = {Hargus, Sharon and Keren Rice},
	pages = {137--184},
	address = {Amsterdam},
	publisher = {John Benjamins},
	title = {The phonetics of {Athabaskan} tonogenesis},
	year = {2005}
}

@misc{kawahara2022voweldeletion,
	author = {Shaw, Jason A. and Kawahara, Shigeto},
	note = {Unpublished manuscript, Yale Universiteit and Keio University},
	title = {Limits on gestural reorganization following vowel deletion: {{T}}he case of {Tokyo} {Japanese}},
	year = {2022}
}

@book{kataoka2010phonetic,
	author = {Kataoka, Reiko},
	series = {UC Berkeley Phonology Lab Annual Reports},
	number = {6},
	title = {Phonetic description of a three-way stop contrast in {Northern} {Paiute}},
	year = {2010}
}
@incollection{kapatsinski2021agglutinative,
	address = {Cambridge},
	author = {Caballero, Gabriela and Kapatsinski, Vsevolod},
	booktitle = {Morphological Diversity and Linguistic Cognition},
	editor = {Andrea D. Sims and Adam Ussishkin and Jeff Parker and Samantha Wray},
	pages = {121-159},
	publisher = {Cambridge University Press},
	title = {How agglutinative? {{S}}earching for cues to meaning in {Choguita} {Rarámuri} ({Tarahumara}) using an amorphous model},
	year = {2021}
}

@article{kapatsinski2004agglutinative,
	author = {Caballero, Gabriela and Kapatsinski, Vsevolod},
	journal = {Linguistic typology},
	number = {1},
	pages = {59--131},
	publisher = {De Gruyter Mouton},
	title = {How agglutinative? {{S}}earching for cues to meaning in Choguita Rarámuri (Tarahumara) using an amorphous model},
	volume = {8},
	year = {2004}
}

@article{kang2010tutorial,
	author = {Kang, Yoonjung},
	journal = {Lingua},
	number = {9},
	pages = {2295--2310},
	publisher = {North-Holland},
	title = {Tutorial overview: {{S}}uprasegmental adaptation in loanwords},
	volume = {120},
	year = {2010}
}

@article{kager2012stress,
	author = {Kager, René},
	journal = {Lingua},
	number = {13},
	pages = {1454--1493},
	sortname = {Kager, Rene},
	title = {Stress in windows: {L}anguage typology and factorial typology},
	volume = {122},
	year = {2012}
}

@incollection{kager1997rhythmic,
	author = {Kager, René },
	address = {Oxford},
	pages = {463-499},
	publisher = {Oxford University Press},
	title = {Rhythmic vowel deletion in {Optimality Theory}},
	booktitle = {Derivations and Constraints in Phonology},
	editor = {Iggy Roca},
	year = {1997}
}

@incollection{jun2014prosodic,
	author = {Jun, Sun-Ah},
	booktitle = {Prosodic typology {II}: {T}he phonology of intonation and phrasing},
	editor = {Jun, Sun-Ah},
	pages = {520--539},
	address = {Oxford},
	publisher = {Oxford University Press},
	title = {Prosodic typology: {{B}}y prominence type, word prosody, and macro-rhythm},
	doi = {10.1093/acprof:oso/9780199567300.003.0017},
	year = {2014}
}

@incollection{jeanne2019argument,
	author = {Jeanne, Laverne Masayesva and Hale, Ken},
	booktitle = {General and {Amerindian} Ethnolinguistics: {In} Remembrance of {Stanley} {Newman}},
	pages = {201--212},
	address = {Berlin, Boston},
	publisher = {De Gruyter Mouton},
	title = {Argument obviation and switch-reference in {Hopi}{°}},
	editor = {Key, Mary Ritchie and Henry M. Hoenigswald},
	year = {2019}
}

@incollection{jacobsen1983typological,
	author = {Jacobsen Jr, William H.},
	booktitle = {Switch reference and universal grammar},
	pages = {151--183},
	address = {Amsterdam},
	publisher = {John Benjamins},
	title = {Typological and genetic notes on switch-reference systems in {North} {American} {Indian} languages},
	editor = {John Haiman and Pamela Munro},
	doi = {10.1075/tsl.2.10jac},
	series = {Typological Studies in Language},
	number = {2},
	year = {1983}
}


@misc{ito1992weak,
	author = {Itô, Junko and Mester, Armin},
	note = {Ms., University of California, Santa Cruz},
	sortname = {Ito, Junko and Mester, Armin},
	title = {Weak layering and word binarity},
	year = {1992}
}

@article{inkelas1993nimboran,
	author = {Inkelas, Sharon},
	journal = {Natural Language \& Linguistic Theory},
	number = {4},
	pages = {559--624},
	publisher = {Springer},
	title = {{Nimboran} position class morphology},
	volume = {11},
	year = {1993}
}

@article{inkelas1988serbo,
	author = {Inkelas, Sharon and Zec, Draga},
	journal = {Language},
	pages = {227--248},
	title = {{Serbo-Croatian} pitch accent: {{T}}he interaction of tone, stress, and intonation},
	volume = {64},
	number = {2},
	doi = {10.2307/415433},
	year = {1988}
}



@incollection{hyman2016morphological,
	author = {Hyman, Larry M.},
	booktitle = {Tone and inflection: {New} facts and perspectives},
	pages = {15--39},
	title = {Morphological tonal assignments in conflict: {{W}}ho wins},
	editor = {Enrique L. Palancar and Jean Léo Léonard},
	year = {2016},
	address = {Berlin},
	publisher = {de Gruyter}
}

@article{hyman2009not,
	author = {Hyman, Larry M.},
	journal = {Language Sciences},
	number = {2-3},
	pages = {213--238},
	title = {How (not) to do phonological typology: {{T}}he case of pitch-accent},
	volume = {31},
	year = {2009}
}

@article{hyman2008directional,
	author = {Hyman, Larry M.},
	journal = {Linguistics},
	number = {2},
	pages = {309--350},
	publisher = {Walter de Gruyter},
	title = {Directional asymmetries in the morphology and phonology of words, with special reference to {Bantu}},
	volume = {46},
	year = {2008}
}

@article{hyman2006word,
	author = {Hyman, Larry M.},
	journal = {Phonology},
	number = {2},
	pages = {225--257},
	publisher = {Cambridge University Press},
	title = {Word-prosodic typology},
	volume = {23},
	year = {2006}
}

@incollection{hyman2001tone,
	author = {Hyman, Larry M.},
	booktitle = {Language typology and language universals: An international Handbook},
	editor =  {Haspelmath, Martin and Ekkehard König and Wulf Oesterreicher and Wolfgang Raible},
	pages = {1367--1380},
	address = {Berlin and New York},
	publisher = {De Gruyter Mouton},
	title = {Tone systems},
	volume = {2},
	year = {2001}
}

@article{hyman1998positional,
	author = {Hyman, Larry M.},
	journal = {Phonology},
	number = {1},
	pages = {41--75},
	publisher = {Cambridge University Press},
	title = {Positional prominence and the ‘prosodic trough’ in {Yaka}},
	volume = {15},
	year = {1998}
}

@article{hyman1987prosodic,
	author = {Hyman, Larry M.},
	journal = {Natural Language \& Linguistic Theory},
	number = {3},
	pages = {311--333},
	publisher = {Springer},
	title = {Prosodic domains in {Kukuya}},
	volume = {5},
	year = {1987}
}

@incollection{hyman1978tone,
	author = {Hyman, Larry M.},
	booktitle = {Elements of tone, stress and intonation},
	editor =  {Napoli, Donna J.},
	pages = {1--20},
	address = {Washington},
	publisher = {Georgetown University Press},
	title = {Tone and/or accent},
	year = {1978}
}

@incollection{hyman1977nature,
	author = {Hyman, Larry M.},
	booktitle = {Studies in Stress and Accent},
	editor =  {Hyman, Larry M.},
	pages = {37--82},
	address = {Los Angeles},
	publisher = {University of Southern California},
	title = {On the nature of linguistic stress},
	year = {1977}
}

@article{hualde2018aspiration,
	author = {Hualde, José Ignacio},
	journal = {Papers in Historical Phonology},
	pages = {1--27},
	sortname = {Hualde, Jose Ignacio},
	title = {Aspiration in {Basque}},
	volume = {3},
	year = {2018}
}

@incollection{hualde2012stress,
	author = {Hualde, José Ignacio},
	booktitle = {The handbook of {Hispanic} linguistics},
	editor =  {Hualde, José Ignacio and Antxon Olarrea and Erin O'Rourke},
	pages = {153--171},
	address = {Oxford},
	publisher = {Blackwell Publishing},
	title = {Stress and rhythm},
	year = {2012}
}

@article{hualde1998gap,
	author = {Hualde, José Ignacio},
	journal = {Linguistics},
	number = {1},
	pages = {99--118},
	publisher = {Walter de Gruyter, Berlin/New York},
	sortname = {Hualde, Jose Ignacio},
	title = {A gap filled: {{P}}ostpostinitial accent in {Azkoitia} {Basque}},
	volume = {36},
	year = {1998}
}

@article{hombert1979phonetic,
	author = {Hombert, Jean-Marie and Ohala, John J. and Ewan, William G.},
	journal = {Language},
	pages = {37--58},
	title = {Phonetic explanations for the development of tones},
	volume = {55},
	number = {1},
	doi = {10.2307/412518},
	year = {1979}
}

@article{hintz2006stress,
	author = {Hintz, Diane M.},
	journal = {International journal of American linguistics},
	number = {4},
	pages = {477--521},
	publisher = {The University of Chicago Press},
	title = {Stress in {South} Conchucos {Quechua}: {{A}} phonetic and phonological study},
	volume = {72},
	year = {2006}
}

@article{hilton2016relatos,
	author = {Hilton, K Simon},
	journal = {Tlalocan},
	number = {1},
	pages = {76--88},
	title = {Relatos tarahumaras},
	volume = {6},
	year = {2016}
}

@book{hilton1993diccionario,
	author = {Hilton, K Simón},
	publisher = {Instituto Lingüístico de Verano},
	address = {Oaxaca},
	sortname = {Hilton, K Simon},
	title = {Diccionario tarahumara de {Samachique}, {Chihuahua}, {México}},
	series = {Serie de vocabularios y diccionarios indígenas ``Mariano Silva y Aceves''},
	number = {101},
	year = {1993}
}

@article{hill2011subgrouping,
	author = {Hill, Jane H.},
	journal = {Language Dynamics and Change},
	number = {2},
	pages = {241--278},
	publisher = {Brill},
	title = {Subgrouping in {Uto}-{Aztecan}},
	volume = {1},
	year = {2011}
}

@article{hill2001proto,
	author = {Hill, Jane H.},
	journal = {American Anthropologist},
	number = {4},
	pages = {913--934},
	publisher = {Wiley Online Library},
	title = {Proto-{Uto}-{Aztecan}: {{A}} community of cultivators in {Central} {Mexico}?},
	volume = {103},
	year = {2001}
}



@article{hill1968stress,
	author = {Hill, Jane H. and Hill, Kenneth C.},
	journal = {International Journal of American Linguistics},
	number = {4},
	pages = {233--241},
	publisher = {Indiana University},
	title = {Stress in the {Cupan} ({Uto}-{Aztecan}) Languages},
	volume = {34},
	year = {1968}
}

@article{heath1978uto,
	author = {Heath, Jeffrey},
	journal = {International Journal of American Linguistics},
	number = {3},
	pages = {211--222},
	publisher = {University of Chicago Press},
	title = {Uto-{Aztecan} *na-class verbs},
	volume = {44},
	year = {1978}
}

@article{heath1977uto,
	author = {Heath, Jeffrey},
	journal = {International Journal of American Linguistics},
	number = {1},
	pages = {27--36},
	publisher = {University of Chicago Press},
	title = {Uto-{Aztecan} morphophonemics},
	volume = {43},
	year = {1977}
}

@incollection{haugen2014laryngeals,
	ids = {haugenlaryngeals},
	author = {Haugen, Jason D.},
	booktitle = {Proceedings of the {Workshop} on the {Sound} {Systems} of {Mexico} and {Central} {America}},
	title = {Laryngeals in {Guarijío} ({Uto-Aztecan}): Synchrony},
	editor = {Bennett, Ryan},
	publisher = {Department of Linguistics, Yale University},
	address = {New Haven, CT},
	year = {2014}
}

@article{haugen2017derived,
	author = {Haugen, Jason D.},
	journal = {Anthropological Linguistics},
	number = {2},
	pages = {163--204},
	publisher = {University of Nebraska Press},
	title = {Derived Verbs of Possession in {Uto}-{Aztecan}: {{R}}econstructions and Paths of Change},
	volume = {59},
	year = {2017}
}

@article{haugen2015kill,
	author = {Haugen, Jason D. and Everdell, Michael},
	journal = {Language Dynamics and Change},
	number = {2},
	pages = {227--281},
	publisher = {Brill},
	title = {‘{To} kill’ and ‘to die’ (and Other Suppletive Verbs) in {Uto}-{Aztecan}},
	volume = {5},
	year = {2015}
}

@book{haugen2008morphology,
	author = {Haugen, Jason D.},
	publisher = {John Benjamins},
	address = {Amsterdam},
	title = {Morphology at the Interfaces: {R}eduplication and noun incorporation in {Uto-Aztecan}},
	year = {2008}
}

@article{haugen2008denominal,
	author = {Haugen, Jason D.},
	journal = {International Journal of American Linguistics},
	number = {4},
	pages = {439--470},
	publisher = {The University of Chicago Press},
	title = {Denominal verbs in {Uto}-{Aztecan}},
	volume = {74},
	year = {2008}
}

@incollection{haspelmath2017equative,
	author = {Haspelmath, Martin and the Leipzig Equative Constructions Team},
	booktitle = {Similative and equative constructions: {A} cross-linguistic perspective},
	editor =  {Treis, Yvonne and Martine Vanhove},
	pages = {9--32},
	address = {Amsterdam},
	publisher = {John Benjamins},
	title = {Equative constructions in world-wide perspective},
	year = {2017}
}

@incollection{haspelmath2007coordination,
	author = {Haspelmath, Martin},
	booktitle = {Language Typology and Syntactic Description},
	editor =  {Shopen, Timothy},
	pages = {1--51},
	address = {Cambridge},
	publisher = {Cambridge University Press},
	title = {Coordination},
	volume = {2}, 
	year = {2007}
}


@article{hanks2005explorations,
	author = {Hanks, William F. and Enfield, NJ and Haviland, John B. and Ide, Sachiko and Kumashiro, Mari and Rumsey, Alan and Silverstein, Michael},
	journal = {Current Anthropology},
	number = {2},
	pages = {191--220},
	publisher = {The University of Chicago Press},
	title = {Explorations in the deictic field},
	volume = {46},
	year = {2005}
}

@article{hale1983papago,
	author = {Hale, Ken},
	journal = {International Journal of American Linguistics},
	number = {3},
	pages = {299--327},
	publisher = {University of Chicago Press},
	title = {{Papago} (k) c},
	volume = {49},
	year = {1983}
}

@phdthesis{hagberg1993autosegmental,
	author = {Hagberg, Lawrence Raymond},
	school = {The University of Arizona.},
	title = {An autosegmental theory of stress},
	year = {1993}
}

@book{hagberg1989floating,
	author = {Hagberg, Larry},
	publisher = {Department of Linguistics, University of Arizona},
	address = {Tucson},
	title = {Floating accent in {Mayo}},
	year = {1989}
}

@article{guion2010word,
	author = {Guion, Susan G. and Amith, Jonathan D. and Doty, Christopher S. and Shport, Irina A.},
	journal = {Journal of Phonetics},
	number = {2},
	pages = {137--166},
	title = {Word-level prosody in {Balsas} {Nahuatl}: {{T}}he origin, development, and acoustic correlates of tone in a stress accent language},
	volume = {38},
	year = {2010}
}

@article{guillaume2016associated,
	author = {Guillaume, Antoine},
	journal = {Linguistic Typology},
	number = {1},
	pages = {81--177},
	publisher = {De Gruyter},
	title = {Associated motion in {South} {America}: {{T}}ypological and areal perspectives},
	volume = {20},
	year = {2016}
}

@article{guerrero2019fenomeno,
	author = {Guerrero Valenzuela, Lilián and García Salido, Gabriela},
	journal = {Lingüística Mexicana. Nueva Época},
	pages = {53-68},
	sortname = {Guerrero Valenzuela, Lilián and García Salido, Gabriela},
	title = {El fenómeno de supleción en lenguas yutoaztecas sureñas},
	year = {2019}
}

@incollection{guerrero2012relative,
	author = {Guerrero Valenzuela, Lilián},
	booktitle = {Relative clauses in languages of the {Americas}: {A} typological overview},
	address = {Amsterdam},
	pages = {97--126},
	title = {On relative clauses and related constructions in {Yaqui}},
	editor = {Bernard Comrie and Zarina Estrada-Fernández},
	publisher = {John Benjamins},
	address = {Amsterdam},
	year = {2012}
}

@article{guerrero2004yaqui,
	author = {Guerrero Valenzuela, Lilián and Van Valin, Jr, Robert D.},
	journal = {International Journal of American Linguistics},
	number = {3},
	pages = {290--319},
	publisher = {The University of Chicago Press},
	sortname = {Guerrero Valenzuela, Lilián and Van Valin, Jr, Robert D},
	title = {{Yaqui} and the analysis of primary object languages},
	volume = {70},
	year = {2004}
}

@article{grimshaw1988light,
	author = {Grimshaw, Jane and Mester, Armin},
	journal = {Linguistic inquiry},
	pages = {205--232},
	title = {Light verbs and \texttheta-marking},
	volume = {19},
	number = {2},
	year = {1988}
}

@article{grimes1959huichol,
	author = {Grimes, Joseph E.},
	journal = {International Journal of American Linguistics},
	number = {4},
	pages = {221--232},
	publisher = {Indiana University},
	title = {Huichol tone and intonation},
	volume = {25},
	year = {1959}
}

@article{greenberg1963some,
	author = {Greenberg, Joseph H.},
	journal = {Universals of language},
	pages = {73--113},
	publisher = {Cambridge (Mass.)},
	title = {Some universals of grammar with particular reference to the order of meaningful elements},
	volume = {2},
	year = {1963}
}

@misc{green1995lapse,
	author = {Green, Thomas and Kenstowicz, Michael},
	note = {Rutgers Optimality Archive},
	title = {The lapse constraint},
	url = {http://roa.rutgers.edu/files/101-0000/101-0000-GREEN-0-0.PDF},
	year = {1995}
}

@incollection{gralow1985coreguaje,
	author = {Gralow, Frances L.},
	booktitle = {From phonology to discourse: {S}tudies in six {Colombian} languages},
	pages = {3--11},
	title = {Coreguaje: {{T}}one, stress and intonation},
	editor = {Brend, Ruth M.},
	series = {Language Data, Amerindian Series},
	number = {9},
	year = {1985},
	address ={Dallas},
	publisher = {Summer Institute of Linguistics}
}

@article{graf2003emergent,
	author = {Graf, Dafna and Ussishkin, Adam},
	journal = {Lingua},
	number = {3},
	pages = {239--270},
	title = {Emergent iambs: {{S}}tress in Modern {Hebrew}},
	volume = {113},
	year = {2003}
}

@incollection{gordonvanderhulst2018stress,
	author = {Gordon, Matthew K. and van der Hulst, Harry},
	booktitle = {The {Oxford} Handbook of Prosody},
	pages = {66--77},
	title = {Word stress systems},
	editor = {Carlos Gussenhoven and Aoju Chen},
	publisher = {Oxford University Press},
	address = {Oxford},
	year = {2020}
}


@article{gordon2012acoustic,
	author = {Gordon, Matthew K. and Nafi, Latifa},
	journal = {Journal of Phonetics},
	number = {5},
	pages = {706--724},
	title = {Acoustic correlates of stress and pitch accent in {Tashlhiyt} {Berber}},
	volume = {40},
	year = {2012}
}

@incollection{gordon2005autosegmental,
	author = {Gordon, Matthew K.},
	booktitle = {Prosodic transcription and typology: {A} unified approach},
	pages = {301--330},
	title = {An autosegmental/metrical model of {Chickasaw} intonation},
	editor = {Sun-Ah Jun},
	publisher = {Oxford University Press},
	address = {Oxford},
	year = {2005}
}

@article{gordon2001phonation,
	author = {Gordon, Matthew and Ladefoged, Peter},
	journal = {Journal of Phonetics},
	number = {4},
	pages = {383--406},
	title = {Phonation types: {{A}} cross-linguistic overview},
	volume = {29},
	year = {2001}
}

@incollection{gonzalez2012relative,
	author = {Álvarez González, Albert},
	booktitle = {Relative clauses in languages of the {Americas}: {A} typological overview},
	pages = {67--95},
	title = {Relative clauses and nominalizations in {Yaqui}},
	editor = {Bernard Comrie and Zarina Estrada-Fernández},
	publisher = {John Benjamins},
	address = {Amsterdam},
	year = {2012}
}

@incollection{godjevac2006transcribing,
	author = {Godjevac, Svetlana},
	booktitle = {Prosodic typology: {T}he phonology of intonation and phrasing},
	pages = {146--171},
	title = {Transcribing {Serbo-Croatian}},
	editor = {Sun-Ah Jun},
	publisher = {Oxford University Press},
	address = {Oxford},
	year = {2006}
}

@article{garciaprocesos,
	author = {Alvarado García, Maribel},
	journal = {Dimensión Antropológica},
	pages = {29-53},
	sortname = {Alvarado García, Maribel},
	title = {Procesos morfofonológicos y supletividad como mecanismos para expresar la categoría gramatical de número en tarahumara},
	volume = {40},
	year = {2007}
}

@article{fowler1983some,
	author = {Fowler, Catherine S.},
	journal = {International Journal of American Linguistics},
	number = {3},
	pages = {224--257},
	publisher = {University of Chicago Press},
	title = {Some lexical clues to {Uto-Aztecan} prehistory},
	volume = {49},
	year = {1983}
}

@incollection{foley1985clausehood,
	author = {Foley, William A. and Olson, Mike},
	booktitle = {Grammar inside and outside the clause},
	pages = {17--60},
	address = {Cambridge},
	publisher = {Cambridge University Press},
	title = {Clausehood and verb serialization},
	editor = {Johanna Nichols and Anthony C. Woodbury},
	year = {1985}
}

@article{flores69partes,
	author = {Islas Flores, Bianca Paola},
	journal = {Dimensión Antropológica},
	pages = {71--95},
	title = {Las partes del cuerpo en ralámuli (tarahumara) de {Choguita}},
	volume = {69},
	year = {2017}
}

@article{fitzgerald2012prosodic,
	author = {Fitzgerald, Colleen M.},
	journal = {International Journal of American Linguistics},
	number = {4},
	pages = {435--463},
	publisher = {University of Chicago Press Chicago, IL},
	title = {Prosodic inconsistency in {Tohono} {O’odham}},
	volume = {78},
	year = {2012}
}

@article{everett1988metrical,
	author = {Everett, Daniel L.},
	journal = {Natural Language \& Linguistic Theory},
	number = {2},
	pages = {207--246},
	publisher = {Springer},
	title = {On metrical constituent structure in {Pirahã} phonology},
	volume = {6},
	year = {1988}
}

@article{estrada2006estrategias,
	author = {Estrada Fernández, Zarina},
	journal = {VIII Encuentro Internacional de Lingüística en el Noroeste. Memorias},
	pages = {121--137},
	sortname = {Estrada Fernandez, Zarina},
	title = {Estrategias de unión de cláusula en pima bajo},
	volume = {1},
	year = {2006}
}

@article{estrada2005estrategias,
	author = {Estrada Fernández, Zarina and Guerrero Valenzuela, Lilián},
	journal = {Anclajes},
	number = {9},
	pages = {213-231},
	publisher = {Universidad Nacional de La Pampa},
	sortname = {Estrada Fernandez, Zarina and Guerrero Valenzuela, Lilián},
	title = {Estrategias de unión de cláusulas completivas en pima bajo y yaqui},
	volume = {9},
	year = {2005}
}

@article{escalante1990setting,
	author = {Escalante, Fernando},
	journal = {International Journal of American Linguistics},
	number = {2},
	pages = {289--292},
	publisher = {University of Chicago Press},
	title = {Setting the record straight on {Yaqui} passives},
	volume = {56},
	year = {1990}
}

@incollection{epps2012between,
	author = {Epps, Patience},
	booktitle = {Relative Clauses in Languages of the {Americas}: {A} typological overview},
	pages = {191--211},
	publisher = {John Benjamins Publishing},
	address  = {Amsterdam},
	editor = {Bernard Comrie and Zarina Estrada-Fernández },
	title = {Between headed and headless relative clauses},
	volume = {102},
	year = {2012}
}

@article{enfield2003demonstratives,
	author = {Enfield, N. J.},
	journal = {Language},
	number = {1},
	pages = {82--117},
	publisher = {Linguistic Society of America},
	title = {Demonstratives in space and interaction: {{D}}ata from {Lao} speakers and implications for semantic analysis},
	volume = {79},
	year = {2003}
}

@misc{embriz2012mexico,
	author = {Embriz Osorio, Arnulfo and Zamora Alarcón, Oscar},
	address = {Mexico City, Instituto Nacional de Lenguas Indígenas},
	title = {Lenguas indígenas nacionales en riesgo de desaparición},
	year = {2012}
}

@article{elenbaas1999ternary,
	author = {Elenbaas, Nine and Kager, René},
	journal = {Phonology},
	number = {3},
	pages = {273--329},
	publisher = {Cambridge University Press},
	sortname = {Elenbaas, Nine and Kager, Rene},
	title = {Ternary rhythm and the lapse constraint},
	volume = {16},
	year = {1999}
}

@incollection{dryer2007noun,
	author = {Dryer, Matthew S.},
	booktitle = {Language typology and syntactic description},
	pages = {151--205},
	title = {Noun phrase structure},
	volume = {2},
	year = {2007},
	editor = {Timothy Shopen},
	publisher = {Cambridge University Press},
	address = {Cambridge},
	edition = {2},
	year = {2007}
}

@incollection{dryer2007clause,
	author = {Dryer, Matthew S.},
	booktitle = {Language typology and syntactic description},
	pages = {224--275},
	title = {Clause types},
	editor = {Timothy Shopen},
	publisher = {Cambridge University Press},
	address = {Cambridge},
	volume = {1},
	edition = {2},
	year = {2007}
}



@article{dryer2006descriptive,
	author = {Dryer, Matthew S.},
	journal = {Trends in linguistics studies and monographs},
	pages = {207},
	publisher = {De Gruyter Mouton},
	title = {Descriptive theories, explanatory theories, and basic linguistic theory},
	volume = {167},
	year = {2006}
}

@article{dryer1986primary,
	author = {Dryer, Matthew S.},
	journal = {Language},
	pages = {808--845},
	title = {Primary objects, secondary objects, and antidative},
	volume = {62},
	number  = {4},
	year = {1986},
	doi = {10.2307/415173}
}

@article{dresher1991germanic,
	author = {Dresher, B. Elan and Lahiri, Aditi},
	journal = {Linguistic Inquiry},
	number = {2},
	pages = {251--286},
	title = {The {Germanic} foot: {{M}}etrical coherence in {Old English}},
	volume = {22},
	year = {1991}
}

@incollection{downing2010accent,
	author = {Downing, Laura J.},
	booktitle = {A survey of word accentual patterns in the languages of the world},
	pages = {381--427},
	title = {Accent in {African} languages},
	editor = {van der Hulst, Harry and  Rob Goedemans and  van Zanten, Ellen},
	publisher = {de Gruyter},
	address = {Berlin},
	year = {2010}
}

@article{downing2001generalizable,
	author = {Downing, Laura J.},
	journal = {Studies in African Linguistics},
	number = {1},
	pages = {1},
	title = {Ungeneralizable minimality in {Ndebele}},
	volume = {30},
	year = {2001}
}

@article{dixon1977some,
	author = {Dixon, RMW},
	journal = {Linguistic Inquiry},
	number = {1},
	pages = {1--34},
	title = {Some Phonological Rules in {Yidinʸ}},
	volume = {8},
	year = {1977}
}

@article{dicanio2012phonetics,
	author = {DiCanio, Christian T.},
	journal = {International Journal of American Linguistics},
	number = {2},
	pages = {239--272},
	publisher = {University of Chicago Press Chicago, IL},
	title = {The phonetics of fortis and lenis consonants in {Itunyoso} {Trique}},
	volume = {78},
	year = {2012}
}

@incollection{di2015glottalization,
	author = {Di Napoli, Jessica},
	booktitle = {The phonetics-phonology interface: {R}epresentations and methodologies},
	pages = {125--147},
	title = {Glottalization at phrase boundaries in {Tuscan} and {Roman} {Italian}},
	editor = {Joaquín Romero and María Riera},
	publisher = {John Benjamins},
	address = {Amsterdam},
	year = {2015}
}

@article{demers1999prominence,
	author = {Demers, Richard and Escalante, Fernando and Jelinek, Eloise},
	journal = {International Journal of American Linguistics},
	number = {1},
	pages = {40--55},
	publisher = {University of Chicago Press},
	title = {Prominence in {Yaqui} words},
	volume = {65},
	year = {1999}
}

@article{de2004stress,
	author = {De Jong, Kenneth},
	journal = {Journal of Phonetics},
	number = {4},
	pages = {493--516},
	title = {Stress, lexical focus, and segmental focus in {English}: {{P}}atterns of variation in vowel duration},
	volume = {32},
	year = {2004}
}

@incollection{de1992diagnostico,
	author = {{Coordinación Estatal de la Tarahumara}},
	publisher = {{Coordinación Estatal de la Tarahumara}},
	booktitle = {En Diagnóstico de necesidades y propuesto curricular},
	pages = {103--120},
	sortname = {{Coordinacion Estatal de la Tarahumara}},
	title = {Diagnóstico sobre la dialectología de la lengua tarahumara},
	address = {Chihuahua},
	year = {1992}
}

@article{de1979compensatory,
	author = {De Chene, Brent and Anderson, Stephen R.},
	journal = {Language},
	pages = {505--535},
	title = {Compensatory lengthening},
	volume = {55},
	number = {3},
	year = {1979}
}

@article{davidson2014hiatus,
	author = {Davidson, Lisa and Erker, Daniel},
	journal = {Language},
	pages = {482--514},
	title = {Hiatus resolution in {American} {English}: {{T}}he case against glide insertion},
	volume = {90},
	number = {2},
	year = {2014}
}

@article{dakin1991nahuatl,
	author = {Dakin, Karen},
	journal = {International Journal of American Linguistics},
	number = {3},
	pages = {298--329},
	publisher = {University of Chicago Press},
	title = {Nahuatl direct and mediated possession: {{A}} historical explanation for irregularities},
	volume = {57},
	year = {1991}
}

@article{crapo1970origins,
	author = {Crapo, Richley H.},
	journal = {International Journal of American Linguistics},
	number = {3},
	pages = {181--189},
	publisher = {Indiana University},
	title = {The origins of directional adverbs in {Uto}-{Aztecan} languages},
	volume = {36},
	year = {1970}
}

@article{comrie2008leipzig,
	author = {Comrie, Bernard and Haspelmath, Martin and Bickel, Balthasar},
	journal = {Department of Linguistics of the Max Planck Institute for Evolutionary Anthropology \& the Department of Linguistics of the University of Leipzig. Retrieved January},
	pages = {2010},
	title = {The Leipzig Glossing {Rules}: {{C}}onventions for interlinear morpheme-by-morpheme glosses},
	volume = {28},
	year = {2008}
}

@article{cohen1982declination,
	author = {Cohen, Antonie and Collier, Rene and J. t' Hart},
	journal = {Phonetica},
	number = {4-5},
	pages = {254--273},
	publisher = {Karger Publishers},
	title = {Declination: {{C}}onstruct or intrinsic feature of speech pitch?},
	volume = {39},
	year = {1982}
}

@article{cho2009effects,
	author = {Cho, Taehong and Keating, Patricia},
	journal = {Journal of Phonetics},
	number = {4},
	pages = {466--485},
	title = {Effects of initial position versus prominence in {English}},
	volume = {37},
	year = {2009}
}

@article{chavez2007loanword,
	author = {Chávez-Peón, Mario E.},
	journal = {Proceedings of the NWLC},
	pages = {1--9},
	sortname = {Chavez-Pe{o}n, Mario E},
	title = {Loanword phonology in {San} {Lucas} {Quiaviní} {Zapotec} ({SLQZ})},
	volume = {22},
	year = {2007}
}

@misc{casaus2008quantitative,
	author = {Casaus, Michael},
	note = {Ms, Cornell University},
	title = {Quantitative ethnobotany and acculturation among the {Rarámuri} of {Choguita}, {Chihuahua}},
	year = {2008}
}

@incollection{caponigro2020introducing,
	author = {Caponigro, Ivano},
	booktitle = {Headless Relative Clauses in {Mesoamerican} languages},
	editor = {Ivano Caponigro and Harold Torrence and Roberto {Zavala Maldonado}},
	pages = {1-57},
	title = {Introducing Headless Relative Clauses and the findings from {Mesoamerican} languages},
	year = {2021},
	publisher = {Oxford University Press},
	address = {Oxford},
}

@article{campbell1978proto,
	author = {Campbell, Lyle and Langacker, Ronald W.},
	journal = {International Journal of American Linguistics},
	number = {2},
	pages = {85--102},
	publisher = {University of Chicago Press},
	title = {Proto-{Aztecan} vowels: {{P}}art {I}},
	volume = {44},
	year = {1978}
}

@article{caballero2021grammatical,
	author = {Caballero, Gabriela and German, Austin},
	journal = {International Journal of American Linguistics},
	number = {2},
	pages = {149--178},
	publisher = {The University of Chicago Press Chicago, IL},
	title = {Grammatical Tone Patterns in {Choguita} {Rarámuri} ({Tarahumara})},
	volume = {87},
	year = {2021}
}

@incollection{caballero2020oxford,
	author = {Caballero, Gabriela and Gordon, Matthew K. },
	booktitle = {The {Oxford} Handbook of Prosody},
	pages = {396--407},
	title = {{North} {America}},
	editor = {Carlos Gussenhoven and Aoju Chen},
	publisher = {Oxford University Press},
	address = {Oxford},
	year = {2020}
}

@article{caballero2019accessing,
	author = {Caballero, Gabriela and Carroll, Lucien and Mach, Kevin},
	journal = {Language Documentation and Conservation},
	pages = {63--82},
	volume = {13},
	title = {Accessing, managing, and mobilizing an {ELAN}-based language documentation corpus: {{T}}he Kwaras and Namuti tools},
	year = {2019}
}

@article{caballero2017choguita,
	author = {Caballero, Gabriela},
	journal = {Language Documentation and Conservation},
	pages = {224--255},
	publisher = {University of Hawaii Press},
	title = {Choguita {Rarámuri} ({Tarahumara}) language description and documentation: {{A}} guide to the deposited collection and associated materials},
	volume = {11},
	year = {2017}
}

@article{caballero2015tone,
	author = {Caballero, Gabriela and Carroll, Lucien},
	journal = {International Journal of American Linguistics},
	number = {4},
	pages = {457--493},
	publisher = {University of Chicago Press Chicago, IL},
	title = {Tone and stress in {Choguita} {Rarámuri} ({Tarahumara}) word prosody},
	volume = {81},
	year = {2015}
}

@article{caballero2015perceptual,
	author = {Caballero, Gabriela and Kapatsinski, Vsevolod},
	journal = {Language, Cognition and Neuroscience},
	number = {9},
	pages = {1134--1143},
	publisher = {Taylor \& Francis},
	title = {Perceptual functionality of morphological redundancy in {Choguita} {Rarámuri} ({Tarahumara})},
	volume = {30},
	year = {2015}
}

@article{caballero2013word,
	author = {Caballero, Gabriela and Inkelas, Sharon},
	journal = {Morphology},
	number = {2},
	pages = {103--143},
	publisher = {Springer},
	title = {Word construction: {{T}}racing an optimal path through the lexicon},
	volume = {23},
	year = {2013}
}

@incollection{caballero2012working,
	author = {Caballero, Gabriela and Harris, Alice C.},
	booktitle = {Current issues in morphological theory: ({I}r)regularity, analogy, and frequency},
	pages = {163--188},
	title = {A working typology of Multiple Exponence},
	editor = {Ferenc Kiefer and Mária Ladányi and Péter Siptár},
	address = {Amsterdam},
	publisher = {John Benjamins},
	year = {2012}
}

@article{caballero2011morphologically,
	author = {Caballero, Gabriela},
	journal = {Linguistics},
	number = {4},
	pages = {749--790},
	publisher = {Walter de Gruyter},
	title = {Morphologically conditioned stress assignment in {Choguita} {Rarámuri}},
	volume = {49},
	year = {2011}
}

@article{caballero2011behind,
	author = {Caballero, Gabriela},
	journal = {Language and Linguistics Compass},
	number = {7},
	pages = {485--504},
	publisher = {Wiley Online Library},
	title = {Behind the {Mexican} Mountains: {{R}}ecent Developments and New Directions in Research on {Uto-Aztecan} Languages},
	volume = {5},
	year = {2011}
}

@article{caballero2010scope,
	author = {Caballero, Gabriela},
	journal = {Morphology},
	number = {1},
	pages = {165--204},
	publisher = {Springer},
	title = {Scope, phonology and morphology in an agglutinating language: {{C}}hoguita {Rarámuri} ({Tarahumara}) variable suffix ordering},
	volume = {20},
	year = {2010}
}

@article{caballero2006templatic,
	author = {Caballero, Gabriela},
	journal = {Morphology},
	number = {2},
	pages = {273--289},
	publisher = {Springer},
	title = {“{Templatic} backcopying” in {Guarijio} abbreviated reduplication},
	volume = {16},
	year = {2006}
}

@article{bye1975ethnobotany,
	author = {Bye, Robert Arthur and Burgess, Don H. and Mares Trias, Albino},
	journal = {Botanical Museum Leaflets, Harvard University},
	number = {5},
	pages = {85--112},
	title = {Ethnobotany of the {Western} {Tarahumara} of {Chihuahua}, {Mexico}: {{I}}. {{N}}otes on the genus {Agave}},
	volume = {24},
	year = {1975}
}

@incollection{butt2001semi,
	author = {Butt, Miriam and Geuder, Wilhelm},
	booktitle = {Semi-lexical categories: {T}he function of content words and the content of function words},
	pages = {323--370},
	publisher = {De Gruyter Mouton},
	title = {On the (semi) lexical status of light verbs},
	editor = {Corver, Norbert and van Riemsdijk, Henk},
	address = {Berlin},
	year = {2001}
}

@incollection{burgoinmarcacion,
	address = {Hermosillo},
	author = {Gil Burgoin, Carlos Ivanhoe and Carrillo Carrillo, Araceli},
	booktitle = {Escenario actual de la investigación sobre lenguas yutoaztecas: {Homenaje} a {Jane} {H.} {Hill}},
	editor = {Estrada Fernández, Zarina and  Tubino Blanco, M. and  Alvarez González, A},
	pages = {105--136},
	publisher = {Universidad de Sonora},
	title = {Marcación prosódica de los enunciados interrogativos absolutos en tepehuano del norte},
	year = {2019}
}

@article{burgess1979verbal,
	author = {Burgess, Don H.},
	journal = {Discourse studies in Mesoamerican languages},
	pages = {171--188},
	title = {Verbal suffixes of prominence in {Western} {Tarahumara} narrative discourse},
	volume = {1},
	year = {1979}
}

@incollection{burgess1970tarahumara,
	author = {Burgess, Don H.},
	address = {El Paso},
  publisher = {Texas Western Press},
	title = {Tarahumara Phonology ({Rocoroibo} dialect)},
  booktitle = {Studies in Language and Linguistics},
  editor = {Ralph W. Ewton, Jr. and Jacob Ornstein},
  pages = {45-65},
	year = {1970}
}

@article{bugaevaappositive,
	author = {Bugaeva, Anna and Nichols, Johanna and Bickel, Balthasar},
	journal = {Linguistic Typology},
	pages = {1},
	title = {Appositive possession in {Ainu} and around the {Pacific}},
	volume = {26},
	year = {2021},
	doi = {10.1515/lingty-2021-2079}
}

@article{brugman2001light,
	author = {Brugman, Claudia},
	journal = {Language Sciences},
	number = {4-5},
	pages = {551--578},
	title = {Light verbs and polysemy},
	volume = {23},
	year = {2001}
}

@article{bowern2008diachrony,
	author = {Bowern, Claire},
	journal = {Diachronica},
	number = {2},
	pages = {161--185},
	publisher = {John Benjamins},
	title = {The diachrony of complex predicates},
	volume = {25},
	year = {2008}
}

@article{blevins2003stems,
	author = {Blevins, James P.},
	journal = {Language},
	number = {4},
	pages = {737--767},
	publisher = {Linguistic Society of America},
	title = {Stems and paradigms},
	volume = {79},
	year = {2003}
}

@article{blevins1999trimoraic,
	author = {Blevins, Juliette and Harrison, Sheldon P.},
	journal = {Oceanic Linguistics},
	number = {2},
	pages = {203--230},
	publisher = {University of Hawai'i Press},
	title = {Trimoraic feet in {Gilbertese}},
	volume = {38},
	year = {1999}
}

@incollection{bickel2007inflectional,
	author = {Bickel, Balthasar and Nichols, Johanna},
	booktitle = {Language Typology and Syntactic Description},
	editor =  {Shopen, Timothy},
	pages = {169--240},
	address = {Cambridge},
	publisher = {Cambridge University Press},
	title = {Inflectional morphology},
	volume = {3}, 
	year = {2007}
}

@article{berez2018reproducible,
	author = {Berez-Kroeker, Andrea L. and Gawne, Lauren and Kung, Susan Smythe and Kelly, Barbara F. and Heston, Tyler and Holton, Gary and Pulsifer, Peter and Beaver, David I. and Chelliah, Shobhana and Dubinsky, Stanley and others},
	journal = {Linguistics},
	number = {1},
	pages = {1--18},
	publisher = {De Gruyter},
	title = {Reproducible research in linguistics: {{A}} position statement on data citation and attribution in our field},
	volume = {56},
	year = {2018}
}


@article{beckman1986intonational,
	author = {Beckman, Mary E. and Pierrehumbert, Janet B.},
	journal = {Phonology},
	pages = {255--309},
	title = {Intonational structure in {Japanese} and {English}},
	volume = {3},
	year = {1986}
}

@book{batista1994amanece,
	author = {Batista, Dolores},
	address = {Chihuahua},
	publisher = {Universidad Autónoma de Chihuahua},
	title = {Ra'ósari, Amanece},
	year = {1994}
}

@article{bascom1959tonomechanics,
	author = {Bascom, Burt},
	journal = {Phonetica},
	number = {2-3},
	pages = {71--88},
	publisher = {Karger Publishers},
	title = {Tonomechanics of {Northern} {Tepehuan}},
	volume = {4},
	year = {1959}
}

@misc{barnes2004vowel,
	author = {Barnes, Jonathan},
	note = {Boston, MA. Handout from LSA},
	title = {Vowel reduction in {Russian}: {{T}}he categorical and the gradient},
	volume = {78},
	year = {2004}
}

@phdthesis{barnes2002positional,
	author = {Barnes, Jonathan},
	school = {Ph.D. dissertation, University of California, Berkeley},
	title = {Positional neutralization: {{A}} phonologization approach to typological patterns},
	year = {2002}
}

@misc{banerji2014huichol,
	author = {Banerji, Robindra},
	note = {Unpublished manuscript},
	title = {Huichol {(Wixárika)} Word Accent: {{T}}ypology, Interactions, and Implications},
	year = {2014}
}

@book{baker1988incorporation,
	author = {Baker, Mark C.},
	address = {Chicago},
	publisher = {Chicago University Press},
	title = {Incorporation: {{A}} Theory of Grammatical Function Changing},
	year = {1988}
}




@book{bennett1935tarahumara,
	author = {Bennett, Wendell Clark and Zingg, Robert Mowry},
	address = {Chicago},
	publisher = {University of  Chicago Press},
	title = {The {Tarahumara}, an {Indian} tribe of northern {Mexico}},
	year = {1935}
}


@article{baker1985mirror,
	author = {Baker, Mark},
	journal = {Linguistic inquiry},
	number = {3},
	pages = {373--415},
	title = {The mirror principle and morphosyntactic explanation},
	volume = {16},
	year = {1985}
}

@article{babel2013descent,
	author = {Babel, Molly and Garrett, Andrew and Houser, Michael J. and Toosarvandani, Maziar},
	journal = {International Journal of American Linguistics},
	number = {4},
	pages = {445--489},
	publisher = {University of Chicago Press Chicago, IL},
	title = {Descent and diffusion in language diversification: {{A}} study of {Western} {Numic} dialectology},
	volume = {79},
	year = {2013}
}

@article{anttila2002morphologically,
	author = {Anttila, Arto},
	journal = {Natural Language \& Linguistic Theory},
	number = {1},
	pages = {1--42},
	publisher = {Springer},
	title = {Morphologically conditioned phonological alternations},
	volume = {20},
	year = {2002}
}

@incollection{andrews2007relative,
	author = {Andrews, Avery D.},
	booktitle = {Language Typology and Syntactic Description},
	editor =  {Shopen, Timothy},
	pages = {206--236},
	address = {Cambridge},
	publisher = {Cambridge University Press},
	title = {Relative clauses},
	volume = {2}, 
	year = {2007}
}

@article{ameka2007introduction,
	author = {Ameka, Felix K. and Levinson, Stephen C.},
	journal = {Linguistics},
	number = {5/6},
	pages = {847--871},
	publisher = {Walter de Gruyter},
	title = {Introduction: {{T}}he typology and semantics of locative predicates: {{P}}osturals, positionals, and other beasts},
	volume = {45},
	year = {2007}
}

@book{ameka2006catching,
	editor = {Ameka, Felix K. and Dench, Alan and Evans, Nicholas},
	title = {Catching Language: {The} standing challenge of grammar writing},
	publisher = {De Gruyter Mouton},
	address = {Berlin},
	year = {2006}
}

@article{alsina1999s,
	author = {Alsina, Alex},
	journal = {The linguistic review},
	number = {1},
	pages = {1--42},
	publisher = {Walter de Gruyter, Berlin/New York},
	title = {Where’s the mirror principle?},
	volume = {16},
	year = {1999}
}

@phdthesis{alexander2010theory,
	author = {Alexander, Jennifer Alexandra},
	school = {Northwestern University},
	title = {The theory of adaptive dispersion and acoustic-phonetic properties of cross-language lexical-tone systems},
	year = {2010}
}

@article{alderete2001dominance,
	author = {Alderete, John D.},
	journal = {Phonology},
	number = {2},
	pages = {201--253},
	publisher = {Cambridge University Press},
	title = {Dominance effects as transderivational anti-faithfulness},
	volume = {18},
	year = {2001}
}

@article{aissen2010depictives,
	author = {Aissen, Judith},
	booktitle = {Hypothesis A/Hypothesis B: {L}inguistic Explorations in Honor of {David M. Perlmutter}},
	editor = {Donna B. Gerdts and John C. Moore and Maria Polinsky},
	booktitle  = {Current Studies in Linguistics},
	pages = {1--17},
	title = {Depictives and serialization in {Tzotzil}},
	address = {Cambridge},
	publisher = {MIT Press},
	year = {2010}
}

@incollection{aikhenvald2006serial,
	author = {Aikhenvald, Alexandra Y.},
	booktitle = {Serial Verb Constructions: {A} Cross-linguistic Typology},
	pages = {1--68},
	title = {Serial verb constructions in typological perspective},
	editor = {Aikhenvald Alexandra Y. and RMW Dixon},
	address = {Oxford, U.K.; New York},
	publisher = {Oxford University Press},
	year = {2006}
}

@incollection{adamou2018prosodic,
	author = {Adamou, Evangelia and Gordon, Matthew K. and Gries, Stefan Th.},
	editor = {Evangelia Adamou and  Katharina Haude and Martine Vanhove},
	booktitle = {Information Structure in Lesser-Described Languages: {S}tudies in Prosody and Syntax},
	pages = {51--83},
	title = {Prosodic and morphological focus marking in {Ixcatec} ({Otomanguean})},
	address = {Amsterdam},
	publisher = {John Benjamins},
	year = {2018}
}

@article{Stolz-2001a,
	author = {Stolz, Thomas},
	doi = {10.1515/ling.2001.013},
	iso_code = {},
	journal = {Linguistics},
	number = {2},
	olac_field = {},
	pages = {321--350},
	title = {{To} be with {{X}} is to have X: {{C}}omitatives, Instrumentals, Locative, and Predicative Possession},
	volume = {39},
	wals_code = {},
	year = {2001}
}

@article{Stassen-2000,
	author = {Stassen, Leon},
	iso_code = {},
	journal = {Linguistic Typology},
	number = {1},
	olac_field = {},
	pages = {1--54},
	title = {{AND}-Languages and {WITH}-Languages},
	volume = {4},
	wals_code = {},
	year = {2000}
}

@article{McMahon-1967,
	author = {McMahon, Ambrose},
	doi = {10.1086/464950},
	iso_code = {crn},
	journal = {International Journal of American Linguistics},
	number = {2},
	olac_field = {typology; phonology; general_linguistics; phonetics},
	pages = {128--134},
	title = {Phonemes and Phonemic Units of {Cora} ({Mexico})},
	volume = {33},
	wals_code = {cor},
	year = {1967}
}

@misc{caballero_gabriela_2022_7268366,
  author       = {Caballero, Gabriela},
  title        = {{Audio files accompanying the linguistic examples 
                   in "A grammar of Choguita Rarámuri"}},
  month        = oct,
  year         = 2022,
  publisher    = {Zenodo},
  doi          = {10.5281/zenodo.7268366},
  url          = {https://doi.org/10.5281/zenodo.7268366}
}