@book{Wilmanns09,
    author = {Wilmanns, Wilhelm},
    year = {1909},
    title = {Deutsche {G}rammatik, {A}bteilung 3: {F}lexion},
    publisher = {Strassburg: Trübner}}

@incollection{Vieregge19,
	author = {Vieregge, Annika},
	booktitle = {Zweifelsfälle: {D}efinition, {E}rforschung, {I}mplementierung},
	editor = {Eleonore Schmitt and Renata Szczepaniak and Annika Vieregge},
	pages = {69--96},
	publisher = {Hildesheim: Olms},
	title = {Speakers' doubts about prepositional case government in {G}erman},
	year = {2019}}

@incollection{BenskinLaing86,
	author = {Benskin, Michael and Margaret Laing},
	booktitle = {A linguistic atlas of late mediaeval {E}nglish. {V}olume {O}ne. {G}eneral introduction, index of sources, dot maps},
	editor = {Angus McIntosh and Michael Louis Samuels and Michael Benskin and Margaret Laing and Keith Williamson},
	pages = {3--36},
	publisher = {Aberdeen: Aberdeen University Press},
	title = {General introduction},
	year = {1986}}

@incollection{Godden2004,
	author = {Godden, Malcolm},
	booktitle = {Oxford {D}ictionary of {N}ational {B}iography},
	publisher = {Oxford: Oxford University Press},
	title = {Ælfric of {E}ynsham [{Æ}lfric {G}rammaticus, {Æ}lfric the {H}omilist]},
    url = {https://www.oxforddnb.com/display/10.1093/ref:odnb/9780198614128.001.0001/odnb-9780198614128-e-187},
	year = {2004}}

@incollection{Harris2006,
	author = {Harris, Stephen J.},
	booktitle = {The {O}xford {E}ncyclopedia of {B}ritish {L}iterature, \textnormal{volume 1}},
	publisher = {New York/Oxford: Oxford University Press},
	title = {Ælfric},
    editor = {David Scott Kastan},
    url = {https://www.oxfordreference.com/display/10.1093/acref/9780195169218.001.0001/acref-9780195169218-e-0003?rskey=u02PGx&result=3},
	year = {2006}}

@book{Trutmann72,
    author = {Trutmann, Albertine},
    year = {1972},
    title = {Studien zum {A}djektiv im {G}otischen},
    publisher = {Berlin/Boston: de Gruyter}}

@book{Gatch1977,
    author = {Gatch, Milton McC.},
    year = {1977},
    title = {Preaching and theology in {A}nglo-{S}axon {E}ngland: {Æ}lfric and {W}ulfstan},
    publisher = {Toronto: University of Toronto Press}}

@book{OED,
    author = {{\emph{Oxford English Dictionary}}},
    year = {--2023},
    publisher = {Oxford: Oxford University Press},
    url = {http://oed.com}}

@book{MED,
    author = {{\emph{Middle English Dictionary}}},
    year = {--2023},
    publisher = {Ann Arbor: University of Michigan},
    url = {https://quod.lib.umich.edu/m/middle-english-dictionary/dictionary}}

@book{KoNoKs,
    author = {\emph{Korpus over den norske Konungs skuggsjá}},
    title = {\normalfont{Corpus compiled by {J}uliane {T}iemann}},
    publisher = {University of Bergen}}

@book{DOE,
    author = {{\emph{Dictionary of Old English}}},
    year = {--2023},
    publisher = {Toronto: University of Toronto},
    url = {http://doe.artsci.utoronto.ca/}}

@book{Drinka17,
    author = {Drinka, Bridget},
    year = {2017},
    title = {Language contact in {E}urope. {T}he periphrastic perfect through history},
    publisher = {Cambridge: Cambridge University Press}}

@incollection{StrohWollinSimke14,
	author = {Stroh-Wollin, Ulla and Rico Simke},
	booktitle = {Adjectives in {G}ermanic and {R}omance},
	editor = {Petra Sleeman and van de Velde, Freek and Harry Perridon},
	pages = {95--112},
	publisher = {Amsterdam/Philadelphia: John Benjamins},
	title = {Strong and Weak Adjectives in {O}ld {S}wedish},
	year = {2014}}

@misc{RefKorpAltD,
    author = {Donhauser, Karin and Gippert, Jost and Lühr, Rosemarie},
    year = {2018},
    title = {{D}eutsch {D}iachron {D}igital. {R}eferenzkorpus {A}ltdeutsch. \textnormal{Version 1.1}},
    publisher = {Humboldt-Universität zu Berlin},
    url = {http://www.deutschdiachrondigital.de/rea}}


@misc{ReM,
    author = {Klein, Thomas and Klaus-Peter Wegera and Stefanie Dipper and Claudia Wich-Reif},
    year = {2016},
    title = {{R}eferenzkorpus {M}ittelhochdeutsch (1050--1350), \textnormal{Version 1.1}},
    publisher = {Ruhr-Universität Bochum},
    url = {https://www.linguistics.ruhr-uni-bochum.de/rem}
}

@misc{ReA12,
    author = {Zeige, Lars Erik and Martin Klotz and Karin Donhauser and Jost Gippert and Rosemarie Lühr},
    year = {2022},
    title = {{D}eutsch {D}iachron {D}igital. {R}eferenzkorpus {A}ltdeutsch. \textnormal{Version 1.2}},
    publisher = {Humboldt-Universität zu Berlin},
    url = {http://www.deutschdiachrondigital.de/rea}
}

@book{Schutzeichel12,
    author = {Schützeichel, Rudolf},
    year = {2012},
    title = {Althochdeutsches {W}örterbuch},
    edition = {7., durchgesehene und verbesserte {A}uflage},
    publisher = {Berlin: {D}e Gruyter}}

@phdthesis{Niebuhr21,
  author  = {Niebuhr, Astrid},
  title   = {Variation in der {N}ominalphrase. {U}ntersuchungen zur {A}djektivflexion nach unbestimmtem {A}rtikel},
  school  = {University of Marburg},
  year    = {2021}
}

@incollection{MunzbergHansen20,
	author = {Münzberg, Franziska and Sandra Hansen},
	booktitle = {Bausteine einer {K}orpusgrammatik des {D}eutschen, \textnormal{{B}d. 1}},
	editor = {Marke Konopka and Angelika Wöllstein and Ekkehard Felder},
	pages = {99--130},
	publisher = {Heidelberg: Heidelberg University Publishing},
	title = {Starke vs. schwache {F}lexion aufeinanderfolgender attributiver {A}djektive: {M}it hohem technischen/technischem {A}ufwand},
	year = {2020}}

@article{Lobner85,
    author = {Löbner, Sebastian},
    journal = {Journal of Semantics},
    pages = {279--326},
    title = {Definites},
    volume = {4},
    year = {1985}}

@book{Kripke80,
    author = {Kripke, Saul A},
    year = {1980},
    title = {Naming and Necessity},
    edition = {2},
    publisher = {Oxford: Blackwell}}

@article{Kogel89,
    author = {Kögel, Rudolf},
    journal = {Beiträge zur Geschichte der deutschen Sprache und Literatur},
    pages = {95--121},
    title = {Zur {O}rtsnamenkunde},
    volume = {14},
    year = {1889}}

@article{Hotzenkocherle68,
    author = {Hotzenköcherle, Rudolf},
    journal = {Neuphilologische {M}itteilungen},
    pages = {1--28},
    title = {Gegenwartsprobleme des deutschen {A}djektivsystems},
    volume = {69},
    year = {1968}}

@article{Fuhrhop01,
    author = {Fuhrhop, Nanna},
    journal = {ZAS Papers in Linguistics},
    pages = {45--57},
    title = {‘{B}erliner’ {B}allen und ‘{P}otsdamer’ {B}ürgermeister – {S}ubstantive oder {A}djektive?},
    volume = {21},
    year = {2001}}

@book{Duden16,
    author = {\emph{{D}uden. {D}ie {G}rammatik}},
    year = {2016},
    edition = {9., vollständig überarbeitete und aktualisierte {A}uflage, hg. von {A}ngelika {W}öllstein und der {D}udenredaktion},
    publisher = {Berlin: Dudenverlag}}

@article{Delbruck09,
    author = {Delbrück, Berthold},
    journal = {Indogermanische Forschungen},
    pages = {187--199},
    title = {Das schwache {A}djektivum und der {A}rtikel im {G}ermanischen},
    volume = {26},
    year = {1909}}
    
@book{Dal14,
    author = {Dal, Ingerid},
    year = {2014},
    title = {Kurze deutsche {S}yntax auf historischer {G}rundlage. \textnormal{{N}eu bearbeitet von {H}ans-{W}erner {E}roms}},
    publisher = {Berlin: {D}e Gruyter},
    edition = {4. Auflage}}

@book{Bammesberger90,
    author = {Bammesberger, Alfred},
    year = {1990},
    title = {Die {M}orphologie des urgermanischen {N}omens},
    publisher = {Heidelberg: Winter}}

@article{Grabski20,
    author = {Grabski, Maciej},
    journal = {Journal of English Linguistics},
    pages = {166--198},
    title = {Three types of {O}ld {E}nglish adjectival postposition: {A} corpus-based {C}onstruction {G}rammar approach},
    volume = {48},
    number = {2},
    year = {2020}}

@article{Petrova2015,
    author = {Petrova, Svetlana},
    journal = {Zeitschrift für {S}pracwissenschaft},
    pages = {213--246},
    title = {Synchronic variation and diachronic change in the expression of indefinite reference: {E}vidence from historical {G}erman},
    volume = {34},
    number = {2},
    year = {2015}}

@book{WrightWright25,
    author = {Wright, Joseph and Elizabeth Mary Wright},
    year = {1925},
    title = {Old {E}nglish Grammar},
    publisher = {Oxford: Oxford University Press},
    edition = {3}}
    
@book{Mitchell85,
    author = {Mitchell, Bruce},
    year = {1985},
    title = {Old {E}nglish Syntax, \textnormal{vols. {I} and {II}}},
    publisher = {Oxford: Oxford University Press}}
 
@book{Hogg92,
    editor = {Hogg, Richard M.},
    year = {1992},
    title = {The {C}ambridge History of the {E}nglish Language. {V}olume {I}. {T}he Beginnings to 1066},
    publisher = {Cambridge: Cambridge University Press}}

@book{Campbell62,
    author = {Campbell, Alistair},
    year = {2007},
    title = {{O}ld {E}nglish Grammar},
    publisher = {Oxford: Clarendon Press}}

@book{Blake92,
    editor = {Blake, Norman},
    year = {1992},
    title = {The {C}ambridge History of the {E}nglish Language. {V}olume {II}. 1066–1476},
    publisher = {Cambridge: Cambridge University Press}}

@book{BergsSkaffari07,
    author = {Bergs, Alexander and Janne Skaffari},
    year = {2007},
    title = {The Language of the {P}eterborough {C}hronicle},
    publisher = {Frankfurt am Main: Peter Lang}}

@book{Maartensson13,
    author = {Mårtensson, Lasse},
    year = {2013},
    title = {Skrivaren och förlagen. {N}orm och normbrott i {C}odex {U}psaliensis av {S}norra {E}dda},
    publisher = {Oslo: Novus forlag}}

@misc{PPCME2,
    author = {Kroch, Anthony and Ann Taylor and Beatrice Santorini},
    year = {2000},
    title = {The {P}enn--{H}elsinki {P}arsed {C}orpus of {M}iddle {E}nglish},
    publisher = {Department of Linguistics, University of Pennsylvania},
    url = {https://www.ling.upenn.edu/ppche/ppche-release-2016/PPCME2-RELEASE-4}}

@misc{IcePaHC,
 title = {{Icelandic Parsed Historical Corpus ({IcePaHC}) 0.9}},
 author = {Wallenberg, Joel C. and Ingason, Anton Karl and Sigur{\dh}sson, Einar Freyr and R{\"o}gnvaldsson, Eir{\'{\i}}kur},
 url = {http://hdl.handle.net/20.500.12537/62},
 note = {{CLARIN}-{IS}},
 copyright = {Creative Commons - Attribution 4.0 International ({CC} {BY} 4.0)},
 year = {2011} }

@article{Walkden16,
    author = {Walkden, George},
    journal = {International Journal of Corpus Linguistics},
    pages = {559--571},
    title = {The {H}eli{P}a{D}: {A} parsed corpus of {O}ld {S}axon},
    volume = {21},
    number = {4},
    year = {2016}}

@article{Thaisen2014,
	Author = {Thaisen, Jacob},
	Journal = {English Studies},
	Title = {Initial position in the {M}iddle {E}nglish verse line},
	volume = {95},
    number = {5},
	pages = {500-513},
	Year = {2014}
}

@misc{Walkden15,
    author = {George Walkden},
    year = {2015},
    title = {{HeliPaD}: {T}he {H}eliand {P}arsed {D}atabase. {V}ersion 0.9},
    url = {https://doi.org/10.5281/zenodo.4395040}
}

@unpublished{Walkden14,
    author = {George Walkden},
    year = {2014},
    title = {Property values for {O}ld {S}axon},
    note = {In \textit{Syntactic Structures of the World’s Languages} ({SSWL})},
    url = {https://terraling.com/groups/7/lings/943}
}

@misc{YCOE,
    author = {Taylor, Ann and Anthony Warner and Susan Pintzuk and Frank Beths},
    year = {2003},
    title = {The {Y}ork--{T}oronto--{H}elsinki {P}arsed {C}orpus of {O}ld {E}nglish {P}rose},
    url = {http://www-users.york.ac.uk/~lang22/YCOE/YcoeHome.htm}}


@incollection{Vartiainen12,
	author = {Vartiainen, Turo},
	booktitle = {Information structure and syntactic change in the history of {E}nglish},
	editor = {Anneli Meurman-Solin and María José López-Couso and Bettelou Los},
	pages = {301--329},
	publisher = {Oxford: Oxford University Press},
	title = {The proximal and distal perspectives in relation to the position of directional modifiers in the {E}nglish noun phrase},
	year = {2012}}

@book{ValfellsCathey81,
    author = {Valfells, Sigrid and James E. Cathey},
    year = {1971},
    title = {Old {I}celandic. {A}n introductory course. 3d ed},
    address = {Oxford},
    publisher = {Oxford University Press}}

@book{RoehrsSapp16,
    author = {Roehrs, Dorian and Christopher Sapp},
    year = {2016},
    title = {Quantifying expressions in the history of {G}erman: {S}yntactic reanalysis and morphological change. },
    address = {Amsterdam},
    publisher = {John Benjamins}}

@book{vonSteinmeyer16,
    author = {von Steinmeyer, Elias},
    year = {1916},
    title = {Die kleineren althochdeutschen {S}prachdenkmäler},
    address = {Dublin/Zürich},
    publisher = {Weidmann}}

@book{Sievers1878,
    editor = {Sievers, Eduard},
    year = {1878},
    title = {Heliand},
    address = {Halle},
    publisher = {Verlag der Buchhandlung des Waisenhauses}}

@book{Schrodt04,
    author = {Schrodt, Richard},
    year = {2004},
    title = {Althochdeutsche {G}rammatik {V}ol 2: {S}yntax},
    address = {Tübingen},
    publisher = {Max Niemeyer Verlag}}
 

@book{Pysz09,
    author = {Pysz, Agnieszka},
    year = {2009},
    title = {The syntax of prenominal and postnominal adjectives in {O}ld {E}nglish},
    address = {Newcastle},
    publisher = {Cambridge Scholars Publishing}}
    

@book{MeurmanSolinetal12,
    editor = {Meurman-Solin, Anneli and López-Couso, María José and Bettelou Los},
    year = {2012},
    title = {Information structure and syntactic change in the history of {E}nglish},
    address = {Oxford},
    publisher = {Oxford University Press}}

@book{Lehmann0507,
    author = {Lehmann, Winfred P},
    year = {2005–2007},
    title = {A grammar of {P}roto-{G}ermanic},
    address = {Austin, TX},
    publisher = {The University at Texas Austin Linguistics Research Center},
    url = {rc.la.utexas.edu/books/pgmc/index}}

@incollection{Lehmann72,
	author = {Lehmann, Winfred P},
	booktitle = {Toward a grammar of {P}roto-{G}ermanic},
	editor = {Frans Van Coetsem and Herbert L. Kufner},
	pages = {239--268},
	publisher = {Berlin: {D}e Gruyter},
	title = {Proto-{G}ermanic syntax},
	year = {1972}}

@incollection{Lass00,
	author = {Lass, Roger},
	booktitle = {Placing {M}iddle {E}nglish in context},
	editor = {Irma Taavitsainen and Terttu Nevalainen and Päivi Pahta and Matti Rissanen},
	pages = {7--47},
	publisher = {Berlin/New York: Mouton de Gruyter},
	title = {Language periodization and the concept of ``middle''},
	year = {2000}}

@article{KrauseZelde16,
    author = {Krause, Thomas and Amir Zeldes},
    journal = {Digital Scholarship in the Humanities},
    pages = {118--139},
    title = {{ANNIS3}: {A} new architecture for generic corpus query and visualization},
    volume = {31},
    year = {2016}}

@book{Iversen72,
    author = {Iversen, Ragnvald},
    year = {1972},
    title = {Norrøn grammatikk},
    address = {Oslo},
    publisher = {Aschehoug}}

@book{HinterholzlPetrova09,
    editor = {Roland Hinterhölzl and Svetlana Petrova},
    year = {2009},
    title = {Information Structure and Language Change: {N}ew Approaches to Word Order Variation in {G}ermanic},
    address = {Berlin/New York},
    publisher = {Mouton de Gruyter}}

@book{Rissanen67,
    author = {Rissanen, Matti},
    year = {1967},
    title = {The uses of \emph{one} in {Old and Early Middle English}},
    address = {Helsinki},
    publisher = {Société Néophilologique}}

@article{Heltoft10,
    author = {Heltoft, Lars},
    journal = {Acta Linguistica Hafniensia},
    pages = {11--25},
    title = {Paradigmatic structure and reanalysis: {F}rom {NP}s to {DP}s in {S}candinavian},
    volume = {42},
    year = {2010}
}

@article{Haumann10,
    author = {Haumann, Dagmar},
    journal = {English Language and Linguistics},
    pages = {53--81},
    title = {Adnominal adjectives in {O}ld {E}nglish},
    volume = {14},
    number = {1},
    year = {2010}
}

@article{Haumann03,
    author = {Haumann, Dagmar},
    journal = {English Language and Linguistics},
    pages = {57--83},
    title = {The postnominal `\emph{and} adjective' construction in {O}ld {E}nglish},
    volume = {7},
    number = {1},
    year = {2003}
}

@incollection{Greenberg63,
	author = {Greenberg, Joseph H.},
	booktitle = {Universals of language},
	editor = {Greenberg, Joseph H.},
	pages = {40--70},
	publisher = {Cambridge, MA: MIT Press},
	title = {Some universals of grammar with particular reference to the order of meaningful elements},
	year = {1963}}

@phdthesis{Grabski17,
  author  = {Grabski, Maciej},
  title   = {The position of the adjective in {O}ld {E}nglish prose. {A} corpus study},
  school  = {University of Łódź},
  year    = {2017}
}

@article{Fleischeretal08,
    author = {Fleischer, Jürg and Roland Hinterhölzl and Michael Solf},
    journal = {Zeitschrift für germanistische Linguistik},
    pages = {210--239},
    title = {Zum {Q}uellenwert des ahd. {T}atian für die {S}yntaxforschung: {Ü}berlegungen auf der {B}asis von {W}ortstellungsphänomenen},
    volume = {36},
    year = {2008}
}

@article{Fleischer06,
    author = {Fleischer, Jürg},
    journal = {Beiträge zur Geschichte der deutschen Sprache und Literatur},
    pages = {25--69},
    title = {Zur {M}ethodologie althochdeutscher {S}yntaxforschung},
    volume = {128},
    year = {2006}
}

@book{Fischeretal00,
    author = {Fischer, Olga and Ans van Kemenade and Willem Koopman and van der Wurff, Wim},
    year = {2000},
    title = {The syntax of early {E}nglish},
    address = {Cambridge},
    publisher = {Cambridge University Press}}

@incollection{Fischer12,
	author = {Fischer, Olga},
	booktitle = {Analysing older {E}nglish},
	editor = {David Denison and Ricardo Bermúdez-Otero and Chris McCully and Emma Moore},
	pages = {251--284},
	publisher = {Cambridge: Cambridge University Press},
	title = {The status of the postposed ‘\emph{and}-adjective’ construction in {O}ld {E}nglish: {A}ttributive or predicative?},
	year = {2012}}

@article{Fischer06,
    author = {Fischer, Olga},
    journal = {English Language and Linguistics},
    number = {2},
    pages = {253--288},
    title = {On the position of adjectives in {M}iddle {E}nglish},
    volume = {10},
    year = {2006}
}

@incollection{Fischer01,
	author = {Fischer, Olga},
	booktitle = {The motivated sign. {I}conicity in language and literature 2},
	editor = {Olga Fischer and Max Nänny},
	pages = {249--276},
	publisher = {Amsterdam: John Benjamins},
	title = {The position of the adjective in ({O}ld) {E}nglish from an iconic perspective},
	year = {2001}}
 
@incollection{Fischer00,
	author = {Fischer, Olga},
	booktitle = {Generative theory and corpus studies. {A} dialogue from 10 {ICEHL}},
	editor = {Ricardo Bermúdez-Otero and David Denison and Richard M. Hogg and Chris McCully},
	pages = {153--181},
	publisher = {Berlin/New York: Mouton de Gruyter},
	title = {The position of the adjective in {O}ld {E}nglish},
	year = {2000}}

@book{FerraresiLuhr04,
    editor = {Ferraresi, Gisella and Rosemarie Lühr},
    year = {2010},
    title = {Diachronic studies on information structure},
    address = {Berlin},
    publisher = {De Gruyter Mouton}}

@book{Faarlund04,
    author = {Faarlund, Jan Terje},
    year = {2004},
    title = {The syntax of {O}ld {N}orse},
    address = {Oxford},
    publisher = {Oxford University Press}}

@article{Dryer92,
    author = {Dryer, Matthew S},
    journal = {Language},
    number = {1},
    pages = {81--138},
    title = {The {G}reenbergian word order correlations},
    volume = {68},
    year = {1992}
}

@incollection{Donhauser15,
	author = {Donhauser, Karin},
	booktitle = {Historical corpora. {C}hallenges and perspectives},
	editor = {Jost Gippert and Ralf Gehrke},
	pages = {35--49},
	publisher = {Tübingen: Narr Verlag},
	title = {Das {R}eferenzkorpus {A}ltdeutsch: {D}as {K}onzept, die {R}eali- sierung und die neuen {M}öglichkeiten},
	year = {2015}}
 
@incollection{Donhauser98,
	author = {Donhauser, Karin},
	booktitle = {Deutsche {G}rammatik – {T}hema in {V}ariationen. {F}estschrift für {H}ans-{W}erner {E}roms zum 60. {G}eburtstag},
	editor = {Karin Donhauser and Ludwig M. Eichinger},
	pages = {283--298},
	publisher = {Heidelberg: Winter},
	title = {Negationssyntax im {A}lthochdeutschen: {E}in sprachhistorisches {R}ätsel und der {W}eg zu seiner {L}ösung},
	year = {1998}}

@book{DittmerDittmer98,
    author = {Dittmer, Arne and Ernst Dittmer},
    year = {1998},
    title = {Studien zur {W}ortstellung – {S}atzgliedstellung in der althochdeutschen {T}atianübersetzung},
    address = {Göttingen},
    publisher = {Vandenhoeck und Ruprecht}}


@book{Demske01,
    author = {Demske, Ulrike},
    year = {2001},
    title = {Merkmale und {R}elationen. {D}iachrone {S}tudien zur {N}ominalphrase des {D}eutschen},
    address = {Berlin},
    publisher = {De Gruyter}
}

@incollection{Breban12,
	author = {Breban, Tine},
	booktitle = {Information structure and syntactic change in the history of {E}nglish},
	editor = {Anneli Meurman-Solin and María José López-Couso and Bettelou Los},
	pages = {271--300},
	publisher = {Oxford: Oxford University Press},
	title = {Functional shift and the development of {E}nglish determiners},
	year = {2012}
 }

@book{Braunmuller82,
    author = {Braunmüller, Kurt},
    year = {1982},
    title = {Syntaxtypologische {S}tudien zum {G}ermanischen},
    address = {Tübingen},
    publisher = {Günter Narr Verlag}
}

@article{Borjarsetal16,
    author = {Börjars, Kersti and Pauline Harries and Nigel Vincent},
    journal = {Language},
    volume = {92},
    pages = {e1--e37},
    title = {Growing syntax: {T}he development of a {DP} in {N}orth {G}ermanic},
    number = {1},
    year = {2016}
}

@book{BechEide14,
    editor = {Bech, Kristin and Eide, Kristine Gunn},
    year = {2014},
    title = {Information structure and syntactic change in {G}ermanic and {R}omance languages},
    address = {Amsterdam},
    publisher = {John Benjamins}
}

@article{Bech17,
    author = {Bech, Kristin},
    journal = {Bergen Language and Linguistics Studies (BeLLS)},
    volume = {8},
    pages = {1--18},
    title = {Old {E}nglish and {O}ld {N}orwegian noun phrases with two attributive adjectives},
    year = {2017},
    url = {https://bells.uib.no/index.php/bells/article/view/1326}
}

@incollection{Bech19,
	author = {Bech, Kristin},
	booktitle = {Grammar, discourse, context: {G}rammar and usage in language variation and change},
	editor = {Kristin Bech and Ruth Möhlig-Falke},
	pages = {15--48},
	publisher = {Berlin/Boston: {D}e Gruyter},
	title = {Contextualizing {O}ld {E}nglish noun phrases},
	year = {2019}}

@book{BatlloriLluisa11,
    editor = {Batllori, Montserrat and Hernanz, M. Lluïsa},
    year = {2011},
    title = {Catalan {J}ournal of {L}inguistics 10 [Special issue]: {G}enerative diachronic syntax: {W}ord order and information structure},
    publisher = {}
}

@book{Barnes08,
    author = {Barnes, Michael P},
    year = {2008},
    title = {A new introduction to {O}ld {N}orse, {P}art {I}, {G}rammar},
    address = {London},
    publisher = {Viking Society for Northern Research}
}

@incollection{Allen12,
	author = {Allen, Cynthia},
	booktitle = {Information structure and syntactic change in the history of {E}nglish},
	editor = {Anneli Meurman-Solin and María José López-Couso and Bettelou Los},
	pages = {245--270},
	publisher = {Oxford: Oxford University Press},
	title = {Why a determiner? {T}he possessive + determiner + adjective construction in {O}ld {E}nglish},
	year = {2012}}

@article{Antonsen67,
    author = {Elmer H Antonsen},
    journal = {Scandinavian Studies},
    number = {39},
    pages = {16--39},
    title = {`{P}roto-{S}candinavian' and {C}ommon {N}ordic},
    volume = {1},
    year = {1967}
}

@book{Comrie1981,
    author = {Bernard Comrie},
    year = {1981},
    title = {Language Universals and Linguistic Typology},
    address = {Oxford},
    publisher = {Basil Blackwell}
}

@book{Chomsky1957,
    author = {Noam Chomsky},
    year = {1957},
    title = {Syntactic structures},
    address = {The Hague},
    publisher = {Mouton}
}

@article{Bloomfield1925,
    author = {Bloomfield, Leonard},
    journal = {Language},
    number = {4},
    pages = {130--156},
    title = {On the sound-system of central {Algonquian}},
    volume = {1},
    year = {1925}
}

@book{Lahiri2000,
    address = {Berlin},
    booktitle = {Analogy, leveling, markedness: {{P}}rinciples of change in phonology and morphology},
    editor = {Lahiri, Aditi},
    number = {127},
    publisher = {Mouton de Gruyter},
    series = {Trends in Linguistics},
    title = {Analogy, leveling, markedness: {{P}}rinciples of change in phonology and morphology},
    year = {2000}
}


@misc{Nordhoff2018,
    author = {Sebastian Nordhoff},
    year = {2018},
    title = {{BibTeX} generator},
    url = {https://www.langsci-press-gug.org/doc2tex/doc2bib},
    note = {Follow the link to generate BibTeX}
}

%%%%%%%%%%%%%%%%%%%%%%
%HB REFS START HERE

@article{krause1924entwickelung,
  title={{Die Entwickelung einer alten elliptischen Konstruktion in den indogermanischen Sprachen}},
  author={Krause, Wolfgang},
  journal={Zeitschrift für vergleichende Sprachforschung auf dem Gebiete der Indogermanischen Sprachen},
  volume={52},
  number={3/4},
  pages={223--249},
  year={1924},
}

@article{Sigurdsson2006,
    title={{The Icelandic noun phrase: Central traits}},
    author={Sigurðsson, Halldór Ármann},
    journal={Arkiv f{\"o}r nordisk filologi},
    volume={121},
    pages={193--236},
    year={2006},
}

@article{Wood2009,
    title={Icelandic imposters and the proprial article},
    author={Wood, Jim},
    journal={NYU Working Papers in Linguistics},
    year={2009},
    pages={1--29},
    volume={2}
}

@article{sigurdhsson2020we,
    title={{``We Olaf'': Pro [(x-)NP] constructions in Icelandic and beyond}},
    author={Sigurðsson, Halldór Ármann and Wood, Jim},
    journal={Glossa},
    volume={5},
    number={1},
    year={2020},
    pages={1--26},
    doi={10.5334/gjgl.1054}
}

@article{Johnsen2016,
    title={{Null subjects, preproprial articles, and the syntactic structure of Old Norwegian pronouns}},
    author={Johnsen, Sverre Stausland},
    journal={Norsk Lingvistisk Tidsskrift},
    volume={34},
    number={2},
    year={2016},
    pages={183--217}
}

@incollection{frascarelli2007types,
    author={Frascarelli, Mara and Hinterhölzl, Roland},
    title={{Types of topics in German and Italian}},
    editor={Winkler, Susanne and Schwabe, Kerstin },
    publisher={John Benjamins},
    booktitle={On Information Structure, Meaning and Form},
    year={2007},
    address={Amsterdam},
    pages={87--116},
    doi={10.1075/la.100}
} 

@article{cook2013identifying,
    title={Identifying ``aboutness topics'': {T}wo annotation experiments},
    author={Cook, Philippa and Bildhauer, Felix},
     journal={Dialogue \& Discourse},
    volume={4},
    number={2},
    pages={118--141},
    year={2013},
    doi={10.5087/dad.2013.206}
}

@book{heusler1962altislandisches,
    title={{Altisländisches Elementarbuch}},
    author={Heusler, Andreas},
    address={Heidelberg},
    publisher={Carl Winter},
    year={1921},
    edition={2}
}

@phdthesis{delsing1993internal,
    title={The internal structure of noun phrases in the {S}candinavian languages: {A} comparative study},
    author={Delsing, Lars-Olof},
    school={Lund University},
    year={1993}
}

@inproceedings{Langendonck2009,
    title={The Functions of (In)definiteness Markers with Proper Names},
    author={Van Langendonck, Willy and Van de Velde, Mark},
    year={2009},
    booktitle={{Names in multi-lingual and multi-ethnic contact: Proceedings of the 23rd ICOS Congress}},
    pages={1005--1011},
    editor={Ahrens, Wolfgang and Embleton, Sheila and Lapierre, André}
}

@book{dahl2015grammaticalization,
    title={Grammaticalization in the {N}orth: {N}oun phrase morphosyntax in {S}candinavian vernaculars},
    author={Dahl, {\"O}sten},
    year={2015},
    publisher={Language Science Press},
    address={Berlin},
    doi={10.17169/langsci.b73.17}
}

@article{Kokkelmans2018,
    title={{Elvis Presley, God and Jane: {T}he Germanic proprial article in a comparative perspective}},
    author={Kokkelmans, Joachim},
    journal={Working Papers in Scandinavian Syntax},
    pages={64--98},
    volume={100},
    year={2018}
}

@article{Munoz2019,
    title={The proprial article and the semantics of names},
    author={Mu{\~n}oz, Patrick},
    journal={Semantics and Pragmatics},
    volume={12},
    number={6},
    pages={1--32},
    year={2019},
    doi={10.3765/sp.12.6}
}

@incollection{altmann1993fokus,
    title={{Fokus-Hintergrund-Gliederung und Satzmodus}},
    author={Altmann, Hans},
    year={1993},
    publisher={Niemeyer},
    address={Tübingen},
    pages={1--38},
    editor={Reis, Marga},
    booktitle={{Wortstellung und Informationsstruktur}},
    doi={10.1515/9783111658469.1}
}

@incollection{schmuck2020grammaticalisation,
    title={{The grammaticalisation of definite articles in German, Dutch, and English: {A} micro-typological approach}},
    author={Schmuck, Mirjam},
    editor = {Vogelaer, Gunther and Koster, Dietha and Leuschner, Torsten},
    booktitle = {German and {D}utch in Contrast: {S}ynchronic, Diachronic and Psycholinguistic Perspectives},
    pages={145--178},
    year={2020},
    doi={10.1515/9783110668476-006}
}

@article{longobardi1994reference,
    title={Reference and proper names: {A} theory of {N}-movement in syntax and logical form},
    author={Longobardi, Giuseppe},
    journal={Linguistic Inquiry},
    pages={609--665},
    year={1994},
    volume={25},
    number={5}
}

@article{nubling2017growing,
    title={{The growing distance between proper names and common nouns in German: On the way to onymic schema constancy}},
    author={Nübling, Damaris},
    journal={Folia Linguistica},
    volume={51},
    number={2},
    pages={341--367},
    year={2017},
    doi={10.1515/flin-2017-0012}
}

@book{Nublingetal15,
    title={Namen: {E}ine {E}inführung in die {O}nomastik. 2., überarbeitete und erweiterte {A}uflage},
    author={Nübling, Damaris and Fabian Fahlbusch and Rita Heuser},
    year={2015},
    publisher={Tübingen: Narr Francke Attempto},
    doi={10.1515/9783110197853}
}

@incollection{nubling2020capital,
    title={{Die Capital -- der Astra -- das Adler}},
    author={Nübling, Damaris},
    booktitle={Walking on the Grammaticalization Path of the Definite Article: {F}unctional Main and Side Roads},
    pages={227--250},
    year={2020},
    publisher={John Benjamins},
    address={Amsterdam},
    doi={10.1075/silv.23.08nub},
    editor={Szczepaniak, Renata and Flick, Johanna}
}

@incollection{schmuck2020rise,
    title={{The rise of the onymic article in Early New High German}},
    author={Schmuck, Mirjam},
    booktitle={Walking on the Grammaticalization Path of the Definite Article: {F}unctional Main and Side Roads},
    pages={199--226},
    year={2020},
    publisher={John Benjamins},
    address={Amsterdam},
    doi={10.1075/silv.23.07sch},
    editor={Szczepaniak, Renata and Flick, Johanna}
}

@incollection{hartmann1982deixis,
    title={{Deixis and anaphora in German dialects: {The} semantics and pragmatics of two definite articles in dialectal varieties}},
    author={Hartmann, Dietrich},
    booktitle={Here and There: {C}ross-linguistic studies on deixis and demonstration}, 
    publisher={John Benjamins}, 
    address={Amsterdam},
    pages={187--207},
    year={1982},
    editor={Weissenborn, Jürgen and Klein, Wolfgang},
    doi={10.1075/pb.iii.2-3}
}

@incollection{werth2014funktionen,
    title={{Die Funktionen des Artikels bei Personennamen im norddeutschen Sprachraum}},
    author={Werth, Alexander},
    booktitle={{Linguistik der Familiennamen}},
    pages={139--174},
    year={2014},
    address={Hildsheim},
    publisher={Olms},
    editor={Debus, Friedhelm  and  Heuser, Rita and Nübling, Damaris}
}

@book{Langendonck2007theory,
    title={Theory and typology of proper names},
    author={Van Langendonck, Willy},
    year={2007},
    publisher={{D}e Gruyter},
    address={Berlin},
    doi={10.1515/9783110197853}
}

@mastersthesis{Haberg2010,
    title={{Den preproprielle artikkelen i norsk: {Ei} unders{\o}king av namne-artiklar i Kv{\ae}fjord, Gausdal og Voss}},
    author={Håberg, Live},
    year={2010},
    school={University of Oslo}
}

@book{Teleman1999,
    title={Svenska Akademiens Grammatik},
    author={Teleman, Ulf and Hellberg, Staffan and Andersson, Erik},
    year={1999},
    publisher={Svenska Akademien},
    address={Stockholm}
}

@article{Strahan2007,
    title={{Sjå på han mannen! On the definiteness and specificity of Scandinavian pronoun demonstratives}},
    author={Strahan, Tania E},
    journal={Nordic Journal of Linguistics},
    volume={31},
    number={2},
    pages={193--226},
    year={2008},
    publisher={Cambridge University Press},
    doi={10.1017/S0332586508001935}
}

@incollection{Lie2008,
    title={Veldig sånn festejente},
    author={Lie, Svein},
    booktitle={Språk i {O}slo: {N}y forskning omkring talespråk},
    pages={78--95},
    editor={Johannessen, Janne Bondi and Hagen, Kristin},
    year={2008},
    address={Oslo},
    publisher={Novus}
}

@article{lie2010om,
    title={Om demonstrativer},
    author={Lie, Svein},
    journal={Maal og minne},
    volume={102},
    number={2},
    year={2010},
    pages={59--78}
}

@article{Johannessen2008,
    title={{The pronominal psychological demonstrative in Scandinavian: Its syntax, semantics and pragmatics}},
    author={Johannessen, Janne Bondi},
    journal={Nordic Journal of Linguistics},
    volume={31},
    number={2},
    pages={161--192},
    year={2008},
    doi={10.1017/S0332586508001923}
}

@incollection{johannessen2020psychologically,
    title={Psychologically distal demonstratives in {S}candinavian are not ``discourse new''},
    author={Johannessen, Janne Bondi},
    booktitle={Demonstratives in discourse},
    pages={215--241},
    year={2020},
    publisher={Language Science Press},
    address={Berlin},
    editor={Næss, Åshild and Margetts, Anna and Treis, Yvonne},
    doi={10.5281/zenodo.4054814}
}

@article{ackermann2021pre,
    title={{Pre-and postnominal onymic genitives in (Early) New High German: A multifactorial analysis}},
    author={Ackermann, Tanja},
    journal={Journal of Historical Linguistics},
    volume={11},
    number={3},
    pages={499--533},
    year={2021},
    doi={10.1075/jhl.19028.ack}
}

@book{ariel1990accessing,
    title={Accessing Noun-Phrase Antecedents},
    author={Ariel, Mira},
    year={1990},
    address={London},
    publisher={Routledge},
    doi={10.4324/9781315857473}
}

@incollection{ariel2001accessibility,
    title={Accessibility theory: {A}n overview},
    author={Ariel, Mira},
    booktitle={Text representation: {L}inguistic and psycholinguistic aspects},
    year={2001},
    pages={29--87},
    address={Amsterdam},
    publisher={John Benjamins},
    editor={Sanders, Ted and Schilperoord, Joost and Spooren, Wilbert},
    doi={10.1075/hcp.8}
}

@book{vallduvi92,
	author = {Enric Vallduv\'i},
	title = {{The informational component}},
	address = {New York},
	publisher = {Garland},
	year = {1992}
}

@article{groszetal95,
    author = {Grosz, Barbara J. and Weinstein, Scott and  Joshi, Aravind K.},
    title = {Centering: {A} Framework for Modeling the Local Coherence Of Discourse},
    journal = {Computational Linguistics},
    year = {1995},
    volume = {21},
    pages = {203--225},
    url={https://aclanthology.org/J95-2003}
}

@article{vallduvi1996linguistic,
    title={The linguistic realization of information packaging},
    author={Vallduv{\'\i}, Enric and Engdahl, Elisabet},
    year={1996},
    journal={Linguistics},
    volume={34},
    pages={459--519},
    doi={10.1515/ling.1996.34.3.459}
}

@book{walker1998centering,
    title={{Centering Theory in discourse}},
    editor={Walker, Marilyn A. and Joshi, Aravind K. and Prince, Ellen F.},
    year={1998},
    publisher={Oxford University Press},
    address={Oxford}
}

@book{erteschik-shir_information_2007,
	address = {Oxford},
	title = {Information structure: {T}he syntax-discourse interface},
	publisher = {Oxford University Press},
	author = {Erteschik-Shir, Nomi},
	year = {2007}
}

@incollection{krifka07,
	author = {Krifka, Manfred},
	title = {Basic notions of information structure},
	editor = {F\'ery, Caroline and Krifka, Manfred},
	booktitle = {Interdisciplinary Studies on Information Structure},
	pages = {13--56},
	address = {Potsdam},
	publisher = {Universitätsverlag},
	year = {2007},
	doi={10.1556/aling.55.2008.3-4.2}
}

@article{bianchi2010topic,
    title={Is topic a root phenomenon?},
    author={Bianchi, Valentina and Frascarelli, Mara},
    year={2010},
    journal={Iberia: An International Journal of Theoretical Linguistics},
    volume={2},
    number={1},
    pages={43--88}
}

@phdthesis{Kinn2016-thesis,
    title={Null subjects in the history of {N}orwegian},
    author={Kinn, Kari},
    school={University of Oslo},
    year={2016}
}

@incollection{danes1974functional,
    title={Functional sentence perspective and the organization of the text},
    author={Dane\v{s}, Franti\v{s}ek},
    booktitle={Papers on functional sentence perspective},
    pages={106--128},
    year={1974},
    publisher={Mouton},
    address={The Hague},
    editor={Dane\v{s}, Franti\v{s}ek},
    doi={10.1515/9783111676524.106}
}

@unpublished{MIcePaHC,
    title={{Machine-Parsed IcePaHC, version 0.1}},
    author={Ingason, Anton Karl},
    url={https://github.com/antonkarl/micepahc},
    year={2020}
}

@article{reinhart1981pragmatics,
    title={Pragmatics and linguistics: {A}n analysis of sentence topics},
    author={Reinhart, Tanya},
    journal={Philosophica},
    volume={27},
    number={1},
    pages={53--94},
    year={1981},
    doi={10.21825/philosophica.82606}
}

@unpublished{collins2012imposters,
    title={Imposters},
    author={Collins, Christopher and Postal, Paul},
    year={2012},
    note={Ms., New York University}
}

@article{lichtenberk2000inclusory,
    title={Inclusory pronominals},
    author={Lichtenberk, Frantisek},
    journal={Oceanic Linguistics},
    volume={39},
    number={1},
    pages={1--32},
    year={2000},
    publisher={University of Hawai'i Press},
    doi={10.1353/ol.2000.0006}
}

@misc{singer2001inclusory,
    title={The inclusory construction in {A}ustralian languages},
    author={Singer, Ruth},
    note={Honours thesis, University of Melbourne},
    year={2001}
}

@incollection{bhat2004conjunction,
    title={Conjunction and personal pronouns},
    author={Bhat, D. N. S.},
    booktitle={Coordinating constructions},
    editor={Haspelmath, Martin},
    pages={89--105},
    year={2004},
    address={Amsterdam}, 
    publisher={John Benjamins},
    doi={10.1075/tsl.58}
}

@incollection{gaby2005some,
    title={Some participants are more equal than others: {C}ase and the composition of arguments in {K}uuk {T}haayorre},
    author={Gaby, Alice},
    booktitle={Competition and Variation in Natural Languages: {T}he case for case},
    pages={9--39},
    year={2005},
    publisher={Elsevier},
    doi={10.1016/B978-008044651-6/50004-5},
    editor={Mengistu Amberber and Helen de Hoop},
    address={Amsterdam}
}

@incollection{haspelmath2007coordination,
    title={Coordination},
    author={Haspelmath, Martin},
    booktitle={Language typology and syntactic description. {V}ol.~{II}: {C}omplex constructions},
    pages={1--51},
    year={2007},
    editor={Shopen, Timothy},
    address={Cambridge},
    publisher={Cambridge University Press},
    doi={10.1017/CBO9780511619434.001}
}

@incollection{bril2011noun,
    title={Noun-phrase conjunction in {A}ustronesian languages: {A}dditive, inclusory and comitative strategies},
    author={Bril, Isabelle},
    booktitle={Topics in {O}ceanic morphosyntax},
    pages={235--286},
    year={2011},
    doi={10.1515/9783110259919.235},
    editor={Moyse-Faurie, Claire and Sabel, Joachim},
    address={Berlin},
    publisher={{D}e Gruyter}
}

@incollection{schultze2013kriol,
  title={Kriol},
    author={Schultze-Berndt, Eva and Meakins, Felicity and Angelo, Denise},
    booktitle={The Survey of Pidgin and Creole Languages. {V}olume {I}: {E}nglish-based and {D}utch-based Languages},
    pages={241--251},
    year={2013},
    publisher={Oxford University Press},
    address={Oxford},
    editor={Michaelis, Susanne Maria and Maurer, Philippe and Haspelmath, Martin and Huber, Magnus}
}

@article{denbesten1996associative,
    title={Associative {DP}s},
    author={den Besten, Hans},
    journal={Linguistics in the Netherlands},
    volume={13},
    number={1},
    pages={13--24},
    year={1996},
    publisher={John Benjamins},
    doi={10.1075/avt.13.04bes}
}

@article{moravcsik2003semantic,
    title={A semantic analysis of associative plurals},
    author={Moravcsik, Edith},
    journal={Studies in Language},
    volume={27},
    number={3},
    pages={469--503},
    year={2003},
    publisher={John Benjamins},
    doi={10.1075/sl.27.3.02mor}
}

@incollection{wals-36,
    address   = {Leipzig},
    author    = {Daniel, Michael and Moravcsik, Edith},
    booktitle = {{The World Atlas of Language Structures Online}},
    editor    = {Dryer, Matthew S. and Haspelmath, Martin},
    publisher = {Max Planck Institute for Evolutionary Anthropology},
    title     = {The Associative Plural},
    url       = {https://wals.info/chapter/36},
    year      = {2013}
}

@book{jensen1977yapese,
    title={Yapese reference grammar},
    author={Jensen, John Thayer},
    year={1977},
    publisher={University of Hawai'i Press},
    address={Honolulu, HI}
}

@article{aissen1989agreement,
    title={Agreement controllers and {T}zotzil comitatives},
    author={Aissen, Judith L.},
    journal={Language},
    pages={518--536},
    year={1989},
    volume={65},
    number={3},
    doi={https://doi.org/10.2307/415221}
}

@book{bauer1997reed,
    title={The {R}eed reference grammar of {M}{\=a}ori},
    author={Bauer, Winifred},
    year={1997},
    publisher={Reed Books},
    address={Auckland}
}

@misc{gil2009associative,
    title={Associative plurals and inclusories in {M}alay/{I}ndonesian},
    author={Gil, David},
    note={Paper presented at the \textit{Thirteenth Symposium on Malay/Indonesian Linguistics (ISMIL)}, Senggigi 6-7 June 2009},
    year={2009}
}

@incollection{delsing2003syntaktisk,
    title={Syntaktisk variation i nordiska nominalfraser},
    author={Delsing, Lars-Olof},
    year={2003},
    publisher={Novus Forlag},
    address={Oslo},
    pages={11--64},
    editor={Vangsnes, Øystein Alexander and Holmberg, Anders and Delsing, Lars-Olof},
  booktitle={Dia-lektsyntaktiska studier av den nordiska nominalfrasen}
}

@article{johannessen2014proprial,
    title={Proprial articles},
    author={Johannessen, Janne Bondi and Garbacz, Piotr},
    journal={Nordic Atlas of Language Structures (NALS)},
    volume={1},
    pages={10--17},
    year={2014},
    publisher={Institutt for lingvistiske og nordiske studier, Universitetet i Oslo}
}

@book{jorgensen2000studien,
    title={{Studien zur Morphologie und Syntax der festlandskandinavischen Personalpronomina mit besonderer Berucksichtigung des Dänischen}},
    author={Jorgensen, Henrik},
    year={2000},
    address={Aarhus},
    publisher={Aarhus University Press}
}

@phdthesis{hulthen1944studier,
    title={Studier i j{\"a}mf{\"o}rande nunordisk syntax},
    author={Hulth{\'e}n, Lage},
    year={1944},
    school={University of Gothenburg}
}

@article{kinn2017null,
    title={Null arguments in {O}ld {N}orwegian: {I}nteraction between pronouns and the functional categories of the clause},
    author={Kinn, Kari},
    journal={Linguistic Variation},
    volume={17},
    number={2},
    pages={309--346},
    year={2017},
    doi={10.1075/lv.15018.kin}
}

@incollection{Schmuck2014,
    title={{Der Gebrauch des Definitartikels vor Familien- und Rufnamen im Frühneuhochdeutschen aus grammatikalisierungstheoretischer Perspektive}},
    author={Schmuck, Mirjam and Szczepaniak, Renata},
    booktitle={{Linguistik der Familiennamen}},
    pages={97--137},
    year={2014},
    editor={Debus, Friedhelm and Heuser, Rita and Nübling, Damaris},
    address={Hildesheim},
    publisher={Olms}
}

@incollection{Schmuck2020-hex,
    author = {Schmuck, Mirjam},
    editor = {Szczepaniak, Renata and Dücker, Lisa and Hartmann, Stefan},
    doi = {10.1515/9783110679649-009},
    title = {{Pragmatische Funktionen des Personennamenartikels in Hexenverhörprotokollen}},
    booktitle = {{Hexenverhörprotokolle als sprachhistorisches Korpus: Fallstudien zur Erschließung der frühneuzeitlichen Schriftsprache}},
    year = {2020},
    publisher = {{D}e Gruyter},
    pages = {239--268},
    address={Berlin}
}

@book{lyons1999definiteness,
    title={Definiteness},
    author={Lyons, Christopher},
    year={1999},
    publisher={Cambridge University Press},
    address={Cambridge},
    doi={10.1017/CBO9780511605789}
}

@book{behaghel1923deutsche,
    title={{Deutsche Syntax: Eine geschichtliche Darstellung. Vol. 1: Die Wortklassen und Wortformen. A. Nomen. Pronomen}},
    author={Behaghel, Otto},
    year={1923},
    publisher={Winter},
    address={Heidelberg}
}

@book{ackermann2018grammatik,
    title={{Grammatik der Namen im Wandel: Diachrone Morphosyntax der Personennamen im Deutschen}},
    author={Ackermann, Tanja},
    year={2018},
    publisher={{D}e Gruyter},
    address={Berlin},
    doi={10.1515/9783110600865}
}

@book{leiss2000artikel,
    title={{Artikel und Aspekt: Die grammatischen Muster von Definitheit}},
    author={Leiss, Elisabeth},
    year={2000},
    publisher={{D}e Gruyter},
    address={Berlin},
    doi={10.1515/9783110825961}
}

@incollection{leiss2007covert,
    title={{Covert patterns of definiteness/indefiniteness and aspectuality in Old Icelandic, Gothic, and Old High German}},
    author={Leiss, Elisabeth},
    booktitle={Nominal Determination: {T}ypology, context constraints, and historical emergence},
    pages={73--102},
    year={2007},
    publisher={John Benjamins},
    address={Amsterdam},
    doi={10.1075/slcs.89},
    editor={Stark, Elisabeth and Leiss, Elisabeth and Abraham, Werner}
}

@phdthesis{skrzypek2012grammaticalization,
    title={Grammaticalization of (in)definiteness in {S}wedish},
    author={Skrzypek, Dominika},
    year={2012},
    school={{Uniwersytet im. Adama Mickiewicza w Poznaniu}}
}

@book{bergmann1838poemes,
    title={Po{\"e}mes islandais ({V}oluspa, {V}afthrudnismal, {L}okasenna): {T}ir{\'e}s de l'{E}dda de {S}aemund},
    author={Bergmann, Fr{\'e}d{\'e}ric Guillaume},
    year={1838},
    publisher={Imprimerie Royale},
    address={Paris}
}

@book{grimm1898deutsche,
    title={Deutsche Grammatik},
    author={Grimm, Jacob},
    volume={4},
    year={1898},
    publisher={Druck und Verlag Von C. Bertelsmann},
    address={Gütersloh}
}

@book{Santorini2010annotation,
    title={{Annotation manual for the Penn Historical Corpora and the PCEEC.}},
    author={Santorini, Beatrice},
    publisher = {Department of Linguistics, University of Pennsylvania},
    url = {http://www.ling.upenn.edu/hist-corpora/annotation/index.html},
    year={2010}
}

@unpublished{randall2005corpussearch2,
    title={{CorpusSearch2 User's Guide. Philadelphia: Dept. of Linguistics, University of Pennsylvania}},
    author={Randall, Beth},
    publisher={Philadelphia: Dept. of Linguistics, University of Pennsylvania},
    note={{h}ttp://corpussearch.sourceforge.net},
    year={2005}
}

@incollection{chafe1976givenness,
    title={Givenness, contrastiveness, definiteness, subjects, topics, and point of view},
    author={Chafe, Wallace},
    booktitle={Subject and topic},
     editor={Li, Charles N.},
    year={1976},
    publisher={Academic Press},
    address={New York},
    pages={25--55}
}

@article{RoehrsSapp18,
    title={Complex quantifiers with genitive and concord in {O}ld {E}nglish and beyond},
    author={Roehrs, Dorian and Christopher Sapp},
    year={2018},
    journal={Journal of Comparative Germanic Linguistics},
    volume={21},
    pages={381--419}

}

@book{givon1983topic,
    title={Topic continuity in discourse: {A} quantitative crosslanguage study},
    editor={Giv{\'o}n, Talmy},
    year={1983},
    address={Amsterdam},
    publisher={John Benjamins}
}

@article{jacobs2001dimensions,
    title={The dimensions of topic-comment},
    author={Jacobs, Joachim},
    year={2001},
    journal={Linguistics},
    volume={39},
    pages={641--681},
    doi={10.1515/ling.2001.027}
}

@incollection{neeleman2009syntactic,
    title={A syntactic typology of topic, focus and contrast},
    author={Neeleman, Ad and Titov, Elena and van de Koot, Hans and Vermeulen, Reiko},
    booktitle={Alternatives to cartography},
    pages={15--52},
    year={2009},
    publisher={{D}e Gruyter},
    address={Berlin},
    editor={van Craenenbroeck, Jeroen},
    doi={10.1515/9783110217124.15}
}

@incollection{gotze2007information,
    title={Information structure},
    author={G{\"o}tze, Michael and Weskott, Thomas and Endriss, Cornelia and Fiedler, Ines and Hinterwimmer, Stefan and Petrova, Svetlana and Schwarz, Anne and Skopeteas, Stavros and Stoel, Ruben},
    editor={Dipper, Steffi and G{\"o}tze, Michael and Skopeteas, Stavros},
    booktitle={Information Structure in Cross-Linguistic Corpora: {A}nnotation Guidelines for Phonology, Morphology, Syntax, Semantics, and Information Structure},
    pages={147--187},
    year={2007},
    publisher={Universit{\"a}tsverlag Potsdam},
    address={Potsdam}
}

@misc{NapolesRiester2021,
    title={Topics and topic transitions within {QUD} trees},
    author={Canes Nápoles, Amalia and Riester, Arndt},
    note={Paper presented at the International workshop on the expression of contrast and the annotation of information structure in corpora, KU Leuven, November 2021},
    year={2021}
}

@incollection{Trips2009syntax,
    title={{The syntax and semantics of the temporal anaphor ``then'' in Old and Middle English}},
    author={Trips, Carola and Fu{\ss}, Eric},
    booktitle={{Advances in comparative Germanic syntax}},
    pages={171--196},
    year={2009},
    editor={Alexiadou, Artemis  and Hankamer, Jorge and McFadden, Thomas and Nuger, Justin and Schäfer, Florian},
    address={Amsterdam},
    publisher={John Benjamins},
    doi={10.1075/la.141.08the}
}

@article{hinterholzl2010v1,
    title={{From V1 to V2 in West Germanic}},
    author={Hinterh{\"o}lzl, Roland and Petrova, Svetlana},
    journal={Lingua},
    volume={120},
    number={2},
    pages={315--328},
    year={2010},
    doi={10.1016/j.lingua.2008.10.007}
}

@incollection{petrova2010evidence,
     title={{Evidence for two types of focus positions in Old High German}},
    author={Petrova, Svetlana and Hinterh{\"o}lzl, Roland},
    booktitle={{Diachronic studies on information structure: Language acquisition and change}},
    pages={189--217},
    year={2010},
    publisher={{D}e Gruyter},
    address={Berlin},
    editor={Ferraresi, Gisella and Lühr, Rosemarie},
    doi={10.1515/9783110227475.189}
}

@article{Epstein2011,
    title={{The distal demonstrative as discourse marker in Beowulf}},
    author={Epstein, Richard},
    journal={English Language \& Linguistics},
    volume={15},
    number={1},
    pages={113--135},
    year={2011},
    publisher={Cambridge University Press},
    doi={10.1017/S1360674310000304}
}

@incollection{vangelderen2013diachrony,
    title={The diachrony of pronouns and demonstratives},
    author={van Gelderen, Elly},
    booktitle={{In search of Universal Grammar: From Old Norse to Zoque}},
    pages={195--218},
    year={2013},
    publisher={John Benjamins},
    address={Amsterdam},
    editor={Lohndal, Terje},
    doi={10.1075/la.202}
}

@article{catasso2021he,
    title={\textit{He then said}\dots: ({U}nderstudied) deviations from {V2} in {E}arly {G}ermanic},
    author={Catasso, Nicholas and Coniglio, Marco and de Bastiani, Chiara and Fu{\ss}, Eric},
    journal={Journal of Historical Syntax},
    volume={5},
    number={16-25},
    pages={1--39},
    year={2021},
    doi={10.18148/hs/2021.v5i17-26.55}
}

@incollection{los-Kem2018,
    title={Syntax and the morphology of deixis: {T}he loss of demonstratives and paratactic clause linking},
    author={Los, Bettelou and van Kemenade, Ans},
    editor = {Coniglio, Marco and Murphy, Andrew and Schlachter, Eva and Veenstra, Tonjes},
    booktitle = {Atypical demonstratives: {S}yntax, semantics and pragmatics},
    pages = {127--158},
    year={2018},
    publisher={{D}e Gruyter},
    address={Berlin},
    doi={10.1515/9783110560299-005}
}

@article{booth-beck2021jhs,
    title =	{{Verb-second and verb-first in the history of Icelandic}},
    author = {Booth, Hannah and Beck, Christin},
    journal = {Journal of Historical Syntax},
    year = {2021},
    volume = {5},
    number = {28},
    pages =	{1--53},
    doi={10.18148/hs/2021.v5i28.112}
}

@article{kossuth1980-narrative-syntax,
    author = {Karen C. Kossuth},
    title = {The Linguistic Basis of Saga Structure: {T}oward a Syntax of Narrative},
    journal = {Arkiv f\"{o}r nordisk filologi},
    volume = {95},
    pages = {126--141},
    year = {1980}
}

@incollection{carroll2003information,
    title={Information structure in narratives and the role of grammaticised knowledge: {A} study of adult {F}rench and {G}erman learners of {E}nglish},
    author={Carroll, Mary and Lambert, Monique},
    booktitle={Information structure and the dynamics of language acquisition},
    pages={267--287},
    year={2003},
    publisher={John Benjamins},
    address={Amsterdam},
    editor={Dimroth, Christine and Starren, Marianne},
    doi={10.1075/sibil.26}
}

@article{dimroth2010given,
    title={Given claims about new topics: {H}ow {R}omance and {G}ermanic speakers link changed and maintained information in narrative discourse},
    author={Dimroth, Christine and Andorno, Cecilia and Benazzo, Sandra and Verhagen, Josje},
    journal={Journal of Pragmatics},
    volume={42},
    number={12},
    pages={3328--3344},
    year={2010},
    doi={10.1016/j.pragma.2010.05.009}
}

@inproceedings{riester2015analyzing,
    title={Analyzing {Q}uestions under {D}iscussion and information structure in a {B}alinese narrative},
    author={Riester, Arndt},
    booktitle={Proceedings of the {S}econd {I}nternational {W}orkshop on {I}nformation {S}tructure of {A}ustronesian {L}anguages},
    pages={1--26},
    year={2015}
}

@incollection{vonStutterheim1989referential,
    title={Referential movement in descriptive and narrative discourse},
    author={von Stutterheim, Christiane and Klein, Wolfgang},
    booktitle={Language processing in social context},
    pages={39--76},
    year={1989},
    publisher={North-Holland},
    address={Amsterdam},
    editor={Dietrich, Rainer and Graumann, Carl F.},
    doi={10.1016/B978-0-444-87144-2.50005-7}
}

@article{vankuppelt1995discourse,
    title={Discourse structure, topicality and questioning},
    author={Van Kuppevelt, Jan},
    journal={Journal of Linguistics},
    volume={31},
    number={1},
    pages={109--147},
    year={1995},
    doi={10.1017/S002222670000058X}
}

@book{klein1994time,
    title={Time in language},
    author={Klein, Wolfgang},
    year={1994},
    publisher={Routledge},
    address={London},
    doi={10.4324/9781315003801}
}

@article{byock1984saga,
    title={Saga form, oral prehistory, and the {I}celandic social context},
    author={Byock, Jesse L.},
    journal={New Literary History},
    volume={16},
    number={1},
    pages={153--173},
    year={1984},
    doi={10.2307/468780}
}

@incollection{quinn2000orality,
    title={From orality to literacy in medieval {I}celand},
    author={Quinn, Judy},
    booktitle={Old {I}celandic Literature and Society},
    editor={Clunies Ross, Margaret},
    pages={30--60},
    year={2000},
    publisher={Cambridge University Press},
    address={Cambridge},
    doi={10.1017/CBO9780511552922.003}
}

@incollection{sigurdhsson2007orality,
    title={Orality and Literacy in the {S}agas of {I}celanders},
    author={Sigur{\dh}sson, G{\'\i}sli},
    booktitle={A companion to {O}ld {N}orse-{I}celandic literature and culture},
    pages={285--301},
    year={2004},
    editor={Rory McTurk},
    publisher={Blackwell},
    address={Oxford},
    doi={10.1002/9780470996867.ch17}
}

@article{clover1974scene,
    title={Scene in saga composition},
    author={Clover, Carol J.},
    journal={Arkiv f{\"o}r nordisk filologi},
    volume={89},
    pages={57--83},
    year={1974}
}

@incollection{byock1994narrating,
    title={Narrating saga feud: {D}econstructing the fundamental oral progression},
    author={Byock, Jesse L.},
    year={1994},
    editor={Sigurðsson, Gísli and Kvaran, Guðrún and Steingrímsson, Sigurgeir},
    address={Reykjavík},
    publisher={Hið íslenska bókmenntafélag},
    booktitle={Sagnaþing: {H}elgað {J}ónasi {K}ristjánssýni sjötugum 10.~apríl 1994},
    pages={97--106}
}

@article{Platzack1985,
    author = {Platzack, Christer},
    journal = {\'{I}slenskt m\'{a}l},
    pages = {127--144},
    title = {{Narrative inversion in Old Icelandic}},
    volume = {7},
    year = {1985}
}

@incollection{hopper1987,
    title={{Stability and change in VN/NV alternating languages: A study in pragmatics and linguistic typology}},
    author={Hopper, Paul J.},
    booktitle={The Pragmatic Perspective},
    pages={455-476},
    year={1987},
    publisher={John Benjamins},
    address={Amsterdam},
    editor={Verschueren, Jef and Bertucelli-Papi, Marcella},
    doi={10.1075/pbcs.5}
}

@article{richardson1995tense,
    title={Tense, Structure, and Reception in \textit{{\th}orsteins {\th}{\'a}ttr stangarhǫggs}},
    author={Richardson, Peter},
    journal={Arkiv f{\"o}r nordisk filologi},
    volume={110},
    pages={40--55},
    year={1995}
}

@article{sigurdhsson2018icelandic,
    title={{Icelandic declarative {V1}: A brief overview}},
    author={Sigurðsson, Halldór Ármann},
    year={2018},
    journal={Working Papers in Scandinavian Syntax},
    volume={101},
    pages={49-55}
}

@incollection{gast_contrastive_2010,
	title = {Contrastive topics and distributed foci as instances of sub-informativity: {A} comparison of {English} and {German}},
	booktitle = {Comparative and contrastive studies of information structure},
	publisher = {John Benjamins},
	address={Amsterdam},
	author = {Gast, Volker},
	editor = {Breul, Carsten and Göbbel, Edward},
	year = {2010},
	pages = {15--50},
	doi={10.1075/la.165}
}

@article{vandeemter1992towards,
    title={Towards a generalization of anaphora},
    author={van Deemter, Kees},
    journal={Journal of Semantics},
    volume={9},
    number={1},
    pages={27--51},
    year={1992},
    doi={10.1093/jos/9.1.27}
}

@inproceedings{dekker1996links,
    title={Links without Locations: {I}nformation Packaging and Non-Monotone Anaphora},
    author={Dekker, Paul and Hendriks, Herman},
    booktitle={{Proceedings of the Tenth Amsterdam Colloquium}},
    pages={339--358},
    year={1996},
    editor={Dekker, Paul and Stokhof, Martin},
    address={Amsterdam},
    publisher={ILLC/Department of Philosophy, University of Amsterdam}
}

@article{krahmer1998anaphoric,
    author = {Krahmer, Emiel and Deemter, Kees van},
    title = {On the Interpretation of Anaphoric Noun Phrases: {T}owards a Full Understanding of Partial Matches},
    journal = {Journal of Semantics},
    volume = {15},
    number = {4},
    pages = {355-392},
    year = {1998},
    doi={10.1093/jos/15.4.355}
}

@article{stalnaker2002common,
    title={Common ground},
    author={Stalnaker, Robert},
    journal={Linguistics and Philosophy},
    volume={25},
    number={5--6},
    pages={701--721},
    year={2002},
    doi={10.1023/A:1020867916902}
}

@article{corbett1996associative,
    title={Associative forms in a typology of number systems: {E}vidence from {Y}up'ik},
    author={Corbett, Greville G. and Mithun, Marianne},
    journal={Journal of Linguistics},
    volume={32},
    number={1},
    pages={1--17},
    year={1996},
    doi={10.1017/S0022226700000736}
}

@inproceedings{lewis2022associative,
    title={Associative Plurality and the {DP/NP} typology},
    author={Lewis, Rebecca},
    booktitle={{Proceedings of the Workshop on Turkic and Languages in Contact with Turkic}},
    volume={6},
    pages={5047},
    year={2021},
    doi={10.3765/ptu.v6i1.5047},
    editor={Gündoğdu, Songül and Taghipour, Sahar and Peters, Andrew}
}

@book{faulkes2001three,
    title={The saga of {G}rettir},
    author={Faulkes, Anthony (tr.)},
    year={2001},
    note={In: \textit{Three Icelandic outlaw sagas: The saga of Gisli. The saga of Grettir. The saga of Hord}. University College London: Viking Society for Northern Research}
}

@book{finlay2018jomsviking,
    title={The Saga of the {J}ómsvikings: {A} Translation with Full Introduction},
    author={Finlay, Alison and Jóhannesdóttir, Þórdís Edda},
    year={2018},
    note={Northern Medieval World 6.}
}

@article{mcgregor1997functions,
  title={Functions of noun phrase discontinuity in {G}ooniyandi},
  author={McGregor, William},
  journal={Functions of Language},
  volume={4},
  number={1},
  pages={83--114},
  year={1997}
}

@book{deKuthy2002discontinuous,
  title={Discontinuous {NP}s in {G}erman: {A} Case Study of the Interaction of Syntax},
  author={De Kuthy, Kordula},
  address={Stanford, CA},
  publisher={CSLI Publications},
  year={2002}
}

@article{fanselow2006prosodic,
  title={Prosodic and morphosyntactic aspects of discontinuous noun phrases: {A} comparative perspective},
  author={Fanselow, Gisbert and F{\'e}ry, Caroline},
  note={Ms., University of Potsdam},
  year={2006}
}

@article{skopeteas2020discontinuous,
  title={Discontinuous noun phrases in {Y}ucatec {M}aya},
  author={Skopeteas, Stavros and Verhoeven, Elisabeth and Fanselow, Gisbert},
  journal={Journal of Linguistics},
  pages={609--648},
  year={2022},
  publisher={Cambridge University Press},
  volume={58},
  number={3}
}

%%% Alex . . . 

@book{bornegriech,
  title={Griechische {Grammati}k},
  author={Bornemann, Eduard and Risch, Ernst},
  year={1978},
  publisher={Diesterweg}
}

@incollection{Marib,
	Address = {Innsbruck},
	Author = {Maribel Romero},
	Booktitle = {{Aspects of Latin. Papers from the Seventh International Colloquium on Latin Linguistics}},
	Date-Added = {2016-07-11 16:56:35 +0200},
	Date-Modified = {2016-07-11 16:58:55 +0200},
	Editor = {Hannah Ros\'en},
	Pages = {361-376},
	Publisher = {Institut f\"ur Sprachwissenschaft der Universit\"at Innsbruck},
	Title = {{The partitive reading of \emph{summus mons}}},
	Year = {1996}}

@phdthesis{ratkus2011,
  title={The adjective inflection in {Gothic and early Germanic: Structure and development}},
  author={Ratkus, Art{\=u}ras},
  year={2011},
  school={University of Cambridge}
}

@article{ratkus2018weak,
	Author = {Ratkus, Art{\=u}ras},
	Journal = {Indogermanische Forschungen},
	Number = {1},
	Pages = {27--64},
	Publisher = {{D}e Gruyter},
	Title = {Weak adjectives need not be definite},
	Volume = {123},
	Year = {2018}}

@mastersthesis{Pfaff2009,
	Author = {Alexander Pfaff},
	School = {University of Tübingen},
	Title = {Structural Relations between Free and Suffixed Articles in {Icelandic}},
	Year = {2009}} 

 @incollection{Pfaff2014,
	Address = {Amsterdam},
	Author = {Alexander Pfaff},
	Booktitle = {Adjectives in {Germanic and Romance}},
	Date-Added = {2014-05-19 16:23:43 +0200},
	Date-Modified = {2017-09-05 08:26:22 +0000},
	Editor = {Petra Sleeman and Freek van de Velde and Harry Perridon},
	Pages = {217-244},
	Publisher = {John Benjamins},
	Title = {Inside and Outside, before and after. {Weak} and strong adjectives in {Icelandic}},
	Year = {2014}}

@phdthesis{Pfaff2015,
	Author = {Alexander Pfaff},
	School = {University of Troms{\o}},
	Title = {{Adjectival and genitival modification in definite noun phrases in {Icelandic}: {A} tale of outsiders and inside jobs}},
	Year = {2015}}

@article{Pfaff2017,
	Author = {Alexander Pfaff},
	Journal = {Journal of Comparative Germanic Linguistics},
	Number = {3},
	Pages = {283-322},
	Title = {Adjectival inflection as diagnostic for structural position: {I}nside and outside the {I}celandic definiteness domain},
	Volume = {20},
	Year = {2017}}

@article{Pfaff2019,
  title={{Reunited after 1000 years. The development of definite articles in Icelandic}},
  author={Pfaff, Alexander},
  volume={42},
  number={2},  journal={Nordic Journal of Linguistics},
  doi={10.1017/S0332586519000155},
  pages={1--43},
  year={2019}
}


@unpublished{Pfaff2019Annot,
    title={{NPEGL}: {A}nnotation guidelines},
    author={Pfaff, Alexander},
    note = {Ms., University of Oslo },
    year={2019}
}

@article{Pfaff2020,
  title={How to become an adjective when you're not strong (enough)?},
  author={Pfaff, Alexander},
  journal={Nordlyd},
  volume={44},
  number={1},
  pages={19--34},
  year={2020}
}

@incollection{Pfaff2023,
	Address = {London and New York},
	Author = {Pfaff, Alexander},
	Booktitle = {{I}nternal and External Causes of Language Change: {T}he {N}axos papers},
	Editor = {Nikolaos Lavidas and Elly van Gelderen and Alexander Bergs and Ioanna Sitaridou},
	Publisher = {Palgrave Macmillan},
	Title = {The Prehistory of Weak Adjective Phrases in {Old Norse}},
	Year = {2023}}


@book{koblerwb,
  title={Althochdeutsches Wörterbuch. 6. Auflage},
  year={2014},
  author={Gerhard Köbler},
  publisher={Online-Ausgabe. URL: \textit{http://www.koeblergerhard.de/ahd/ahd.html}}
}

@phdthesis{Rehn2019,
	Author = {Alexandra Rehn},
	School = {University of Konstanz},
	Title = {Adjectives and the syntax of {G}erman(ic) {DP}s: {A} diachronic and dialectal perspective},
	Year = {2019}}



@incollection{alexiadouWilder,
	Address = {Amsterdam},
	Author = {Artemis Alexiadou and Chris Wilder},
	Booktitle = {Possessors, Predicates and Movement in the {DP}},
	Date-Added = {2015-02-10 17:34:02 +0100},
	Date-Modified = {2017-09-05 07:54:38 +0000},
	Editor = {Artemis Alexiadou and Chris Wilder},
	Pages = {303-332},
	Publisher = {John Benjamins},
	Title = {Adjectival modification and multiple determiners},
	Year = {1998}}


@incollection{LankoZaucer,
	Address = {Ann Arbor},
	Author = {Maru\v{s}i\v{c}, Franc and Rok \v{Z}aucer},
	Booktitle = {Formal approaches to {S}lavic linguistics 14 (The {P}rinceton meeting)},
	Editor = {James Lavine and Steven Franks and Milla Tasseva-Kurktchieva and Hana Filip },
	Pages = {189-204},
	Publisher = {Michigan Slavic Publications},
	Title = {The `Definite Article' \textsc{ta} in Colloquial {S}lovenian},
	Year = {2006}}


@incollection{Ritter91,
  title={Two functional categories in noun phrases: {E}vidence from {M}odern {H}ebrew},
  author={Ritter, Elizabeth},
  editor={Rothstein, Susan},
  booktitle={Perspectives on phrase structure: {H}eads and licensing},
  pages={37--62},
  year={1991},
  publisher={Brill}
}


@article{Ulla2009,
	Author = {Ulla Stroh-Wollin},
	Date-Added = {2016-04-27 19:04:58 +0200},
	Date-Modified = {2016-07-31 23:09:19 +0200},
	Journal = {Working Papers in Scandinavian Syntax},
	Pages = {1-25},
	Title = {On the development of definiteness markers in {Scandinavian}},
	Volume = {83},
	Year = {2009}}

 
@article{Ulla2012,
	Author = {Stroh-Wollin, Ulla},
	Journal = {Futhark: International Journal of Runic Studies},
	Pages = {193--200},
	Title = {{U 169 Bj{\"o}rkeby: A daughter without a name}?},
	Volume = {2},
	Year = {2012}}

@article{Ulla2015,
	Author = {Ulla Stroh-Wollin},
	Date-Added = {2017-03-28 22:40:10 +0000},
	Date-Modified = {2017-04-01 21:51:34 +0000},
	Journal = {Arkiv f{\"o}r nordisk filologi},
	Pages = {101-138},
	Title = {Fr\aa{n} gammal man till den gamle mannen: {Definitmarkering} i fornsvenska nominalfraser med adjektivattribut},
	Volume = {130},
	Year = {2015}}


@article{Ulla2020,
  title={\textit{Hinn} and \textit{hinn}: {Early Icelandic as the clue to the history and etymology of two Old Scandinavian words}},
  author={Stroh-Wollin, Ulla},
  journal={Nordic Journal of Linguistics},
  volume={43},
  number={2},
  pages={205--228},
  year={2020},
  publisher={Cambridge University Press}
}

@unpublished{Sigurdsson2013resPass,
	Note = {Ms., University of Pennsylvania},
	Author = {Einar Freyr Sigurðsson},
	Date-Added = {2015-01-23 16:28:42 +0100},
	Date-Modified = {2015-01-23 16:44:54 +0100},
	Title = {Attributive resultative passives: {T}he view from {I}celandic},
	Year = {2013}}

@article{Magnusson84,
	Author = {Friðrík Magnússon},
	Date-Added = {2014-05-19 15:59:38 +0200},
	Date-Modified = {2014-05-19 16:00:43 +0200},
	Journal = {{Í}slenskt mál},
	Pages = {81-111},
	Title = {Um innri gerð nafnliða í íslensku},
	Volume = {6},
	Year = {1984}}



@article{Sigurdsson93NP,
	Author = {Sigurðsson, Halldór Ármann},
	Date-Added = {2014-05-19 13:33:40 +0200},
	Date-Modified = {2014-06-03 18:06:34 +0200},
	Journal = {Studia Linguistica},
	Number = {2},
	Pages = {177-197},
	Title = {The structure of the {Icelandic} {NP}},
	Volume = {47},
	Year = {1993}}

@phdthesis{Ingason2016,
	Author = {Anton Karl Ingason},
	School = {University of Pennsylvania},
	Title = {Realizing Morphemes in the {I}celandic Noun Phrase},
	Year = {2016}}

@article{Hardarson2016,
  title={Word building and the {Icelandic} noun phrase},
  author={Harðarson, Gísli Rúnar},
  journal={University of Pennsylvania Working Papers in Linguistics},
  volume={22},
  number={1},
  pages={323-332},
  year={2016}
}

@phdthesis{Hardarson2017,
	Author = {Gísli Rúnar Harðarson},
	School = {University of Connecticut},
	Title = {Cycling through grammar: {O}n compounds, noun phrases and domains},
	Year = {2017}}


@inproceedings{RoehrsSapp2004,
	Address = {Department of Linguistics, California State University},
	Author = {Dorian Roehrs and Christopher Sapp},
	Booktitle = {Proceedings of {WECOL} 2004},
	Editor = {Michal Temkin Martínez and Asier Alcázar and Roberto Mayoral Hernández},
	Pages = {290-301},
	Title = {The rise of the suffixal article in the early {North Germanic DP}},
	Year = {2004}}

@article{Faarlund2007,
	Author = {Jan Terje Faarlund},
	Journal = {Working Papers in Scandinavian Syntax},
	Pages = {21-46},
	Title = {From clitic to affix: {The Norwegian} definite article},
	Volume = {79},
	Year = {2007}}

@article{Faarlund2009,
	Author = {Jan Terje Faarlund},
	Journal = {Journal of Linguistics},
	Number = {3},
	Pages = {617-639},
	Title = {On the history of definiteness marking in {S}candinavian},
	Volume = {45},
	Year = {2009}}

@incollection{Lohndal2007,
	Address = {Amsterdam},
	Author = {Terje Lohndal},
	Booktitle = {Nominal determination},
	Editor = {Elisabeth Stark and Elisabeth Leiss and Werner Abraham},
	Pages = {287-310},
	Publisher = {John Benjamins},
	Title = {On the structure and development of nominal phrases in {Norwegian}},
	Year = {2007}}

@mastersthesis{Laake2007,
	Author = {Signe Laake},
	School = {University of Oslo},
	Title = {Nomenfrasen i norr\o{}nt og norsk. {En} diakron analyse},
	Year = {2007}}

@book{Nygaard05,
	Address = {Oslo},
	Author = {Marius Nygaard},
	Publisher = {H. Aschehoug \& Company (W. Nygaard). [2nd, unrevised edition, 1966]},
	Title = {Norr{\o}n syntax},
	Year = {1905}}


@inproceedings{Perridon96,
	Address = {Oslo},
	Author = {Harry Perridon},
	Booktitle = {The {N}ordic languages and modern linguistics. {P}roceedings of the {N}inth {I}nternational {C}onference of {N}ordic and {G}eneral {L}inguistics},
	Editor = {Kjartan G. Ottóson and Ruth Vatvedt Fjeld and Arne Torp},
	Pages = {248-61},
	Publisher = {Novus Forlag},
	Title = {Noun phrases in {Runic Swedish}},
	Year = {1996}}

@article{Skrzypek2009,
	Author = {Dominika Skrzypek},
	Journal = {Lingua Posnaniensis},
	Pages = {65-76},
	Title = {The formation of the definite article in {the Nordic} languages},
	Volume = {51},
	Year = {2009}}

@article{Skrzypek2010,
	Author = {Skrzypek, Dominika},
	Journal = {Folia Scandinavica},
	Pages = {145-162},
	Title = {Between a demonstrative and an article. {The status of \textit{-in} in Old Swedish}},
	Volume = {11},
	Year = {2010}}

@incollection{PerridonSleeman2011,
	Address = {Amsterdam},
	Author = {Harry Perridon and Petra Sleeman},
	Booktitle = {The noun phrase in {Romance and Germanic}},
	Editor = {Harry Perridon and Petra Sleeman},
	Pages = {1-21},
	Publisher = {John Benjamins},
	Title = {The noun phrase in {Germanic and Romance}},
	Year = {2011}}

@article{BorjarsPayne2016,
  title={Adjectival definiteness marking and noun-phrase internal functions},
  author={Börjars, Kersti and Payne, John},
  journal={HEADLEX, University of Manchester},
  volume={25},
  year={2016}
}

@book{Heinrichs54,
	Address = {Giessen},
	Author = {Heinrichs, Heinrich Matthias},
	Publisher = {W. Schmitz},
	Title = {Studien zum bestimmten {A}rtikel in den germanischen {S}prachen},
	Year = {1954}}

@book{Himmelmann97,
	Author = {Himmelmann, Nikolaus},
	Publisher = {Max Niemeyer Verlag},
	Title = {{Deiktikon, Artikel, Nominalphrase: Zur Emergenz syntaktischer Struktur}},
	Year = {1997}}

@book{Riessler2016,
	Address = {Berlin},
	Author = {Rie{\ss}ler, Michael},
	Publisher = {Language Science Press},
	Title = {Adjective attribution},
	Year = {2016}}

@Unpublished{YCOEP,
	author = {Pintzuk, Susan and Plug, Leendert},
	title = {\emph{York--{H}elsinki {P}arsed {C}orpus of {O}ld {E}nglish {P}oetry}},
	note = {1st edition},
	url = {http://www-users.york.ac.uk/~lang18/pcorpus.html},
	year = {2001},
}

@article{Cinque2005U20,
	Author = {Guglielmo Cinque},
	Journal = {Linguistic Inquiry},
	Number = {3},
	Pages = {315-332},
	Title = {Deriving {Greenberg's Universal 20 and its exceptions}},
	Volume = {36},
	Year = {2005}}


@InCollection{Allen2006,
	Author = {Allen, Cynthia},
	Booktitle = {Types of Variation: {D}iachronic, dialectal and typological interfaces},
	Editor = {Terttu Nevalainen and Juhani Klemola and Mikko Laitenen},
	Address = {Amsterdam},
	Publisher = {John Benjamins},
	Title = {Possessives and Determiners in {O}ld {E}nglish},
	Pages = {149--170},
	Year = {2006},
}


@InCollection{Wood2007,
  title={Is there a {DP} in {O}ld {E}nglish?},
  booktitle = {Historical Linguistics 2005: {S}elected papers from the 17th {I}nternational {C}onference on {H}istorical {L}inguistics, {M}adison, {W}isconsin, 31 {J}uly--5 {A}ugust 2005},
  author={Wood, Johanna L.},
  year={2007},
  publisher={John Benjamins},
  editor={Salmons, Joseph C. and Dubenion Smith, Shannon},
  address={Amsterdam},
  pages={167--187},
}

@InCollection{Wood2007demposs,
  title={Demonstratives and possessives: {F}rom {O}ld {E}nglish to present-day {E}nglish},
  booktitle = {Nominal determination: {T}ypology, Context Constraints, and Historical Emergence},
  author={Wood, Johanna L.},
  year={2007},
  publisher={John Benjamins},
  editor={Stark, Elisabeth and Leiss, Elisabeth and Abraham, Werner},
  address={Amsterdam},
  pages={339--361},
}

@incollection{Allen2019,
	Address = {Cambridge},
	Author = {Cynthia Allen},
	Booktitle = {Categories, Constructions and Change in {E}nglish Syntax},
	Editor = {Nuria Yáñez-Bouza and Willem B. Hollmann and Emma Moore and Linda Van Bergen},
	Pages = {130-146},
	Publisher = {Cambridge University Press},
	Title = {The definite article in {O}ld {E}nglish: {E}vidence from {Æ}lfric's {G}rammar},
	Year = {2019}}

@Article{Crisma1999,
	Author = {Crisma, Paola},
	Journal = {Rivista di Grammatica Generativa},
	Pages = {105--125},
	Title = {Nominals without the article in {G}ermanic languages},
	Volume = {24},
	Year = {1999},
}

@incollection{Crisma2011,
	Address = {Amsterdam},
	Author = {Paola Crisma},
	Booktitle = {The noun phrase in {Romance and Germanic}},
	Editor = {Harry Perridon and Petra Sleeman},
	Pages = {175-192},
	Publisher = {John Benjamins},
	Title = {The emergence of the definite article in {E}nglish: {A} contact-induced change?},
	Year = {2011}}

@Book{Sommerer2018,
  author    = {Sommerer, Lotte},
  title     = {Article emergence in {O}ld {E}nglish: {A} constructionalist perspective},
  publisher = {Mouton de Gruyter},
  year      = {2018},
  address   = {Berlin},
}

@Book{Flick2020,
  author    = {Flick, Johanna},
  title     = {Die {E}ntwicklung des {D}efinitartikels im {A}lthochdeutschen: {E}ine kognitiv-linguistische {K}orpusuntersuchung},
  publisher = {Language Science Press},
  year      = {2020},
  address   = {Berlin},
} 

@Article{Lyons1986,
  author = {Lyons, Christopher},
  title = {The syntax of {E}nglish genitive constructions},
  journal = {Journal of Linguistics},
  year = {1986},
  volume = {22},
  pages = {123--143},
}

@Book{Lyons1999,
  title     = {Definiteness},
  publisher = {Cambridge University Press},
  year      = {1999},
  author    = {Lyons, Christopher},
  address   = {Cambridge},
}

@Book{Yerkes1982,
  title     = {Syntax and style in {O}ld {E}nglish: {A} comparison of the two versions of {W}ærferth’s translation of {G}regory’s dialogues},
  publisher = {Center for Medieval and Early Renaissance Studies},
  year      = {2002},
  author    = {Yerkes, David},
  address   = {Binghamton, NY},
}


@Unpublished{Porck2020,
  author = {Porck, Thijs},
  year = {2020},
  title = {``{M}en þa leofestan!'' {M}anuscript variations of an {O}ld {E}nglish formula},
  note = {Blog post, University of Leiden},
  url = {https://thijsporck.com/2020/10/26/men-tha-leofestan-manuscript-variations-of-an-old-english-formula/}
}

@Book{Walkden2014book,
  title     = {Syntactic reconstruction and {P}roto-{G}ermanic},
  publisher = {Oxford University Press},
  year      = {2014},
  author    = {Walkden, George},
  address   = {Oxford},
  comment   = {author},
}

@Book{Miller2019,
  title = {The {O}xford {G}othic grammar},
  publisher = {Oxford University Press},
  year = {2019},
  author = {Miller, D. Gary},
  address = {Oxford}
}


@Book{Falluomini2015,
  title     = {The {G}othic version of the {G}ospels and {P}auline epistles: {C}ultural background, transmission and character},
  publisher = {{D}e Gruyter},
  year      = {2015},
  author    = {Falluomini, Carla},
  address   = {Berlin},
}


@Book{Ferraresi2005,
  title     = {Word order and phrase structure in {G}othic},
  publisher = {Peeters},
  year      = {2005},
  author    = {Ferraresi, Gisella},
  address   = {Leuven},
}

@Article{Fertig2000,
    Author = {Fertig, David},
    Title = {Null Subjects in {G}othic},
    Journal = {American Journal of Germanic Linguistics and Literatures},
    Year = {2000},
    Volume = {12},
    Pages = {3--21},
}

@article{Ramaglia2008,
  title={{Monadic vs. polydefinite modification: The case of Greek}},
  author={Ramaglia, Francesca},
  journal={Stefano Canalis},
  volume={162--177},
  year={2008}
}


@article{Leu2007greek,
  title={From {Greek to Germanic: Poly}-(* in)-definiteness and weak/strong adjectival inflection},
  author={Leu, Thomas},
  note={Ms., New York University},
  year={2007}
}


@Book{Bennett1960,
	Author = {Bennett, William H.},
	Title = {The {G}othic Commentary on the {G}ospel of {J}ohn: {S}keireins aiwaggeljons þairh iohannen},
	Address= {New York, NY},
	Publisher = {The Modern Language Association of America},
	Year = {1960},
}

@Article{Schaeferdiek1981,
  author  = {Schäferdiek, Knut},
  title   = {Die {F}ragmente der ``{S}keireins'' und der {J}ohanneskommentar des {T}heodor von {H}erakleia},
  journal = {Zeitschrift für deutsches Altertum und deutsche Literatur},
  year    = {1981},
  volume  = {110},
  pages   = {175--193},
}

@Book{Rosinas2009,
  author    = {Rosinas, Albertas},
  title     = {Baltų kalbų įvardžių semantinė ir morfologinė struktūra: {S}inchronija ir diachronija},
  publisher = {Mokslo ir enciklopedijų leidybos institutas},
  year      = {2009},
  address   = {Vilnius},
}


@article{sapp2019RC,
  title={{Arrested development: Case attraction as a transitional stage from Old Icelandic demonstrative to relative \emph{s{\'a}}}},
  author={Sapp, Christopher},
  journal={Language},
  volume={95},
  number={1},
  pages={e1--e40},
  year={2019},
  publisher={Linguistic Society of America}
}


@book{wagenerRC,
  title={The history of {N}ordic relative clauses},
  author={Wagener, Terje},
  year={2017},
  publisher={De Gruyter Mouton}
}



@article{Fischer2004,
  title={Developments in the category adjective from {Old to Middle English}},
  author={Fischer, Olga},
  journal={Studies in Medieval Language and Literature},
  volume={19},
  pages={1--36},
  year={2004}
}

% . . .  end Alex


%HB references end here
%%%%%%%%%%%%%%%%%%%%%%%%%%%%%%

%%%%%%%%%%%%%%%%%%%%%%%%%%%%%%%%%%
%chapter 8


@InCollection{Abbott2008,
  author    = {Abbott, Barbara},
  title     = {Definiteness and Indefiniteness},
  booktitle = {The Handbook of Pragmatics,},
address = {Hoboken, NJ},
  publisher = {{W}iley-{B}lackwell},
  year      = {2008},
  editor    = {Horn, Laurence R. and Gregory Ward},
  pages     = {122–149},
}

@article{AbohCorverDyakonovaKoppen2010,
	Author = {Aboh, Enoch and Norbert Corver and Marina Dyakonova and Marjo van Koppen},
	Journal = {Lingua},
	Title = {{D}{P}-Internal Information Structure: {S}ome Introductory Remarks},
	volume = {120},
	pages = {782–801},
	Year = {2010},
}

@Book{Adger2013,
  author    = {Adger, David},
  title     = {A Syntax of Substance},
  publisher = {MIT Press},
  year      = {2013},
  address   = {Cambridge, MA},
}

@Book{AlexiadouHaegemonStavrou2007,
  author    = {Alexiadou, Artemis and Liliane Haegeman and Melita Stavrou},
  title     = {Noun Phrases in the Generative Perspective},
  publisher = {Mouton de Gruyter},
  year      = {2007},
  address   = {Berlin},
}


@PhdThesis{Bech2001,
    Author = {Bech, Kristin},
    Title = {Word Order Patterns in {O}ld and {M}iddle {E}nglish: {A} Syntactic and Pragmatic Study.},
    School = {University of Bergen},
    Year = {2001},
    url = {https://bora.uib.no/bora-xmlui/handle/1956/3850}
    
}


@InCollection{Birner2006,
  author    = {Birner, Betty},
  title     = {Inferential Relations and Noncanonical Word Order},
  booktitle = {Drawing the Boundaries of Meaning: {N}eo-{G}ricean Studies in Pragmatics and Semantics in Honor of {L}aurence {R}. {H}orn},
  publisher = {John Benjamins},
  year      = {2006},
  editor    = {Birner, Betty and Gregory Ward },
  pages     = {31–51},
  address   = {Amsterdam},
}

@article{Bolinger1967,
	Author = {Bolinger, Dwight},
	Journal = {Lingua},
	Title = {Adjectives in {E}nglish: {A}ttribution and Predication},
	volume = {18},
	pages = {1–34},
	Year = {1967},
}

@InCollection{Bosque1996,
  author    = {Bosque, Ignacio},
  title     = {On Specificity and Adjective Position},
  booktitle = {Perspectives on {S}panish Linguistics {I}},
  publisher = {UCLA},
  year      = {1996},
  editor    = {Gutiérrez-Rexach, Javier and Luis Silva-Villar},
  pages     = {1–13},
  address   = {Los Angeles},
}


@article{Büring2005,
  author = {Büring, Daniel},
  title = {Semantics, Intonation and Information Structure. },
  url = {http://semanticsarchive.net/Archive/GQ0YjgxM/buring.information.structure.v2005.pdf},
  year = {2005},
}

@InCollection{Caruso2015,
  author    = {Caruso, Željka},
  title     = {The Nominal Left Periphery in {S}lavic: {E}vidence from {C}roatian},
  booktitle = {Within Language, Beyond Theories (Volume {I}): {S}tudies in Theoretical Linguistics},
  publisher = {Cambridge Scholars Publishing},
  year      = {2015},
  editor    = {Bondaruk, Anna and Anna Prażmowska},
  pages     = {3–26},
  address   = {Newcastle},
}

@article{Caruso2016,
	Author = {Caruso, Željka},
	Journal = {Jezikoslovlje},
	Title = {A Split {D}{P}-Analysis of {C}roatian Noun Phrases},
	volume = {17},
	pages = {23–45},
	Year = {2016},
}


@InCollection{Cinque1994,
  author    = {Cinque, Guglielmo},
  title     = {On the Evidence for Partial {N}-Movement in the {R}omance {D}{P}},
  booktitle = {Paths towards Universal Grammar: {S}tudies in Honor of {R}ichard {S}. {K}ayne},
  publisher = {Georgetown University Press},
  year      = {1994},
  editor    = {Cinque, Guglielmo and Jan Koster and Jean-Yves Pollock and Rizzi, Luigi and Raffaella Zanuttini},
  pages     = {85–110},
  address   = {Washington {D}.{C}.},
}


@Book{Cinque2010,
  author    = {Cinque, Guglielmo},
  title     = {The Syntax of Adjectives: {A} Comparative Study},
  publisher = {M{I}{T} {P}ress},
  year      = {2010},
  address   = {Cambridge, MA},
}

@Book{Cleasby1957,
  author    = {Cleasby, Richard},
  title     = {An {I}celandic–{E}nglish Dictionary},
  publisher = {Clarendon Press},
  year      = {1957},
  address   = {Oxford},
  edition = {2nd. edn. (rev. and completed by {G}udbrand {V}igfusson)},
}

@article{CorvervanKoppen2009,
	Author = {Corver, Norbert and Marjo van Koppen},
	Journal = {Groninger {A}rbeiten zur {G}ermanistischen {L}inguistik },
	Title = {Let’s focus on noun phrase ellipsis},
	volume = {48},
	pages = {3–26},
	Year = {2009},
}

@InCollection{Crisma2015,
  author    = {Crisma, Paola},
  title     = {The “Indefinite Article” from Cardinal to Operator to Expletive},
  booktitle = {Language Change at the Syntax–Semantics Interface,},
  publisher = {{D}e {G}ruyter {M}outon},
  year      = {2015},
  editor    = {Gianollo, Chiara and Agnes Jäger and Doris Penka },
  pages     = {125–152},
  address   = {Berlin},
}

@article{CrismaPintzuk2019,
	Author = {Crisma, Paola and Susan Pintzuk },
	Journal = {Language Variation and Change},
	Title = {The Noun Phrase and the ‘{V}iking Hypothesis'},
	volume = {31(2)},
	pages = {219–246},
	Year = {2019},
}

@InCollection{Demonte2008,
  author    = {Demonte, Violeta},
  title     = {Meaning–Form Correlations and Adjective Position in {S}panish},
  booktitle = {Adjectives and Adverbs: {S}yntax, Semantics, and Discourse},
  publisher = {Oxford {U}niversity {P}ress},
  year      = {2008},
  editor    = {McNally, Louise and Chris Kennedy },
  pages     = {71–100},
  address   = {Oxford},
}

@InCollection{Dimitrova-Vulchanova2003,
  author    = {Dimitrova-Vulchanova, Mila},
  title     = {Modification in the {B}alkan Nominal Expression},
  booktitle = {From {N}{P} to {D}{P}. \textnormal{{V}ol. 1}},
  publisher = {John Benjamins},
  year      = {2003},
  editor    = {Coene, Martine and Yves D’hulst },
  pages     = {91–118},
  address   = {Amsterdam},
}


@article{FéryPaslawskaFanselow2007,
	Author = {Féry, Caroline and Alla Paslawska and Gisbert Fanselow},
	Journal = {Journal of {S}lavic Linguistics},
	Title = {Nominal Split Constructions in {U}krainian},
	volume = {15(1)},
	pages = {3–48},
	Year = {2007},
}


@InCollection{FischervanderWurff2006,
  author    = {Fischer, Olga and Wim van der Wurff},
  title     = {Syntax},
  booktitle = {A history of the {E}nglish language},
  publisher = {Cambridge University Press},
  year      = {2006},
  editor    = {Hogg, Richard and David Denison},
  pages     = {109–198},
  address   = {Cambridge},
}

@article{vanGelderenLohndal2008,
	Author = {van Gelderen, Elly and Terje Lohndal},
	Journal = {Working Papers in {S}candinavian Syntax},
	Title = {The Position of Adjectives and Double Definiteness},
	volume = {82},
	pages = {1–22},
	Year = {2008},
}

@article{Giusti1996,
	Author = {Giusti, Giuliana},
	Journal = {University of {V}enice {W}orking {P}apers in {L}inguistics},
	Title = {Is there a {F}ocus{P} and a {T}opic{P} in the noun phrase structure?},
	volume = {6},
    number={2},
	pages = {105–128},
	Year = {1996},
}

@InCollection{Giusti2005,
  author    = {Giusti, Giuliana},
  title     = {At the Left Periphery of the {R}omanian Noun Phrase},
  booktitle = {On Space and Time in Language},
  publisher = {Clusium},
  year      = {2005},
  editor    = {Coene, Martine and Liliane Tasmowski},
  pages     = {23–49},
  address   = {Cluj-Napoca},
}

@InCollection{Giusti2006,
  author    = {Giusti, Giuliana},
  title     = {Parallels in Clausal and Nominal Periphery},
  booktitle = {Phases of Interpretation},
  publisher = {Mouton de {G}ruyter},
  year      = {2006},
  editor    = {Frascarelli, Mara},
  pages     = {163–186},
  address   = {Berlin},
 
}

@InCollection{Giusti2012,
  author    = {Giusti, Giuliana},
  title     = {On {F}orce and {C}ase, {F}in and {N}um},
  booktitle = {Enjoy Linguistics! {P}apers offered to {L}uigi {R}izzi on the occasion of his 60th birthday},
  publisher = {C{I}{S}{C}{L} Press},
  year      = {2012},
  editor    = {Bianchi, Valentina and Cristiano Chesi },
  pages     = {205–217},
  address   = {Siena},
}

@InCollection{Gundel1988,
  author    = {Gundel, Jeanette},
  title     = {Universals of Topic–Comment Structure},
  booktitle = {Studies in syntactic typology},
  publisher = {John {B}enjamins},
  year      = {1988},
  editor    = {Hammond, Michael and Edith Moravcsik and Jessica Wirth},
  pages     = {209–242},
  address   = {Amsterdam},
}

@article{GundelHedbergZacharski1993,
	Author = {Gundel, Jeanette and Nancy Hedberg and Ron Zacharski},
	Journal = {Language},
	Title = {Cognitive Status and the Form of Referring Expressions in Discourse},
	volume = {69(2)},
	pages = {274–307},
	Year = {1993},
}

@article{Givón1979,
	Author = {Givón, Talmy},
	Journal = {Syntax and Semantics},
volume = {12},
	Title = {From Discourse to Syntax: {G}rammar as a Processing Strategy},
	publisher = {Brill},
	pages = {81–112},
	Year = {1979},
  address   = {Leiden},
}


@article{Haegeman2000,
	Author = {Haegeman, Liliane},
	Journal = {Transactions of the Philological Society },
	Title = {Inversion, Non-Adjacent Inversion and Adjuncts in {C}{P}},
	volume = {98},
	pages = {121–160},
	Year = {2000},
}

@InCollection{Haegeman2004,
  author    = {Haegeman, Liliane},
  title     = {D{P}-periphery and clausal periphery: {P}ossessor Doubling in {W}est {F}lemish},
  booktitle = {Peripheries},
  year      = {2004},
  editor    = {Adger, David and Cécile de Cat and George Tsoulas},
  pages     = {211–240},

}

@article{Halliday1967,
	Author = {Halliday, Michael},
	Journal = {Journal of Linguistics},
	Title = {Notes on Transitivity and Theme in {E}nglish, {P}art {I}{I}},
	volume = {3},
	pages = {199–244},
	Year = {1967},
}


@PhdThesis{Harries2014,
    Author = {Harries, Pauline},
    Title = {The Distribution of Definiteness Markers and the Growth of Syntactic Structure from {O}ld {N}orse to {M}odern {F}aroese},
    School = {University of {M}anchester},
    Year = {2014},
}

@Book{Haugen2001,
  author    = {Haugen, Odd Einar},
  title     = {Grunnbok i norrønt språk},
  publisher = {Gyldendal {N}orsk {F}orlag},
  year      = {2001},
  address   = {Oslo},
  edition = {4},
}


@InCollection{Hinterhölzl2009,
  author    = {Hinterhölzl, Roland},
  title     = {Information Structure and Unmarked Word order in (Older) {G}ermanic},
  booktitle = {Information {S}tructure: {T}heoretical, typological and experimental perspectives},
  publisher = {Oxford University Press},
  year      = {2009},
  editor    = {Zimmermann, Malte and Caroline Féry},
  pages     = {282–304},
  address   = {Oxford},
}

@InCollection{HinterhölzlPetrova2018,
  author    = {Hinterhölzl, Roland and Svetlana Petrova},
  title     = {Prosodic and Information-Structural Factors in Word Order Variation},
  booktitle = {Clause Structure and Word Order in the History of {G}erman},
  publisher = {Oxford University Press},
  year      = {2018},
  editor    = {Jäger, Agnes and Gisella Ferraresi and Helmut Weiß},
  pages     = {277–288},
  address   = {Oxford},
}

@InCollection{Hróarsdóttir2009,
  author    = {Hróarsdóttir, Þorbjörg},
  title     = {Information Structure and {O}{V} order},
  booktitle = {Information Structure: {T}heoretical, Typological and Experimental Perspectives},
  publisher = {Oxford University Press},
  year      = {2009},
  editor    = {Zimmermann, Malte and Caroline Féry},
  pages     = {258–281},
  address   = {Oxford},
}

@article{IhsanePuskás2001,
	Author = {Ihsane, Tabea and Genoveva Puskás},
	Journal = {G{G}{@}{G} ({G}enerative Grammar in {G}eneva)},
	Title = {Specific is Not Definite},
	volume = {2},
	pages = {39–54},
	Year = {2001},
}

@article{IsacKirk2008,
	Author = {Isac, Daniela and Allison Kirk},
	Journal = {Rivista di {G}rammatica {G}enerativa},
	Title = {The Split {D}{P} Hypothesis. {E}vidence from Ancient {G}reek},
	volume = {33},
	pages = {137–155},
	Year = {2008},
}

@InCollection{Jacob2005,
  author    = {Jacob, Daniel},
  title     = {Adjective Position, Specificity, and Information Structure in {S}panish},
  booktitle = {Proceedings of the Workshop “{S}pecificity and the Evolution/emergence of Nominal Determination Systems in {R}omance”},
  publisher = {Fachbereich {S}prachwissenschaft der {U}niversität {K}onstanz {A}rbeitspapier 119},
  year      = {2005},
  editor    = {von Heusinger, Klaus and Georg Kaiser and Elisabeth Stark},
  pages     = {71–79},
}

@article{Julien2002,
	Author = {Julien, Marit},
	Journal = {Linguistica},
	Title = {Determiners and Word Order in {S}candinavian {D}{P}s},
	volume = {56},
	pages = {264–315},
	Year = {2002},
}

@Book{Julien2005,
  author    = {Julien, Marit},
  title     = {Nominal Phrases from a {S}candinavian Perspective},
  publisher = {John Benjamins},
  year      = {2005},
  address   = {Amsterdam},
}

@article{KatzSelkirk2011,
	Author = {Katz, Jonah and Elisabeth Selkirk },
	Journal = {Language},
	Title = {Contrastive Focus vs. Discourse-New: {E}vidence from Phonetic Prominence in {E}nglish},
	volume = {87(4)},
	pages = {771–816},
	Year = {2011},
}

@article{Krifka1998,
	Author = {Krifka, Manfred},
	Journal = {Linguistic Inquiry},
	Title = {Scope Inversion under the Rise–Fall Contour in {G}erman},
	volume = {29},
	pages = {75–112},
	Year = {1998},
}

@article{Krifka1999,
	Author = {Krifka, Manfred},
	Journal = {Proceedings of {S}{A}{L}{T} 8. {C}ornell: {C}{L}{C} Publications},
	Title = {Additive Particles under Stress},
	pages = {111–128},
	Year = {1999},
}


@PhdThesis{Kester1996thesis,
    Author = {Kester, Ellen-Petra},
    Title = {The Nature of Adjectival Inflection},
    School = {Utrecht: {O}{T}{S} Dissertation Series},
    Year = {1996}
}

@article{Laenzlinger2005,
	Author = {Laenzlinger, Christopher},
	Journal = {Lingua},
	Title = {{F}rench adjective Ordering: {P}erspectives on {D}{P}-Internal Movement Types},
	volume = {115},
	pages = {645–689},
	Year = {2005},
}

@article{LanderHaegeman2014,
	Author = {Lander, Eric and Liliane Haegeman},
	Journal = {Transactions of the Philological Society},
	Title = {Old {N}orse as an {N}{P} Language: {W}ith Observations on the Common {N}orse and {N}orthwest {G}ermanic Runic Inscriptions},
	volume = {112},
	pages = {279–318},
	Year = {2014},
}

@Book{Lambrecht1994,
  author    = {Lambrecht, Knud},
  title     = {Information Structure and Sentence Form. {T}opic, Focus and the Mental Representations of Discourse Referents},
  publisher = {Cambridge University Press},
  year      = {1994},
  address   = {Cambridge},
}

@InCollection{LarsonTakahashi2004,
  author    = {Larson, Richard and Naoko Takahashi},
  title     = {Order and Interpretation in Prenominal Relative Clauses},
  booktitle = {Proceedings of the Workshop on {A}ltaic Formal Linguistics {I}{I}. {M}{I}{T} {W}orking {P}apers in {L}inguistics 54},
  publisher = {MITWPL},
  year      = {2004},
  editor    = {Kelepir, Meltem and Balkiz Öztürk},
  pages     = {101–120},
  address   = {Cambridge, MA},
}

@article{LarsonMarušič2004,
	Author = {Larson, Richard and Franc Marušič},
	Journal = {Linguistic Inquiry},
	Title = {On Indefinite Pronoun Structures with {A}{P}s: {R}eply to {K}ishimoto},
	volume = {35(2)},
	pages = {268–287},
	Year = {2004},
}

@article{Lobeck1993,
	Author = {Lobeck, Anne},
	Journal = {Linguistics},
	Title = {Strong Agreement and Identification in {E}nglish},
	volume = {13},
	pages = {777–811},
	Year = {1993},
}

@Book{Lobeck1995,
  author    = {Lobeck, Anne},
  title     = {Ellipsis: {F}unctional Heads, Licensing, and Idenfitication},
  publisher = {Oxford University Press},
  year      = {1995},
  address   = {Oxford},
}

@Book{Lundeby1965,
  author    = {Lundeby, Einar},
  title     = {Overbestemt substantiv i norsk og de andre nordiske språk},
  publisher = {Universitetsforlaget},
  year      = {1965},
  address   = {Oslo},
}


@InCollection{Molnár2002,
  author    = {Molnár, Valéria},
  title     = {Contrast – from a Contrastive Perspective},
  booktitle = {Structure in a Cross-Linguistic Perspective},
  publisher = {Brill},
  year      = {2002},
  editor    = {Hasselgård, Hilde and Stig Johansson and Bergljot Behrens and Cathrine Fabricius-Hansen },
  pages     = {147–161},
  address   = {Leiden},
}

@InCollection{Molnár2006,
  author    = {Molnár, Valéria},
  title     = {On Different Kinds of Contrast},
  booktitle = {The Architecture of Focus},
  publisher = {Mouton de {G}ruyter},
  year      = {2006},
  editor    = {Molnár, Valéria and Susanne Winkler},
  pages     = {197–234},
  address   = {Berlin},
}

@InCollection{Mørck2016,
  author    = {Mørck, Endre},
  title     = {Syntaks},
  booktitle = {Norsk språkhistorie {I}: {M}ønster},
  publisher = {Novus},
  year      = {2016},
  editor    = {Sandøy, Helge},
  pages     = {317–445},
  address   = {Oslo},
}

@InCollection{NeelemanTitovVandeKootVermeulen2009,
  author    = {Neeleman, Ad and Elena Titov and Hans van de Koot and Reiko Vermeulen},
  title     = {Syntactic Typology of Topic, Focus and Contrast},
  booktitle = {Alternatives to Cartography},
  publisher = {Mouton de {G}ruyter},
  year      = {2009},
  editor    = {van Craenenbroeck, Jeroen},
  pages     = {15–52},
  address   = {Berlin},
}

@PhdThesis{Nilsson1985,
    Author = {Nilsson, Birgit},
    Title = {Case Marking Semantics in {T}urkish},
    School = {University of {S}tockholm},
    Year = {1985}
}

@Book{Nedoma2010,
  author    = {Nedoma, Robert},
  title     = {Kleine {G}rammatik des {A}ltisländischen},
  publisher = {Winter {U}niversitätsverlag},
  year      = {2010},
  address   = {Heidelberg},
  edition = {3rd. rev. edn.},
}


@article{Overfelt2015,
	Author = {Overfelt, Jason},
	Journal = {Lingua},
	Title = {Extraposition of {N}{P}{I}s from {N}{P}},
	volume = {164},
	pages = {25–44},
	Year = {2015},
}

@InCollection{Petrova2009,
  author    = {Petrova, Svetlana},
  title     = {Information Structure and Word Order Variation in the {O}ld {H}igh {G}erman {T}atian},
  booktitle = {Information Structure and Language Change},
  publisher = {Mouton de {G}ruyter},
  year      = {2009},
  editor    = {Hinterhölzl, Roland and Svetlana Petrova },
  pages     = {251–279},
  address   = {Berlin},
}

@InCollection{Petrova2012,
  author    = {Petrova, Svetlana},
  title     = {The Impact of Focusing and Defocusing on Word Order: {C}hanges at the periphery In {O}ld {E}nglish and {O}ld {H}igh {G}erman},
  booktitle = {The {O}xford Handbook of the History of {E}nglish},
  publisher = {Oxford University Press},
  year      = {2012},
  editor    = {Nevalainen, Terttu and Elizabeth Closs Traugott },
  pages     = {846–858},
  address   = {Oxford},
}

@InCollection{Prince1981,
  author    = {Prince, Ellen},
  title     = {Toward a Taxonomy of Given--New Information},
  booktitle = {Radical Pragmatics},
  publisher = {Academic Press},
  year      = {1981},
  editor    = {Cole, Peter},
  pages     = {223–256},
  address   = {New York},
}

@unpublished{Rampazzo2012,
    Author = {Rampazzo, Daniela},
    Title = {The Development of the Definite Article in {O}ld {H}igh {G}erman and {O}ld {F}rench: {A} Comparative Analysis},
    School = {Università {C}a' {F}oscari {V}enezia},
    Year = {2012},
    note = {Università {C}a' {F}oscari, {V}enice. (BA thesis).},
}

@article{Repp2010,
	Author = {Repp, Sophie},
	Journal = {Lingua},
	Title = {Defining ‘Contrast’ as an Information-Structural Notion in Grammar},
	volume = {120(6)},
	pages = {1333–1345},
	Year = {2010},
}

@Book{Rijkhoff2002,
  author    = {Rijkhoff, Jan},
  title     = {The Noun Phrase},
  publisher = {Oxford {U}niversity {P}ress},
  year      = {2002},
  address   = {Oxford},
}

@Book{Ringdal1918,
  author    = {Ringdal, Karl},
  title     = {Om det attribute adjektivs position i oldnorsk prosa},
  publisher = {Aschehoug},
  year      = {1918},
  address   = {Kristiania},
}

@InCollection{Rizzi1997,
  author    = {Rizzi, Luigi},
  title     = {The Fine Structure of the Left Periphery},
  booktitle = {Elements of Grammar},
  publisher = {Kluwer},
  year      = {1997},
  editor    = {Haegeman, Liliane},
  pages     = {281–337},
  address   = {Dordrecht},
}

@article{SadlerArnold1994,
	Author = {Sadler, Louisa and Douglas Arnold},
	Journal = {Journal of Linguistics},
	Title = {Prenominal Adjectives and the Phrasal/Lexical Distinction},
	volume = {30(1)},
	pages = {187–226},
	Year = {1994},
}

@article{SankoffBrown1976,
	Author = {Sankoff, Gillian and Penelope Brown },
	Journal = {Language},
	Title = {The Origins of Grammar in Discourse: {A} Case Study of {T}ok {P}isin Relatives},
	volume = {52},
	pages = {631–666},
	Year = {1976},
}

@Book{Schroeder1999,
  author    = {Schroeder, Christoph},
  title     = {The {T}urkish Nominal Phrase in Spoken Discourse},
  publisher = {Harrassowitz},
  year      = {1999},
  address   = {Wiesbaden},
}

@InCollection{Schroeder2006,
  author    = {Schroeder, Christoph},
  title     = {Articles and Article Systems in some Areas of {E}urope},
  booktitle = {Pragmatic Organization of Discourse in the Languages of {E}urope},
  publisher = {Mouton de {G}ruyter},
  year      = {2006},
  editor    = {Bernini, Giuliano and Marcia Schwartz },
  pages     = {545–612},
  address   = {Berlin},
}

@PhdThesis{Schwarz2009,
    Author = {Schwarz, Florian},
    Title = {Two Types of Definites in Natural Language},
    School = {{U}niversity of {M}assachusetts {A}mherst},
    Year = {2009}
}

@article{Schwarzschild1999,
	Author = {Schwarzschild, Roger},
	Journal = {Natural Language Semantics},
	Title = {{G}{I}{V}{E}{N}ness, {A}void{F}, and Other Constraints on the Placement of Accent},
	volume = {7},
	pages = {141–177},
	Year = {1999},
}

@Book{Skrzypek2012,
  author    = {Skrzypek, Dominika},
  title     = {Grammaticalization of (In)definiteness in {S}wedish},
  publisher = {Wydawnictwo {N}aukowe {U}{A}{M}},
  year      = {2012},
  address   = {Poznań},
}

@article{Skrzypek2013,
	Author = {Skrzypek, Dominika},
	Journal = {Folia {S}candinavica {P}osnaniensia},
	Title = {Textual Origins of the Indefinite Article in {S}wedish},
	volume = {15},
	pages = {31–45},
	Year = {2013},
}

@article{Spamer1979,
	Author = {Spamer, James},
	Journal = {Glossa},
	Title = {The development of the definite article in {E}nglish: {A} case study of syntactic change},
	volume = {13},
	pages = {241–250},
	Year = {1979},
}

@article{StrohWollin2009,
	Author = {Stroh-Wollin, Ulla},
	Journal = {Working Papers in {S}candinavian Syntax},
	Title = {On the Development of Definite Markers in {S}candinavian},
	volume = {83},
	pages = {1–25},
	Year = {2009},
}

@article{StrohWollin2015,
	Author = {Stroh-Wollin, Ulla},
	Journal = {Working Papers in {S}candinavian Syntax},
	Title = {Understanding the Gradual Development of Definiteness Marking: {T}he Case of {S}wedish},
	volume = {95},
	pages = {11–32},
	Year = {2015},
}

@article{StruikvanKemenade2018,
	Author = {Struik, Tara and Ans van Kemenade },
	Journal = {English Language and Linguistics},
	Title = {On the Givenness of {O}{V} Word Order: {A} (Re)examination of {O}{V}/{V}{O} Variation in {O}ld {E}nglish},
	volume = {24(1)},
	pages = {1–22},
	Year = {2018},
}

@article{Szendröi2010,
	Author = {Szendröi, Kriszta},
	Journal = {Lingua},
	Title = {A Flexible Approach to Discourse-Related Word Order Variation in the {D}{P}},
	volume = {120(4)},
	pages = {864–878},
	Year = {2010},
}

@InCollection{TaylorPintzuk2012,
  author    = {Taylor, Ann and Susan Pintzuk},
  title     = {Rethinking the {O}{V}/{V}{O} Alternation in {O}ld {E}nglish: {T}he Effect of Complexity, Grammatical Weight, and Information Status},
  booktitle = {The {O}xford Handbook of the History of {E}nglish},
  publisher = {Oxford University Press},
  year      = {2012},
  editor    = {Nevalainen, Terttu and Elizabeth Closs Traugott },
  pages     = {199–213},
  address   = {Oxford},
}

@Book{Thráinsson2007,
  author    = {Thráinsson, Höskuldur},
  title     = {The Syntax of {I}celandic},
  publisher = {Cambridge University Press},
  year      = {2007},
  address   = {Cambridge},
}

@InCollection{Traugott1992,
  author    = {Traugott, Elizabeth Closs},
  title     = {Syntax},
  booktitle = {The {C}ambridge History of the {E}nglish Language. {V}olume {I}. {T}he beginnings to 1066},
  publisher = {Cambridge University Press},
  year      = {1992},
  editor    = {Hogg, Richard},
  pages     = {168–289},
  address   = {Cambridge},
}

@mastersthesis{Truswell2004,
    Author = {Truswell, Robert},
    Title = {Attributive Adjectives and the Nominals they Modify},
    School = {University of {O}xford},
    Year = {2004},
}

@article{Truswell2005,
	Author = {Truswell, Robert},
	Journal = {Oxford Working Papers in Linguistics, Phonetics and Philology},
	Title = {Non–Restrictive Adjective Interpretation and Association with Focus},
	volume = {9},
	pages = {133–154},
	Year = {2005},
}

@InCollection{Tiemann2022,
  author    = {Tiemann, Juliane},
  title     = {The Object Position in {O}ld {N}orwegian: {A}n Interplay between Syntax, Prosody, and Information Structure},
  booktitle = {Language Change at the Interfaces: {I}ntrasentential and Intersentential Phenomena},
  publisher = {John Benjamins},
  year      = {2022},
  editor    = {Catasso, Nicholas and Marco Coniglio and Chiara de Bastiani},
  pages     = {61–94},
  address   = {Amsterdam},
}

@unpublished{Tiemann2023mykind,
    Author = {Tiemann, Juliane},
    Title = {My Kind of Variation! {P}ossessives in {O}ld {N}orwegian},
    note = {Ms., {U}niversity of {B}ergen},
    Year = {2023}
}

@PhdThesis{Tiemann2023syntactic,
  ids = {Tiemann2023},
  author    = {Tiemann, Juliane},
  title     = {Syntactic Variation and Information Structure in {O}ld {N}orwegian: {A}n Investigation of {K}onungs skuggsjá in {AM} 243 bα fol.},
  school = {University of {B}ergen},
  year      = {2023},
}

@article{Umbach2005,
	Author = {Umbach, Carla},
	Journal = {Linguistics},
	Title = {Contrast and Information Structure: {A} Focus-Based Analysis of \textit{but}},
	volume = {43(1)},
	pages = {207–232},
	Year = {2005},
}

@article{Umbach2006,
	Author = {Umbach, Carla},
	Journal = {Proceedings of the Ninth Symposium on Logic and Language},
	Title = {Non-Restrictive Modification and Backgrounding},
	publisher = {Hungarian Academy of Sciences},
	pages = {152–159},
	Year = {2006},
}

@article{vanUrk2018,
	Author = {van Urk, Coppe},
	Journal = {Natural Language \&  Linguistic Theory},
	Title = {Pronoun Copying in {D}inka {B}or and the {C}opy {T}heory of {M}ovement},
	volume = {36},
	pages = {937–990},
	Year = {2018},
}

@article{Vangsnes1997,
  author    = {Vangsnes, Øystein},
  title     = {‘{I}dentification’ and the Role of Morphology in the {S}candinavian Noun Phrase},
  note = {Ms., {U}niversity of {B}ergen},
  year      = {1997},
}

@PhdThesis{deVries2002,
    Author = {de Vries, Mark},
    Title = {The Syntax of Relativization},
    School = {Universiteit van {A}msterdam},
    Year = {2002}
}

@article{Wagner2006,
	Author = {Wagner, Michael},
	Journal = {Natural Language Semantics},
	Title = {Association by movement. {E}vidence from {N}{P}{I}-licensing},
	volume = {14(4)},
	pages = {297–324},
	Year = {2006},
}

@article{Wagner2010,
	Author = {Wagner, Michael},
	Journal = {Natural Language \& Linguistic Theory },
	Title = {Prosody and Recursion in Coordinate structures and beyond},
	volume = {28},
	pages = {183–237},
	Year = {2010},
}

@Book{Zoëga1910,
  author    = {Zoëga, Geir},
  title     = {A concise dictionary of {O}ld {I}celandic},
  publisher = {Clarendon Press},
  year      = {1910},
  address   = {Oxford},
}
%%%%%%%%%%%%%%%%%%%%%%%%%%%%%%%%%%%%%%%%%%%%%%%%%%
%Chapter 5 refs start here

@book{adelung1781deutsche,
  title={Deutsche {S}prachlehre},
  author={Adelung, Johann Christoph},
  year={1781},
  publisher={Bauer},
  address={Wien}
}

@book{baechler2017absolute,
  title={{Absolute Komplexit{\"a}t in der Nominalflexion: Althochdeutsch, Mittelhochdeutsch, Alemannisch und deutsche Standardsprache}},
  author={Baechler, Raffaela},
  year={2017},
  publisher={Language Science Press},
  address={Berlin},
  doi={10.5281/zenodo.1067783}
}

@misc{bennis2015demise,
  title={On the demise of adjectival inflection in {G}ermanic},
  author={Bennis, Hans},
  year={2015},
  note={Paper presented at research colloqium, Konstanz}
}

@incollection{Bildhauer2019,
  title = {{Starke und schwache Adjektivflexion in neuem korpuslinguistischen Licht}},
  booktitle = {Neues vom heutigen {D}eutsch: {E}mpirisch – methodisch – theoretisch},
  author = {Felix Bildhauer and Eric Fuß and Sandra Hansen-Morath and Franziska Münzberg},
  editor = {Ludwig Eichinger and Albrecht Plewnia},
  publisher = {{D}e Gruyter},
  address = {Berlin},
  pages = {293--312},
  doi = {10.1515/9783110622591-014},
  year = {2019},
}

@book{birlinger1868alemannische,
  title={{Die alemannische Sprache rechts des Rheins seit dem XIII.~Jahrhundert}},
  author={Birlinger, Anton},
  year={1868},
  publisher={Ferd.~Dümmler's Verlagsbuchhandlung},
  address={Berlin}
}

@incollection{bock2008teil,
  title={{Teil 6: REDE SprachGIS -- Das forschungszentrierte sprachgeographische Informationssystem von Regionalsprache}},
  author={Bock, Dennis and Engsterhold, Robert and Messner, Slawomir and Fischer, Hanna and Ganswindt, Brigitte and Kasper, Simon and Limper, Juliane and Pennay, Mark and Purschke, Christoph and Spang, Philipp},
  booktitle={{Regionalsprache.de (REDE): Forschungsplattform zu den modernen Regionalsprachen des Deutschen}},
  year={2008},
  publisher={Forschungszentrum Deutscher Sprachatlas},
  editor={Jürgen Erich Schmidt and Joachim Herrgen and Roland Kehrein and Alfred Lameli},
  address={Marburg}
}

@book{borer2005structuring,
  title={Structuring sense: {I}n name only},
  author={Borer, Hagit},
  volume={1},
  year={2005},
  publisher={Oxford University Press},
  address={Oxford},
  doi={10.1093/acprof:oso/9780199263905.001.0001}
}

@incollection{brandner2015syntax,
  title={Syntax des {A}lemannischen ({S}yn{A}lm): {T}iefenbohrungen in einer {D}ialektlandschaft},
  author={Brandner, Ellen},
  booktitle={Regionale {V}ariation des {D}eutschen: {P}rojekte und {P}erspektiven},
  pages={289--322},
  year={2015},
  address={Berlin},
  publisher={{D}e Gruyter},
  editor={Roland Kehrein and Alfred Lameli and Stefan Rabanus},
  doi={10.1515/9783110363449-014}
}

@book{Braune2018AHD,
  title = {Althochdeutsche {G}rammatik {I}. {L}aut und {F}ormenlehre. \textnormal {{N}eu bearbeitet von {F}rank {H}eidermanns}},
  author = {Wilhelm Braune},
  publisher = {{D}e Gruyter},
  address = {Berlin},
  doi = {doi:10.1515/9783110515114},
  year = {2018},
  edition = {16}
}

@incollection{demske2020grammaticalization,
  title={The grammaticalization of the definite article in {G}erman},
  author={Demske, Ulrike},
  year={2020},
  booktitle={Walking on the Grammaticalization Path of the Definite Article: {F}unctional Main and Side Roads},
  pages={43--73},
  year={2020},
  publisher={John Benjamins},
  address={Amsterdam},
  editor={Szczepaniak, Renata and Flick, Johanna},
  doi={10.1075/silv.23.02dem}
}

@article{eichinger1991ganz,
  title={{Ganz natürlich, aber im Rahmen bleiben: {Z}ur Reihenfolge gestufter Adjektivattribute}},
  author={Eichinger, Ludwig M},
  journal={Deutsche Sprache},
  volume={19},
  number={4},
  pages={312--329},
  year={1991}
}

@book{Fischer1960,
  address = {Zürich},
  author = {Fischer, Ludwig},
  publisher = {Schweizer Spiegel Verlag},
  title = {Luzerndeutsche {Grammatik}: {{{E}}}in Wegweiser zur guten {Mundart}},
  year = {1960}
}

@article{franco2015linkers,
  title={Linkers and agreement},
  author={Franco, Ludovico and Manzini, M. Rita and Savoia, Leonardo M.},
  journal={The Linguistic Review},
  volume={32},
  number={2},
  pages={277--332},
  year={2015},
  doi={10.1515/tlr-2014-0024}
}

@article{Gallmann1996,
	author = {Gallmann, Peter},
	journal = {Linguistische Berichte},
	title = {Die {S}teuerung der {F}lexion in der {DP}},
	year = {1996},
    pages={283--314},
    volume={164}
}

@book{Grimm1822,
	address = {Göttingen},
	author = {Grimm, Jacob},
	publisher = {Dietrich},
	title = {{Deutsche} {Grammatik}},
	year = {1822},
    volume={2}
}

@article{HaberlandHeltoft2008,
	author = {Haberland, Hartmut and Lars Heltoft},
	journal = {Acta Linguistica Hafniensia},
	title = {{Die schwache Adjektivflexion im Dänischen und Deutschen: Eine Fingerübung in diachronischer Typologie}},
	year = {2008},
    volume={40},
    number={1},
    pages={23--43},
    doi={10.1080/03740463.2007.10414617}
}

@book{Harbert2007,
	author = {Harbert, Wayne},
	publisher = {Cambridge University Press},
    address={Cambridge},
	title = {The {Germanic} Languages},
	year = {2007},
    doi={10.1017/CBO9780511755071}
}

@book{helbig2013deutsche,
  title={{Deutsche Grammatik: Ein Handbuch für den Ausländerunterricht}},
  author={Helbig, Gerhard and Buscha, Joachim},
  year={2013},
  publisher={Klett},
  address={Stuttgart}
}

@article{Kester1996,
	author = {Kester, Ellen-Petra},
	title = {Adjectival inflection and the licensing of empty categories in {DP}},
	year = {1996},
    journal = {Journal of Linguistics},
    volume = {32},
    number = {1},
    pages = {57--78},
    doi={10.1017/S0022226700000761}
}

@article{Kester1993,
	author = {Kester, Ellen-Petra},
	title = {The inflectional properties of {Scandinavian} adjectives},
	year = {1993},
    journal = {Studia Linguistica},
    volume={47},
    number={2},
    pages={139--153},
    doi={10.1111/j.1467-9582.1993.tb00843.x}
}

@incollection{klein2007semantischen,
  title={{Von der semantischen zur morphologischen Steuerung}},
  author={Klein, Thomas},
  booktitle={{Beitr{\"a}ge zur Morphologie: Germanisch, Baltisch, Ostseefinnisch}},
  pages={193--225},
  year={2007},
  editor={Fix, Hans},
  address={Odense},
  publisher={University Press of Southern Denmark},
  doi={10.1075/nss.23.06kle}
}

@book{kovari1984studien,
  title={{Studien zum germanischen Artikel: Entstehung und Verwendung des Artikels im Gotischen}},
  author={Kovari, Geoffrey},
  year={1984},
  publisher={Halosar},
  address={Wien}
}

@phdthesis{leben1973suprasegmental,
  title={Suprasegmental phonology.},
  author={Leben, William Ronald},
  year={1973},
  school={MIT}
}

@book{leu2015architecture,
  title={The architecture of determiners},
  author={Leu, Thomas},
  year={2015},
  publisher={Oxford University Press},
  address={Oxford},
  doi={10.1093/acprof:oso/9780199945238.001.0001}
}

@incollection{Lohrmann2011,
	author = {Lohrmann, Susanne},
	editor = {Petra Sleeman and Harry Perridon},
	title = {A unified structure for {Scandinavian} {DP}s},
    booktitle={{The noun phrase in Romance and Germanic: {S}tructure, variation and change}},
	year = {2011},
    pages={111--125},
    address={Amsterdam},
    publisher={John Benjamins},
    doi={10.1075/la.171.08loh}
}

@article{MittmannPlate2019,
	author = {Mittmann, Roland and Ralf Plate},
	title = {{Das Referenzkorpus Altdeutsch als Lesekorpus: Grammatisch annotierte und mit Wörterbüchern verknüpfte Texte für Lehre und Selbststudium}},
	year = {2019},
    journal={Das Mittelalter},
    volume={24},
    number={1},
    pages={173--187}
}

@incollection{MunzbergBildhauer2020,
	author = {Münzberg, Franziska and Felix Bildhauer},
	title = {{Reihenfolge attributiver Adjektive}},
	year = {2020},
    editor={Marek Konopka and Angelika Wöllstein and Ekkehard Felder},
    booktitle={Bausteine einer {K}orpusgrammatik des {D}eutschen},
    volume={1},
    pages={131--156},
    address={Heidelberg},
    publisher={Heidelberg University Publishing},
    doi={10.17885/heiup.bkgd.2020.0.24238}
}

@incollection{neeleman2017syntactic,
  title={Syntactic haplology},
  author={Neeleman, Ad and van de Koot, Hans},
  booktitle={The {W}iley {B}lackwell Companion to Syntax},
  pages={4377--4407},
  year={2017},
  publisher={Wiley Blackwell},
  editor={Martin Everaert and Henk van Riemsdijk},
  address={Oxford},
  doi={10.1002/9780470996591.ch69}
}

@incollection{nevins2012haplological,
  title={Haplological dissimilation at distinct stages of exponence},
  author={Nevins, Andrew},
  booktitle={The morphology and phonology of exponence},
  pages={84--116},
  year={2012},
  publisher={Oxford University Press},
  address={Oxford},
  editor={Trommer,  Jochen},
  doi={10.1093/acprof:oso/9780199573721.003.0003}
}

@incollection{olsen1991deutsche,
  title={{Die deutsche Nominalphrase als ``Determinansphrase''}},
  author={Olsen, Susan},
  booktitle={{DET, COMP und INFL: Zur Syntax funktionaler Kategorien und grammatischer Funktionen}},
  year={1991},
  publisher={Niemeyer},
  address={Tübingen},
  editor = {Susan Olsen and Gisbert Fanselow},
  doi = {10.1515/9783111353838.35},
  pages = {35--56},
}

@book{Osthoff1876,
	address = {Jena},
	author = {Osthoff, Hermann},
	publisher = {Hermann Costenoble},
	title = {{Zur geschichte des schwachen deutschen adjectivums}},
	year = {1876}
}

@incollection{Oubouzar1992,
	address = {Lyon},
	author = {Oubouzar, Erika},
	booktitle = {{Althochdeutsch}: {{S}}yntax und {{Semantik}}: {{A}}kten des {L}yonner {K}olloquiums zur {S}yntax und {{Semantik}} des {Althochdeutsch}en},
	editor = {Yvon Desportes},
	pages = {69--87},
	publisher = {Université Jean Moulin},
	title = {{Zur Ausbildung des bestimmten Artikels im Althochdeutschen}},
	volume = {3},
	year = {1992}
}

@article{Peter2013,
	author = {Peter, Klaus},
	journal = {Jahrbuch für Germanistische Sprachgeschichte},
	number = {1},
	pages = {186--204},
	title = {{Steuerungsfaktoren für Parallel-und Wechselflexion in Adjektivreihungen}},
	volume = {4},
	year = {2013},
    doi={10.1515/jbgsg-2013-0012}
}

@book{Presslich2000,
	address = {Frankfurt am Main},
	author = {Presslich, Marion},
	publisher = {Lang},
	title = {Partitivität und {I}ndefinitheit: {{D}}ie {Entstehung} und {Entwicklung} des indefiniten {A}rtikels in den germanischen und romanischen {Sprachen} am {Beispiel} des {Deutschen}, {N}iederländischen, {F}ranzösischen und {I}talienischen},
	year = {2000}
}

@incollection{Rehn2017,
	address = {Stuttgart},
	author = {Rehn, Alexandra},
	booktitle = {{Räume, Grenzen, Übergänge: Akten des 5. Kongress der Internationalen Gesellschaft für Dialektologie des Deutschen (IGDD)}},
	editor = {Helen Christen and Peter Gilles and Christoph Purschke},
	pages = {305--324},
	publisher = {Franz Steiner},
	title = {{Zur Steuerung der Adjektivflexion im Alemannischen und Standarddeutschen}},
	year = {2017}
}

@incollection{Rehn2021,
	address = {Amsterdam},
	author = {Rehn, Alexandra},
	booktitle = {Lost in Change: {{C}}auses and processes in the loss of grammatical elements and constructions},
	editor = {Svenja Kranich and Tine Breban},
	pages = {161--198},
	publisher = {John Benjamins},
	title = {Loss or variation? {{F}}unctional load in morpho-syntax: {T}hree case studies},
	year = {2021},
    doi={10.1075/slcs.218.06reh}
}

@book{richards2010uttering,
  title={Uttering trees},
  author={Richards, Norvin},
  year={2010},
  publisher={MIT Press},
  address={Cambridge, MA},
  doi={10.7551/mitpress/9780262013765.001.0001}
}

@phdthesis{roehrs2006morpho,
  title={The morpho-syntax of the {G}ermanic noun phrase: {D}eterminers move into the determiner phrase},
  author={Roehrs, Dorian},
  year={2006},
  school={Indiana University},
  address={Bloomington, IN}
}

@article{Roehrs2009,
	author = {Roehrs, Dorian},
	journal = {Interdisciplinary Journal for Germanic Linguistics and Semiotic Analysis},
	title = {Inflectional parallelism with {German} adjectives},
	year = {2009},
    volume={14},
    number={2},
    pages={289--326}
}

@article{roehrs2015inflections,
  title={Inflections on pre-nominal adjectives in {G}ermanic: {M}ain types, subtypes, and subset relations},
  author={Roehrs, Dorian},
  journal={The Journal of Comparative Germanic Linguistics},
  volume={18},
  number={3},
  pages={213--271},
  year={2015},
  doi={10.1007/s10828-015-9076-z}
}

@article{roehrs2019left,
  title={The left periphery of the {G}erman noun phrase},
  author={Roehrs, Dorian},
  journal={Studia Linguistica},
  volume={74},
  number={1},
  pages={98--138},
  year={2019},
  publisher={Wiley Online Library},
  doi={10.1111/stul.12118}
}

@incollection{RoehrsJulien2014adjectives,
  title={{Adjectives in German and Norwegian: Differences in weak and strong inflections}},
  author={Roehrs, Dorian and Julien, Marit},
  booktitle={Adjectives in {G}ermanic and {R}omance},
  pages={245--262},
  year={2014},
  publisher={John Benjamins},
  address={Amsterdam},
  editor={Petra Sleeman and Freek van de Velde and Harry Perridon},
  doi={10.1075/la.212.10roe}
}

@article{Rowley1991,
	author = {Rowley, Anthony R.},
	journal = {Zeitschrift für Dialektologie und Linguistik},
	number = {1},
	pages = {1--23},
	title = {{Die Adjektivflexion der Dialekte Nordostbayerns: Morphologische Staffelung in einem ostfränkisch-bairischen Kontaminationsraum}},
	volume = {58},
	year = {1991}
}

@article{Sahel2022,
	author = {Sahel, Said},
	journal = {Beiträge zur Geschichte der deutschen Sprache und Literatur},
	number = {1},
	pages = {1--44},
	title = {Entwicklung und {D}urchsetzung der {M}onoflexion im 18. {J}ahrhundert},
	volume = {144},
	year = {2022},
    doi={10.1515/zgl-2021-2019}
}

@article{Sahel2021,
	author = {Sahel, Said},
	journal = {Zeitschrift für germanistische Linguistik},
	number = {1},
	pages = {3--32},
	title = {{Parallel- vs.~Wechselflexion im \textsc{dat sg mask/neutr}: Ein Erklärungsansatz zur Persistenz der Variation}},
	volume = {49},
	year = {2021},
    doi={10.1515/zgl-2021-2019}
}

@book{Schirmunski1962,
	address = {Berlin},
	author = {Schirmunski, Viktor M.},
	publisher = {Akademie-Verlag},
	title = {{Deutsche} {Mundartkunde} ({Vergleichende} {Laut}- und {Formenlehre} der deutschen {Mundarten})},
	year = {1962}
}

@incollection{Scott2002,
	author = {Scott, Gary-John},
	booktitle = {Functional structure in {DP} and {IP}: {T}he cartography of syntactic structures},
	pages = {91--120},
	title = {Stacked adjectival modification and the structure of nominal phrases},
	volume = {1},
	year = {2002},
    address={Oxford},
    publisher={Oxford University Press},
    editor={Guglielmo Cinque}
}

@book{SolmsWegera1991,
	address = {Heidelberg},
	author = {Solms, Hans-Joachim and Klaus-Peter Wegera},
	publisher = {Winter},
	title = {{Grammatik} des {Frühneuhochdeutschen}, vol. {VI} ({B}eiträge zur {L}aut- und {F}ormenlehre. {F}lexion der {A}djektive)},
	year = {1991}
}

@incollection{SproatShih1987,
	address = {Amherst, MA},
	author = {Sproat, Richard and Chilin Shih},
	booktitle = {Proceedings of {NELS} 18},
	editor = {James Blevins and Julie Carter},
	pages = {465--489},
	publisher = {GLSA},
	title = {Prenominal adjectival ordering in {English} and {Mandarin}},
	year = {1987}
}

@phdthesis{Staedele1927,
	author = {Staedele, Alfons},
	school = {Albert-Ludwigs- Universität zu Freiburg im Breisgau},
	title = {Syntax der {M}undart von {S}tahringen},
	year = {1927},
    address={Lahr}
}

@incollection{Wiesinger1983,
	address = {Berlin},
	author = {Wiesinger, Peter},
	booktitle = {{Dialektologie}: {{{E}}}in {Handbuch} zur deutschen und allgemeinen {D}ialektforschung},
	editor = {Werner Besch and Ulrich Knoop and Wolfgang Putschke and Herbert Ernst Wiegand},
	pages = {807--900},
	publisher = {{D}e Gruyter},
	title = {Die {Einteilung} der deutschen {Dialekte}},
	volume = {2},
	year = {1983}
}

@book{ZifonunStrecker1997,
	address = {Berlin},
	author = {Zifonun, Gisela and Ludger Hoffmann and Bruno Strecker},
	publisher = {{D}e Gruyter},
	title = {{Grammatik} der deutschen {Sprache}},
	year = {1997},
    volume={3},
    doi={10.1515/9783110872163}
}


%Chapter 5 refs end here
%%%%%%%%%%%%%%%%%%%%%%%%%%%%%%


%%%%%%%%%%%%%%% chapter 1 references

@Article{borin-etal:2013,
  author =	 {Borin, Lars and Forsberg, Markus and Lönngren,
                  Lennart},
  title =	 {{SALDO}: {A} touch of yin to {W}ord{N}et’s yang},
  journal =	 {Language Resources and Evaluation},
  year =	 2013,
  volume =	 47,
  number =	 4,
  pages =	 {1191--1211},
  doi =		 {10.1007/s10579-013-9233-4}
}




@InProceedings{cwb,
  author =	 {Evert, Stefan and Hardie, Andrew},
  year =	 2011,
  title =	 {Twenty-first century {C}orpus {W}orkbench: {U}pdating
                  a query architecture for the new millennium},
  booktitle =	 {Proceedings of the {C}orpus {L}inguistics 2011
                  conference},
  publisher =	 {University of Birmingham},
}

@incollection{dannells-etal:2021,
  author =	 "Dannélls, Dana and Borin, Lars and Forsberg, Markus
                  and Friberg Heppin, Karin and Gronostaj, Maria
                  Toporowska",
  title =	 "{S}wedish {F}rame{N}et",
  booktitle =	 "The {S}wedish {F}rame{N}et++",
  publisher =	 "John Benjamins",
  year =	 2021,
  pages =	 "37-66",
  doi =  "10.1075/nlp.14"
}

@Article{eckhoff-etal:2018,
  author =	 {Hanne Eckhoff and Kristin Bech and Gerlof Bouma and
                  Kristine Eide and Dag Haug and Haugen, Odd Einar and
                  Marius Jøhndal },
  title =	 {The {PROIEL} treebank family: {A} standard for early
                  attestations of {I}ndo-{E}uropean languages},
  journal =	 {Language Resources and Evaluation},
  year =	 2018,
  volume =	 52,
  pages =	 {26--65},
  doi =		 {10.1007/s10579-017-9388-5}
}

@InProceedings{haug-johndal:2008,
  author =	 {Dag Haug and Marius Jøhndal},
  title =	 {Creating a Parallel Treebank of the Old
                  {I}ndo-{E}uropean {B}ible Translations},
  booktitle =	 {Proceedings of the {S}econd {W}orkshop on {L}anguage
                  {T}echnology for {C}ultural {H}eritage {D}ata ({L}a{T}e{CH} 2008)},
  year =	 2008,
  editor =	 { Caroline Sporleder and Kiril Ribarov},
  pages =	 {27--34}
}

@InProceedings{karp,
  author =	 {Lars Borin and Markus Forsberg and Leif-Jöran Olsson
                  and Jonatan Uppström},
  title =	 {The open lexical infrastructure of {S}pråkbanken},
  booktitle =	 {Proceedings of the {E}ighth {I}nternational {Co}nference on
                  {L}anguage {R}esources and {E}valuation ({LREC}'12)},
  year =	 2012,
  month =	 {5},
  day =	 {23--25},
  address =	 {Istanbul, Turkey},
  editor =	 {Nicoletta Calzolari and Khalid Choukri and Thierry
                  Declerck and Mehmet Uğur Doğan and Bente Maegaard
                  and Joseph Mariani and Asuncion Moreno and Jan Odijk
                  and Stelios Piperidis},
  publisher =	 {European Language Resources Association (ELRA)},
  url =
                  {http://lrec-conf.org/proceedings/lrec2012/pdf/249_Paper.pdf},
  pages =	 {3598--3602}
}

@InProceedings{korp,
  author =	 {Lars Borin and Markus Forsberg and Johan Roxendal},
  title =	 {Korp: {The} corpus infrastructure of {S}pråkbanken},
  booktitle =	 {Proceedings of the {E}ighth {I}nternational {Co}nference on
                  {L}anguage {R}esources and {E}valuation ({LREC}'12)},
  year =	 2012,
  month =	 {5},
  day =	 {23--25},
  address =	 {Istanbul, Turkey},
  editor =	 {Nicoletta Calzolari and Khalid Choukri and Thierry
                  Declerck and Mehmet Uğur Doğan and Bente Maegaard
                  and Joseph Mariani and Asuncion Moreno and Jan Odijk
                  and Stelios Piperidis},
  publisher =	 {European Language Resources Association (ELRA)},
  url =
                  {http://lrec-conf.org/proceedings/lrec2012/summaries/248.html},
  pages =	 {474--487}
}

@incollection{lyngfelt-etal:2018,
  author =	 "Lyngfelt, Benjamin and Bäckström, Linnéa and Borin,
                  Lars and Ehrlemark, Anna and Rydstedt, Rudolf",
  editor =	 "Lyngfelt, Benjamin and Bäckström, Linnéa and Borin,
                  Lars and Ehrlemark, Anna and Rydstedt, Rudolf",
  title =	 "{C}onstructicography at work: {T}heory meets
                  practice in the {S}wedish constructicon",
  booktitle =	 "Constructicography",
  publisher =	 "John Benjamins",
  year =	 2018,
  pages =	 "41-106",
  doi = "10.1075/cal.22"
}

@Article{marcus-etal:1993,
  author =	 {Marcus, Mitchell and Beatrice Santorini and Mary
                  Ann Marcinkiewicz},
  title =	 {Building a large annotated corpus of {E}nglish: {T}he
                  {P}enn {T}reebank},
  journal =	 {Computational Linguistics},
  year =	 1993,
  volume =	 19,
  number =	 2,
  pages =	 {313--330}
}

@InProceedings{rognvaldsson-etal:2012,
  author =	 {Eiríkur Rögnvaldsson and Anton Karl Ingason and
                  Einar Freyr Sigurðsson and Joel Wallenberg},
  title =	 {The {I}celandic Parsed Historical Corpus
                  ({IcePaHC})},
  booktitle =	 {Proceedings of the {E}ighth {I}nternational {Co}nference on
                  {L}anguage {R}esources and {E}valuation ({LREC}'12)},
  year =	 2012,
  month =	 {5},
  day =	 {23--25},
  address =	 {Istanbul, Turkey},
  editor =	 {Nicoletta Calzolari and Khalid Choukri and Thierry
                  Declerck and Mehmet Uğur Doğan and Bente Maegaard
                  and Joseph Mariani and Asuncion Moreno and Jan Odijk
                  and Stelios Piperidis},
  publisher =	 {European Language Resources Association (ELRA)},
  url =
                  {http://www.lrec-conf.org/proceedings/lrec2012/pdf/440_Paper.pdf},
}


@techreport{stts,
  author =	 {Anne Schiller and Simone Teufel and Christine
                  Stöckert and Christine Thielen},
  title =	 {Guidelines für das {T}agging deutscher {T}extcorpora mit
                  {STTS}},
  institution =	 {Institut für maschinelle Sprachverarbeitung,
                  Universität Stüttgart / Seminar für
                  Sprachwissenschaft, Universität Tübingen},
  year =	 1999,
}

@InCollection{taylor:2003,
  author =	 "Taylor, Ann and Marcus, Mitchell and Santorini,
                  Beatrice",
  editor =	 "Abeill{\'e}, Anne",
  title =	 "The {P}enn {T}reebank: {A}n Overview",
  bookTitle =	 "Treebanks: {B}uilding and Using Parsed Corpora",
  year =	 2003,
  publisher =	 "Springer Netherlands",
  address =	 "Dordrecht",
  pages =	 "5--22",
  abstract =	 "The Penn Treebank, in its eight years of operation
                  (1989--1996), produced approximately 7 million words
                  of part-of-speech tagged text, 3 million words of
                  skeletally parsed text, over 2 million words of text
                  parsed for predicateargument structure, and 1.6
                  million words of transcribed spoken text annotated
                  for speech disfluencies. This paper describes the
                  design of the three annotation schemes used by the
                  Treebank: POS tagging, syntactic bracketing, and
                  disfluency annotation and the methodology employed
                  in production. All available Penn Treebank materials
                  are distributed by the Linguistic Data Consortium
                  http://www.ldc.upenn.edu.",
  doi =		 "10.1007/978-94-010-0201-1_1",
}


@inbook{baroni:2009,
doi = {10.1515/9783110213881.2.803},
title = {{D}istributions in text},
booktitle = {Volume 2},
chapter = 37,
booktitle = {{C}orpus linguistics: {A}n international handbook},
author = {Marco Baroni},
editor = {Anke Lüdeling and Merja Kytö},
publisher = {De Gruyter Mouton},
address = {Berlin, New York},
pages = {803--822},
isbn = {9783110213881},
year = {2009},
lastchecked = {2023-07-07}
}


@Book{soderwall,
  author = {Knut Fredrik Söderwall},
  title =       {Ordbok öfver svenska medeltids-språket. [{D}ictionary of medieval {S}wedish], \textnormal{vols {I}, {II:1}, and {II:2}}},
  address =     "Lund, Sweden",
  date =        "1884/1918",
}
