@book{langsci-current-book, editor = {Adam J.R. Tallman and Sandra Auderset and Hiroto Uchihara}, title = {{Constituency and convergence in the Americas}}, year = {2024}, series = {Topics in Phonological Diversity}, number = {1}, location = {Berlin}, publisher = {Language Science Press}, options = {dataonly=true} } 
