% Encoding: UTF-8

@unpublished{tallman2023phonology/phonetics,
	author = {Tallman, Adam J. R.},
	note = {Seminar for LACITO (CNRS, Paris) 14th of February 2023},
	title = {The phonology/phonetics of tone sandhi in {Chácobo} from morph to utterance (talk)},
	year = {2023}
}

@unpublished{tallman2022body,
	author = {Tallman, Adam J. R. and Grossman, Eitan},
	note = {SSILA presentation, 21 January 2022},
	title = {Body-part incorporation in {Chácobo} and {Araona}: {P}hrasal movement, root merger, or none of the above?},
	year = {2022}
}

@misc{eppsobertstorto2013daw,
    author = {Epps, {P}atience and Obert, Karolin and Storto, Luciana},
    title = {Daw Collection},
    publisher = {Archive of the Indigenous Lanugages of Latin America},
    year = {2013+},
    url = {http://ailla.utexas.org}
}


@unpublished{relationality-1,
	author = {Andrés Pablo Salanova and Andrey Nikulin},
	note = {Manuscript submitted to {\em IJAL}},
	title = {A typology of relationalizing and absolutizing morphology in {L}owland {S}outh {A}merican languages},
	pubstate = {in press}
}

@unpublished{poolaw:up,
	author = {Poolaw, Dane (Gáuidòñmàutèmk'{\`\i})},
	note = {unpublished, Version E},
	title = {{Kiowa} Language Student Glossary}
}

@unpublished{nakamoto18,
	author = {Nakamoto, Shun},
	note = {Presentation at Sound Systems of Latin America III, University of Massachusetts at Amherst. Oct.~19-21.},
	title = {Tone and tonal processes in {C}hiquihuitl\'{a}n {M}azatec.},
	year = {2018}
}

@unpublished{kaufman1988otomanguean,
	author = {Kaufman, Terrence},
	note = {unpublished monograph},
	title = {{Otomanguean} tense/aspect/mood, voice, and nominalization markers},
	year = {1988}
}

@unpublished{ambrociogrammar,
	author = {Gutiérrez, Ambrocio and Hiroto Uchihara},
	publisher = {Mouton de Gruyter},
	title = {A grammar of {T}eotitlán del {V}alle {Z}apotec}
}

@unpublished{Moore1980,
	author = {Moore, Barbara and Franklin, Gail L.},
	title = {Verbal and nominal inflection in {Hupda} {{Mak}}ú},
	type = {Unpublished anuscript},
	url = {https://www.sil.org/resources/archives/79953},
	year = {1980}
}

@unpublished{Kaufman1989,
	author = {Kaufman, Terrence},
	title = {The phonology and morphology of {{Zapotec}} verbs},
	year = {1989},
	url = {https://islandora-ailla.lib.utexas.edu/es/islandora/object/ailla%3A247379}
}

@unpublished{Guillaume2016,
	author = {Guillaume, Antoine},
	booktitle = {Atelier Morphosyntaxe ``Valeurs épistémiques''},
	note = {Laboratoire DDL, Lyon, 21 octobre 2016},
	title = {A preliminary investigation of epistemic particles in {{Tacana}} (Takanan family, {{Amazonian}} {{Bolivia}})},
	year = {2016}
}

@thesis{lemus2016,
	author = {Lemus Serrano, Magdalena},
	institution = {Université Lumière Lyon 2},
	title = {Observations sociolinguistiques et description phonologique du yukuna : {Langue} arawak de l'{Amazonie} colombienne},
	type = {Mémoire de {Master} 2},
	year = {2016}
}

@misc{INDEC2012,
	author = {Instituto Nacional de Estadística y Censo, Argentina},
	title = {Encuesta Complementaria de Pueblos Indígenas ({ECPI})},
	year = {2012},
}

@misc{INDEC2005,
	author = {Instituto Nacional de Estadística y Censo, Argentina},
	title = {Encuesta Complementaria de Pueblos Indígenas ({ECPI})},
	year = {2005},
}

@misc{DGEEC2012,
	address = {Asunción},
	author = {Dirección General de Estadísticas, Encuestas y Censos},
	title = {{III}er Censo Nacional de Población y Viviendas para Pueblos Indígenas. {{R}}esultados Finales},
	year = {2012}
}

@phdthesis{zingler2020wordhood,
	author = {Zingler, Tim},
	school = {The University of New Mexico},
	title = {Wordhood isses: {T}ypology and Grammaticalization},
	year = {2020}
}

@phdthesis{werle2009word,
	author = {Werle, Adam},
	school = {University of Massachusetts Amherst},
	title = {Word, Phrase, and Clitic Prosody in {Bosnian}, {Serbian}, and {Croatian}},
	year = {2009}
}

@phdthesis{vuillermet:phd2012,
	address = {Lyon},
	author = {Marine Vuillermet},
	publisher = {Lyon},
	title = {A Grammar of {{Ese}} Ejja, a Takanan language of the Bolivian Amazon},
	year = {2012}
}

@phdthesis{vanderkerke:1996,
	address = {Amsterdam},
	author = {van der Kerke, Simon},
	school = {University of Amsterdam},
	title = {Affix order and interpretation},
	year = {1996}
}

@phdthesis{valenzuela:phd,
	ids = {valenzuela2003transitivity},
	author = {Pilar M. Valenzuela},
	school = {University of Oregon},
	title = {Transitivity in {S}hipibo-{K}onibo in {G}rammar},
	year = {2003}
}


@phdthesis{trager:1960,
	author = {Trager, Edith Crowell},
	school = {University of Pennsylvania},
	title = {The {{{Kiowa}}} Language: {A} Grammatical Study},
	year = {1960}
}

@phdthesis{tallman2018grammar,
	author = {Tallman, Adam J. R.},
	school = {University of Texas at Austin},
	title = {A Grammar of {C}hácobo, a southern {P}ano language of the northern {B}olivian {A}mazon},
	year = {2018}
}

@phdthesis{sutton:2014,
	address = {Albuquerque},
	author = {Sutton, Logan},
	school = {University of New Mexico},
	title = {{Kiowa}-{T}anoan: {A} Synchronic and Diachronic Study},
	year = {2014}
}

@phdthesis{souza2020switch,
	address = {New Jersey},
	author = {de Souza, Livia de Camargo Silva Tavares},
	school = {Rutgers, The State University of New Jersey},
	title = {Switch-Reference as Anaphora: {{A}} Modular Account},
	year = {2020}
}

@phdthesis{schiering2006cliticization,
	author = {Schiering, René},
	school = {Universität Konstanz},
	title = {Cliticization and the Evolution of Morphology: {{A}} Cross-lilnguistic Study on Phonology in Grammaticalization},
	year = {2006}
}

@phdthesis{salanova:phd,
	author = {Andrés Pablo Salanova},
	school = {Massachusetts Institute of Technology},
	title = {Nominalizations and aspect},
	year = {2007}
}

@phdthesis{phillips1996orderb,
	address = {Cambridge Massachusetts},
	author = {Phillips, Colin},
	school = {MIT},
	title = {Order and Structure},
	year = {1996}
}

@phdthesis{penner2019prosodic,
	address = {Edmonton},
	author = {Penner, Kevin},
	school = {University of Alberta},
	title = {Prosodic structure in {{Ixtayutla Mixtec}}: {{E}}vidence for the foot},
	year = {2019}
}

@phdthesis{oliveira:phd,
	author = {Christiane Cunha de Oliveira},
	school = {University of Oregon},
	title = {The language of the {A}pinajé people of {C}entral {B}razil},
	year = {2005}
}

@phdthesis{nonato:phd,
	author = {Rafael Nonato},
	school = {Massachusetts Institute of Technology},
	title = {Clause chaining, switch reference, and coordination},
	year = {2014}
}

@phdthesis{nikulin:phd,
	author = {Andrey Nikulin},
	school = {Universidade de Brasília},
	title = {Proto-{M}acro-{J}ê: {{U}}m estudo reconstrutivo},
	year = {2020}
}

@phdthesis{neely2019linguistic,
	address = {Berkeley},
	author = {Neely, Kelsey},
	school = {University of California, Berkeley},
	title = {The Linguistic Expression of Affective Stance in Yaminawa (Pano, {Peru})},
	year = {2019}
}

@phdthesis{lemus2020,
	author = {Lemus Serrano, Magdalena},
	school = {Université Lumière Lyon 2},
	title = {Pervasive nominalization in {Yukuna}, an {{Arawak}} language of {{Colombian}} {Amazonia}},
	type = {Ph.{D}. dissertation},
	year = {2020}
}

@phdthesis{josserand1983mixtec,
	address = {New Orleans},
	author = {Josserand, J. Kathryn},
	school = {Tulane University},
	title = {{{Mixtec}} dialect history},
	year = {1983}
}

@phdthesis{garellek:2013,
	address = {Los Angeles},
	author = {Marc Garellek},
	publisher = {University of California, Los Angeles},
	title = {Production and perception of glottal stops},
	year = {2013}
}

@phdthesis{fontaine2001,
	author = {Fontaine, Laurent},
	url     = {https://tel.archives-ouvertes.fr/tel-00596637/document},
	school = {Université de la Sorbonne nouvelle - Paris III},
	title = {Paroles d'échange et règles sociales chez les {{{Indiens}}} yucuna d'{Amazonie} colombienne},
	type = {Thèse de doctorat},
	urldate = {2014-12-30},
	year = {2001}
}

@phdthesis{fleck2003grammar,
	author = {Fleck, David},
	school = {Rice University},
	title = {A Grammar of Matses},
	year = {2003}
}

@phdthesis{emkow:2006:araona,
	address = {Melbourne},
	author = {Carola Emkow},
	school = {LaTrobe University},
	title = {A Grammar of {A}raona, an {A}mazonian language of {N}orthwestern {B}olivia},
	year = {2006}
}

@phdthesis{dunn_grammar_1999,
	address = {Canberra},
	author = {Dunn, Michael John},
	school = {Australian National University},
	title = {A grammar of {Chukchi}},
	url = {https://openresearch-repository.anu.edu.au/handle/1885/10769},
	urldate = {2023-04-20},
	year = {1999}
}

@phdthesis{dobashi2003,
	author = {Dobashi, Yoshihito},
	school = {Cornell University},
	title = {Phonological phrasing and syntactic derivation},
	year = {2003}
}

@phdthesis{camachorios2022verbal,
	address = {Austin},
	author = {Camacho-Rios, Gladys},
	school = {University of Texas at Austin},
	title = {Verbal complexity in {South} {Bolivian} {Quechua}: {{I}}nsights from the speech of monolingual elders},
	year = {2022}
}

@phdthesis{ahn2015,
	author = {Ahn, Byron},
	school = {UCLA},
	title = {Giving Reflexivity a Voice: {{T}}win Reflexives in {{{E}}}nglish},
	year = {2015}
}

@phdthesis{Woodbury1981,
	address = {Berkeley},
	author = {Woodbury, Anthony C.},
	school = {University of California at Berkeley},
	title = {Study of the {Chevak} dialect of {{Central}} {Yup}'ik {{Eskimo}}},
	type = {Doctoral Dissertation},
	year = {1981}
}

@phdthesis{Uchihara2013,
	author = {Uchihara, Hiroto},
	pages = {441},
	school = {State University of New York at Buffalo},
	title = {Tone and accent in {{Oklahoma}} {C}herokee},
	year = {2013}
}

@phdthesis{Scancarelli1987,
	address = {Los Angeles},
	author = {Scancarelli, Janine},
	publisher = {University of California},
	school = {University of California, Los Angeles},
	title = {Grammatical relations and verb agreement in {C}herokee},
	year = {1987}
}

@phdthesis{Sande:2017,
	author = {Sande, Hannah},
	school = {University of California, Berkeley},
	title = {Distributing morphologically conditioned phonology: {{T}}hree case studies from {{{Gu}}\'ebie}},
	year = {2017}
}

@phdthesis{Paster:2006,
	author = {Paster, Mary},
	school = {UC Berkeley},
	title = {Phonological conditions on affixation},
	year = {2006}
}

@phdthesis{Pak:2008,
	author = {Pak, Marjorie},
	school = {University of Pennsylvania},
	title = {The postsyntactic derivation and its phonological reflexes},
	year = {2008}
}

@phdthesis{Orgun:1996,
	author = {Orgun, Cemil Orhan},
	school = {University of California, Berkeley},
	title = {Sign-based morphology and phonology with special attention to Optimality Theory},
	year = {1996}
}

@phdthesis{Montgomery-Anderson2008,
	address = {Lawrence},
	author = {Montgomery-Anderson, Brad},
	school = {University of Kansas},
	title = {A Reference Grammar of {{Oklahoma}} {C}herokee},
	year = {2008}
}

@PhdThesis{miller2018phonology,
  author = {Miller, Taylor L.},
  title  = {The phonology-syntax interface and polysynthesis: {A} study of {Kiowa} and {Saulteaux} {Ojibwe}},
  school = {University of Delaware},
  year   = {2018},
  ids    = {Miller:2018},
}

@phdthesis{McKenzie:2012,
	author = {McKenzie, Andrew},
	school = {University of Massachusetts Amherst},
	title = {The role of contextual restriction in reference-tracking},
	year = {2012}
}

@phdthesis{Lindsey1985,
	address = {Los Angeles},
	author = {Lindsey, Geoffrey},
	school = {University of California, Los Angeles},
	title = {Intonation and interrogation: {T}onal structure and the expression of a pragmatic function in {{English}} and other languages},
	year = {1985}
}

@phdthesis{Lee1999,
	author = {Lee, Felicia},
	school = {University of California, Los Angeles},
	title = {Antisymmetry and the syntax of {{San}} {Lucas} {Quiaviní} {{Zapotec}}},
	year = {1999}
}

@phdthesis{Juarezb,
	author = {Juárez, Cristian R.},
	school = {The University of Texas},
	title = {A typology of valence alternations in {{Northern} Chaco Mocoví}},
	year = {2022}
}

@phdthesis{Gutierrez2015,
	address = {Vancouver},
	author = {Gutiérrez, Analía},
	school = {University of British Columbia},
	title = {Segmental and prosodic complexity in Nivaĉle: {{L}}aryngeals, laterals, and metathesis},
	year = {2015}
}

@phdthesis{Gualdieri1998,
	author = {Gualdieri, Beatriz},
	school = {Universidade Estadual de Campinas},
	title = {Mocovi (guaicuru): {F}onologia e morfossintaxe},
	year = {1998}
}

@phdthesis{Grondona1998,
	author = {Grondona, Verónica},
	doi = {10.16953/deusbed.74839},
	isbn = {0612699625},
	pmid = {18605031},
	school = {University of Pittsburgh},
	title = {A grammar of Mocovi},
	year = {1998}
}

@phdthesis{Cook1979,
	author = {William H. Cook},
	school = {New Haven: Yale University},
	title = {A Grammar of {{North}} {C}arolina {C}herokee},
	year = {1979}
}

@phdthesis{Chavez-Peon2010,
	author = {Chávez-Peón, Mario E.},
	school = {The University of British Columbia},
	title = {The interaction of metrical structure, tone and phonation types in {Q}uiaviní {{Zapotec}}},
	sortname = {Chavez-Peon, Mario E.},
	year = {2010}
}

@phdthesis{Carrio2009,
	author = {Carrió, Cintia},
	publisher = {Universidad Nacional de Córdoba},
	school = {Universidad Nacional de Córdoba},
	title = {Mirada generativa a la lengua mocoví (familia guaycurú )},
	year = {2009}
}

@phdthesis{Beam-de-Azcona2004,
	author = {Beam de Azcona, Rosemary},
	school = {University of California, Berkeley},
	title = {A {C}oatlán-{L}oxicha {{Zapotec}} Grammar},
	year = {2004}
}

@misc{tallmanaraonadocumentation:2021,
	author = {Adam J. R. Tallman},
	journal = {Endangered Languages Archive at SOAS University of London},
	title = {An ethnographically based linguistic documentation of {Araona}: {A} Takanan language of {{Bolivia}}},
	url = {https://elar.soas.ac.uk/Collection/MPI1207738},
	year = {2021}
}

@misc{miller:2019,
	author = {Miller, Taylor L. and Neely, Amber A},
	note = {Accessed:},
	title = {The {Kiowa} Dictionary},
	url = {https://www.kiowadictionary.com},
	urldate = {2021-11-16},
	year = {2019}
}

@misc{dryer2013wals,
	address = {Leipzig},
	author = {Dryer, Matthew S. and Haspelmath, Martin},
	booktitle = {{{WALS}} Online},
	editor = {Dryer, Matthew S. and Haspelmath, Martin},
	howpublished = {\url{http://wals.info/}},
	publisher = {Max Planck Institute for Evolutionary Anthropology},
	title = {{{WALS}} Online},
	year = {2013}
}

@misc{dobashi2004restructuring,
	author = {Dobashi, Yoshihito},
	howpublished = {Manuscript},
	publisher = {Kitami Institute of Technology},
	title = {Restructuring of phonological phrases in {{{Japanese}}} and syntactic derivation},
	year = {2004}
}

@misc{compton2007,
	address = {Anaheim},
	author = {Compton, Richard and Pittman, Christine},
	howpublished = {The 81st {Annual Meeting of the Linguistics Society of {America}}},
	title = {Affixation by phase: {Inuktitut} word-formation},
	year = {2007}
}

@misc{bickel_diversity_2005,
	author = {Bickel, Balthasar and Hildebrandt, Kristine A.},
	month = apr,   address = {University of Konstanz},
	title = {Diversity in phonological domains: {Beyond} the clitic group},
	year = {2005}
}

@misc{bickel_balthasar_autotyp_2017,
	author = {Bickel, Balthasar and Nichols, Johanna and Zakharko, Taras and Witzlack-Makarevich, Alena and Hildebrandt, Kristine A. and Rießler, Michael and Bierkandt, Lennart and Zúñiga, Fernando and Lowe, John B.},
	month = may,
	doi       = {10.5281/ZENODO.3667562},
	title = {The {{AUTOTYP}} database},
	url = {https://github.com/autotyp/autotyp-data/tree/0.1.0},
	urldate = {2023-04-20},
	year = {2017}
}

@misc{bickel2017autotyp,
	author = {Bickel, Balthasar and Nichols, Johanna and Zakharko, Taras and Witzlack-Makarevich, Alena and Hildebrandt, Kristine A. and Riessler, Michael and Bierkandt, Lennart and Zúñiga, Fernando and Lowe, John B.},
	howpublished = {\url{https://github.com/autotyp/autotyp-data/tree/0.1.0}},
	title = {The {{AUTOTYP}} typological databases. {{V}}ersion 0.1.0},
	year = {2017}
}

@misc{auderset2022documenting,
	author = {Auderset, Sandra and Hernández Martínez, Carmen},
	howpublished = {Endangered Languages Archive},
	institution = {University of Texas at Austin},
	title = {Documenting {Tù'un} {{Na}} {Ñuu} {Sá} {Matxí} {Ntxè'è}, a {{Mixtec}} language of {{Oaxaca}}, {{Mexico}}},
	url = {http://hdl.handle.net/2196/f3856126-2e8b-4e98-8709-3b6f0e09f639},
	year = {2022}
}

@misc{auderset2021revisiting,
	address = {National and Kapodistrian University of Athens (online)},
	author = {Auderset, Sandra and Tallman, Adam J. R. and Hernández Martínez, Carmen},
	howpublished = {Talk presented at the 54\textsuperscript{th} Annual Meeting of the Societas Linguistica Europaea},
	month = {8},
	title = {Revisiting clitic phenomena in {{Mixtec}}},
	year = {2021}
}

@misc{auderset2019hacia,
	author = {Auderset, Sandra and Hernández Martínez, Carmen},
	howpublished = {Talk presented at the 9th Conference on Indigenous Languages of Latin America},
	institution = {University of Texas at Austin},
	month = {10},
	title = {Hacía un análisis de la flexión verbal en el Tù'un {{Na}} Ñuu Sá Matxí Ntxè'è (Mixteco de {{San}} {Martín} {Duraznos})},
	year = {2019}
}

@book{Tallman2020b,
	address = {Lyon},
	publisher = {DDL},
	author = {Tallman, Adam J. R.},
	title = {Word constituents and the morphology-syntax distinction: {D}escriptive and typological perspectives},
	year = {2020}
}

@misc{Tallman2019Talk,
	author = {Tallman, Adam J. R. and Campbell, Eric W. and Uchihara, Hiroto and Gutiérrez, Ambrocio and Wylie, Dennis and Adell, Eric and Bermudez, Tulio and Camacho Rios, Gladys and Carol, Javier J. and Epps, Patience and Everdell, Michael and Juárez, Cristian R. and De Reuse, Willem and Neely, Kelsey and Salanova, Andrés and Woodbury, Anthony C. and Lemus Serrano, Magdalena and Bertet, Denis},
	howpublished = {13th Conference of the Association for Linguistic Typology, University of Pavia, Italy, Sep. 4--6.},
	title = {A new typology of constituency and convergence},
	year = {2019}
}

@incollection{Szczegielniak2018,
	author = {Adam Szczegielniak},
	booktitle = {Oxford Bibliographies},
	title = {Ellipsis},
	doi = {10.1093/obo/9780199772810-0218},
	year = {2018},
	publisher = {Oxford University Press},
	address = {Oxford}
}

@Misc{Selkirk1982,
  author    = {Selkirk, Elisabeth O.},
  title     = {The syllable},
  year      = {1982},
  address   = {Dordrecht},
  booktitle = {The structure of phonological representations, Part {{II}}},
  editor    = {Harry van der Hulst and Norval Smith},
  pages     = {337--383},
  publisher = {Foris Publications},
}

@misc{PinalieBernabe1999,
	author = {Pinalie, Pierre and Jean Bernabé},
	publisher = {Editions L’Harmattan},
	address = {Paris},
	title = {Grammaire Du Créole Martiniquais en 50 Leçons},
	year = {1999}
}

@misc{Migge2018,
	address = {Paris},
	author = {Migge, Bettina and Manfredi, Stefano and Quint, Nicolas},
	month = {9},
	publisher = {INALCO},
	title = {Finite and non-finite subordinate clauses in creole languages},
	year = {2018}
}

@misc{Juarez2019,
	publisher = {Endangered Languages Archive},
	author = {Juárez, Cristian R.},
	institution = {Endangered Languagues Archive},
	title = {Documentation and description of {{Northern} Chaco Mocoví} ({G}uaycuruan, {{Argentina}})},
	url = {https://elar.soas.ac.uk/Collection/MPI1314056},
	year = {2019}
}

@misc{INEGI2020,
	author = {INEGI},
	note = {Instituto Nacional de Estadística y Geografía.},
	title = {Censo de Población y Vivienda 2020},
	url = {https://www.inegi.org.mx/programas/ccpv/2020/?ps=microdatos},
	year = {2020}
}

@misc{Fortescue2015,
	author = {Fortescue, Michael D.},
	howpublished = {Unpublished manuscript},
	title = {The sources of {{Eskimo}}-{{Aleut}} verbalizing affixes},
	year = {2015}
}

@misc{Epps2001,
	author = {Epps, Patience},
	howpublished = {Archive of the Indigenous Languages of Latin America},
	title = {{{Hup}} Collection},
	url = {http://ailla.utexas.org},
	year = {2001}
}

@misc{Duzerol2021b,
	note = {Presentation at SLE 2021 in Athens},
	author = {Duzerol, Minella},
	title = {Variation in {Martinican} complementation: {A} sociogrammatical approach},
	year = {2021},
	url = {https://osf.io/sjckw}
}


@misc{Claesson2016,
	author = {Claesson, Kenneth},
	note = {Vocabulario `weenhayek-español.},
	title = {?},
	year = {2016}
}

@misc{Campbell2014,
	author = {Campbell, Eric W.},
	note = {Ph.D. dissertation, University of Texas at Austin},
	title = {Aspects of the phonology and morphology of {{Zenzontepec Chatino}}, a {{Zapotecan}} language of {{Oaxaca}}, {{Mexico}}},
	year = {2014}
}

@mastersthesis{padgett2017tools,
	address = {Grand Forks},
	author = {Padgett, Erin Padgett},
	school = {University of North Dakota},
	title = {Tools For Assessing Relatedness In Understudied Language Varieties: {A} Survey Of {{Mixtec}} Varieties In {{Western}} {{Oaxaca}}, {{Mexico}}},
	year = {2017}
}

@mastersthesis{nakamoto20,
	author = {Nakamoto, Shun},
	note = {MA thesis, Universidad Nacional Autónoma de México},
	school = {Universidad Nacional Autónoma de México},
	title = {Tonología mazateca: {{San}} {Bartolomé} {Ayautla}},
	year = {2020}
}

@mastersthesis{Juarez2013,
	address = {Sonora},
	author = {Juárez, Cristian R.},
	school = {Universidad de Sonora},
	title = {Sistemas de alineación en el mocoví (guaycurú) hablado en Colonia Aborigen ({{Argentina}})},
	year = {2013}
}

@mastersthesis{Gutierrez-Lorenzo2014,
	author = {Gutiérrez, Ambrocio},
	school = {Centro de Investigaciones y Estudios superiores en Antropología Social},
	title = {Construcciones de verbos seriales en el zapoteco de Teotitlán del Valle},
	year = {2014}
}

@inproceedings{sato:2006,
	author = {Sato, Yosuke},
	booktitle = {{{{{InterP}}hases Conference}}},
	title = {Spelling-out prosodic domains: {{A}} multiple spell-out account},
	year = {2006},
}

@inproceedings{russell1999whats,
	author = {Russell, Kevin},
	booktitle = {{MIT} Occasional Papers in Linguistics},
	editor = {Bar-el, Leora and Dechaine, Rose-Marie and Reinholtz, Charlotte},
	pages = {119--130},
	title = {What's with all these long words anyways?},
	year = {1999}
}

@inproceedings{macaulay1993argument,
	author = {Macaulay, Monica A.},
	booktitle = {Proceedings of the nineteenth annual Meeting of the {{Berkeley}} Linguistics Society},
	number = {2},
	pages = {73--85},
	title = {Argument status and constituent structure in {{Chalcatongo}} {{Mixtec}}},
	volume = {19},
	year = {1993}
}

@inproceedings{hollenbach1995cuatro,
	author = {Hollenbach, Barbara E. and Elena Erickson},
	booktitle = {Vitalidad e Influencia de las lenguas indígenas en Latinoamérica: {{II}} {C}oloquio {M}auricio {S}wadesh},
	editor = {Arzápalo Marín, Ramón and Lastra, Yolanda},
	organization = {Universidad Nacional Autónoma de México},
	pages = {284--293},
	title = {Cuatro morfemas funcionales en las lenguas mixtecanas},
	year = {1995}
}

@inproceedings{faust_how_2009,
	author = {Faust, Noam and Lampitelli, Nicola},
	booktitle = {Online {Proceedings} de {{ConSOLE}} {{XVII}}},
	title = {How vowels point to syntactic structure: {Evidence} from {{Hebrew}} and {{Italian}}},
	url = {https://www.academia.edu/5625335/How_vowels_point_to_syntactic_structure_roots_and_skeletons_in_Hebrew_and_Italian},
	year = {2009}
}

@inproceedings{bickel2002autotypologizing,
	author = {Bickel, Balthasar and Nichols, Johanna},
	booktitle = {Proceedings of the international {{LREC}} workshop on resources and tools in field linguistics, {Las Palmas}},
	organization = {MPI for Psycholinguistics Nijmegen},
	title = {Autotypologizing databases and their use in fieldwork},
	volume = {2627},
	year = {2002}
}

@article{athanasopoulou:2014,
	author = {Athanasopoulou, Angeliki and Vogel, Irene},
    doi = {10.1121/2.0000065},
	journal = {Proceedings of Meetings on Acoustics},
	number = {1},
	title = {Compounds in {Modern Greek}},
	volume = {22},
	year = {2015}
}

@inproceedings{Yuan2018,
	author = {Yuan, Michelle},
	booktitle = {Proceedings of {{NELS}} 48},
	title = {M-merger and copy spell-out in {Inuktitut} noun incorporation},
	year = {2018},
}

@inproceedings{Woodbury2005,
	address = {Berkeley},
	author = {Woodbury, Anthony C.},
	booktitle = {Proceedings of the {Thirtieth} {Annual} {Meeting} of the {{Berkeley}} {Linguistics} {Society}},
	editor = {Ettlinger, Marc and Fleisher, Nicholas and Park-Doob, Mischa},
	publisher = {Berkeley {L}inguistics {S}ociety},
	title = {Morphological orthodoxy in {Yupik}-{Inuit}},
	year = {2005}
}

@inproceedings{Woodbury1985,
	author = {Woodbury, Anthony C.},
	booktitle = {Papers from the parasession on causatives and agentivity},
	editor = {Eilfort, William H.},
	pages = {271--292},
	publisher = {Chicago Linguistic Society},
	series = {Proceedings of the {Chicago} {Linguistic} {Society}},
	title = {Marginal agent clauses in {{Central}} {Alaskan} {Yupik} {{Eskimo}} internal and external syntax},
	volume = {21, part 2},
	year = {1985}
}

@inproceedings{Munro2004,
	address = {New Orleans},
	author = {Munro, Pamela},
	booktitle = {The {Linguistic Association of the Southwest} ({{LASSO}}), Annual meeting},
	pages = {251--260},
	title = {``{S}econd Position'' in {{San}} {Lucas} {Quiaviní} {{Zapotec}}},
	year = {2004}
}

@inproceedings{Miller:2020,
	author = {Miller, Taylor L.},
	booktitle = {Proceedings of the Annual Meetings on Phonology},
	title = {Navigating the Phonology-Syntax Interface and {Tri-P} Mapping},
	volume = {8},
	year = {2020}
}

@inproceedings{Miller:2015,
	author = {Miller, Taylor L.},
	booktitle = {University of {{Pennsylvania}} Working Papers in Linguistics},
	number = {1},
	pages = {20},
	title = {A prosodic analysis of the word in {{Kiowa}}},
	volume = {21},
	year = {2015}
}

@inproceedings{Haag2002,
	author = {Haag, Marcia},
	booktitle = {{Chicago} Linguistics Society},
	number = {2},
	pages = {413--425},
	title = {{C}herokee tone associations with overt morphology},
	volume = {37},
	year = {2002}
}

@inproceedings{Haag1997,
	author = {Haag, Marcia},
	booktitle = {Mid-{A}merica linguistics conference},
	pages = {343--349},
	title = {{C}herokee evidence for the separation of the morphological and prosodic word},
	year = {1997}
}

@inproceedings{Gutierrez2016,
	address = {Somerville},
	author = {Gutiérrez, Analía},
	booktitle = {Proceedings of the 33rd {{West}} {Coast} {Conference} on {Formal} {Linguistics}},
	editor = {Kyeong Min, Kim and Umbal, Pocholo and Block, Trevor and Queenie, Chan and Cheng, Tanie and Finney, Kelli and Katz, Mara and Nickel Thompson, Sophie and Shorten, Lisa},
	pages = {176--185},
	publisher = {Cascadilla Proceedings Project},
	title = {Patterns of (de)glottalization in Nivaĉle},
	year = {2016}
}

@inproceedings{Broadwell2000,
	address = {Berkeley},
	author = {Broadwell, George A.},
	booktitle = {{{Berkeley}} Linguistic Society},
	publisher = {University of Berkeley},
	pages = {251--260},
	title = {Coordination, clitic placement, and prosody in {{Zapotec}}},
	year = {2000}
}

@inproceedings{BarrieMatthieu2010,
	author = {Mathieu, Eric and Barrie, Michael},
	booktitle = {Workshop on Structure and Constituency in the Languages of the {{Americas}} ({{WSCLA}} 15), University of {{Ottawa}}},
	title = {Noun incorporation as nominal restructuring},
	year = {2010},
}

@incollection{woodbury2011atkan,
	address = {Amsterdam},
	author = {Woodbury, Anthony C.},
	booktitle = {Pragmatics and Autolexical Grammar: {{I}}n honor of {J}erry {S}adock},
	editor = {Etsuyo Yuasa; Tista Bagchi; Katharine Beals},
	pages = {125--142},
	publisher = {John Benjamins},
	title = {{A}tkan {A}leut "unclitic" pronouns and definiteness: {{A}} multimodularanalysis},
	year = {2011}
}

@incollection{witzlack2022managing,
	address = {Cambridge},
	author = {Witzlack-Makarevich, Alena and Nichols, Johanna and Hildebrandt, Kristine A. and Zakharko, Taras and Bickel, Balthasar},
	booktitle = {The Open Handbook of Linguistic Data Management},
	editor = {Andrea L. Berez-Kroeker, Bradley McDonnell, Eve Koller Lauren B. Collister},
	publisher = {MIT Press},
	title = {Managing {{AUTOTYP}} data: {D}esign principles and implementation},
	year = {2022}
}

@incollection{wals-22,
	address = {Leipzig},
	author = {Bickel, Balthasar and Nichols, Johanna},
	booktitle = {The World Atlas of Language Structures Online},
	editor = {Dryer, Matthew S. and Haspelmath, Martin},
	publisher = {Max Planck Institute for Evolutionary Anthropology},
	title = {Chapter 22: {{I}}nflectional synthesis of the verb},
	url = {https://wals.info/chapter/22},
	year = {2013}
}

@incollection{vuillermet:2014,
	address = {Amsterdam},
	author = {Marine Vuillermet},
	booktitle = {Word Formation in {S}outh {A}merican {L}anguages},
	editor = {Swintha Danielsen and Katja Hannß and Fernando Zúñiga},
	pages = {113--142},
	publisher = {John Benjamins},
	title = {Two types of incorporation in {E}se {E}jja},
	year = {2014}
}

@incollection{vogel2023is,
	address = {Berlin},
	author = {Vogel, Irene},
	booktitle = {Representing phonological detail: {P}art {II} Syllable, Stress, and Sign},
	series = {Phonology and Phonetics},
	number = {33},
	editor = {van de Weijer, Jeroen},
	pages = {99--113},
	publisher = {De Gruyter Mouton},
	title = {Is There Foot Structure in Isolating Languages?},
	year = {2023},
	doi = {10.1515/9783110730081-005}
}

@incollection{vater1978possibility,
	publisher = {John Benjamins Publishing},
	author = {Vater, Heinz},
	booktitle = {Valence, Semantic Case, and Grammatical Relations},
	editor = {Werner Abraham},
	pages = {21-46},
	address = {Amsterdam},
	title = {On the possibility of distinguishing between complements and adjuncts},
	year = {1978}
}

@inbook{stockingjr.1974introduction,
	address = {Chicago},
	author = {Stocking Jr., George W.},
	booktitle = {A {F}ranz {B}oas Reader: {{T}}he Shaping of {A}merican Anthropology, 1883-1911},
	chapter = {1},
	publisher = {The University of Chicago Press},
	title = {Introduction: {{T}}he Basic Assumptions of Boasian Anthropology},
	year = {1974}
}

@incollection{smaldino2017models,
	address = {Milton Park},
	author = {Smaldino, Paul E.},
	booktitle = {Computational Social Psychology},
	editor = {Vallacher, Robin R. and Stephen J. Read and Andrzej Nowak},
	pages = {311--333},
	publisher = {Routledge},
	title = {Models are stupid and we need more of them},
	year = {2017}
}

@incollection{selkirk1996prosodic,
	address = {Mahwah},
	author = {Selkirk, Elisabeth O.},
	booktitle = {Signal to Syntax: {{B}}ootstrapping from Speech to Grammar in Early Acquisition},
	editor = {Morgan, James L. and Demuth, Katherine},
	pages = {187–213},
	publisher = {Lawrence Erlbaum Associates},
	title = {The Prosodic Structure of Function Words},
	year = {1996}
}

@incollection{salanova:redup,
	address = {Leiden},
	author = {Andrés Pablo Salanova},
	booktitle = {Reduplication in {I}ndigenous languages of {S}outh {A}merica},
	editor = {Hein van der Voort and Gale Goodwin Gómez},
	pages = {247--272},
	publisher = {Brill},
	sortname = {Andres Pablo Salanova},
	title = {Reduplication and verbal number in {M}{\~e}bengokre},
	year = {2014}
}

@incollection{salanova:ergativity,
	address = {Oxford},
	author = {Andrés Pablo Salanova},
	booktitle = {{{Oxford}} {H}andbook of {{E}}rgativity},
	editor = {Jessica Coon and Diane Massam and Lisa Demena Travis},
	pages = {1065--1088},
	publisher = {Oxford University Press},
	sortname = {Andres Pablo Salanova},
	title = {Ergativity in {J}ê languages},
	year = {2017}
}

@incollection{salanova:causative,
	address = {Oxford},
	author = {Andrés Pablo Salanova},
	booktitle = {The structure of words at the interfaces},
	editor = {Heather Newell and Máire Noonan and Glynne Piggott and Lisa Travis},
	pages = {160--184},
	publisher = {Oxford University Press},
	sortname = {Andres Pablo Salanova},
	title = {The paradoxes of {M}{\~e}bêng{\^o}kre's analytic causative},
	year = {2017}
}

@incollection{salanova:bogota,
	address = {Bogotá},
	author = {Andrés Pablo Salanova},
	booktitle = {Incremento de valencia en las lenguas amazónicas},
	editor = {Francesc Queixalós and Stella Telles and Ana Carla Bruno},
	pages = {154--190},
	publisher = {Instituto Caro y Cuervo},
	sortname = {Andres Pablo Salanova},
	title = {Sintaxis aplicativa, semántica causativa},
	year = {2014}
}

@incollection{salanova:SN-amazonicas,
	address = {Brasília},
	author = {Andrés Pablo Salanova},
	booktitle = {O sintagma nominal em línguas amaz{\^o}nicas},
	editor = {Francesc Queixalós and Dioney Moreira Gomes},
	pages = {203--239},
	publisher = {Pontes},
	sortname = {Andres Pablo Salanova},
	title = {O sintagma nominal como estrutura predicativa},
	year = {2017}
}

@incollection{risen2006informal,
	publisher = {Cambridge University Press},
	address = {Cambridge},
	author = {Risen, Jane and Thomas Gilovich},
	booktitle = {Critical Thinking in Psychology},
	doi = {10.1017/CBO9780511804632.008},
	editor = {Robert J. Sternberg},
	pages = {110--130},
	address = {Cambridge},
	title = {Informal Logical Fallacies},
	year = {2006}
}

@incollection{Cambridgeonrasskingutman2005modularity,
ids = {rasskingutman2005modularity},
	address = {Cambridge},
	author = {Rasskin-Gutman, Diego},
	booktitle = {Modularity. {U}derstanding Natural Complex Systems},
	editor = {Callebaut, Wener and Rasskin-Gutman, Diego and Herbet A. Simon},
	pages = {207--219},
	publisher = {MIT Press},
	title = {Modularity: {{J}}umping forms within morphospace},
	year = {2005}
}

@incollection{plazamartinez:2009,
	address = {La Paz},
	author = {Plaza Martinez, Pedro},
	booktitle = {Lenguas de {{Bolivia}} {T}omo {I}},
	editor = {Mily Crevels and Pieter C. Muysken},
	pages = {215--284},
	publisher = {Plural editores},
	title = {{Quechua}},
	year = {2009}
}

@incollection{pitmanpitman1976,
	address = {Riberalta},
	author = {Donald Pitman and Mary Pitman},
	booktitle = {Work {P}apers of the {S}ummer {I}nstitute of {L}inguistics},
	editor = {Dennis Newton and Donald Pitman and Mary Pitman and Martin Krüsi and Dorothee Krüsi, Elizabeth L. Camp and Millicent R. Liccardi},
	pages = {1--17},
	publisher = {Summer Institute of Linguistics},
	title = {{Araona} syllable and stress},
	year = {1976}
}

@book{pitman:1980:araonasketch,
	address = {Cochabamba},
	author = {Donald Pitman},
	series = {Notas Lingüísticas de {{Bolivia}}},
	number = {9},
	publisher = {Summer Institute of Linguistics},
	title = {Bosquejo de la gramática araona},
	year = {1980}
}

@incollection{pikee67,
	address = {Austin},
	author = {Pike, Eunice V.},
	booktitle = {Handbook of {Middle} {{American}} {{Indians}}. {Volume} 5: {Linguistics}},
	editor = {McQuown, Norman A.},
	pages = {311--330},
	publisher = {University of Texas Press},
	title = {Huautla de {Jiménez} {{Mazatec}}},
	year = {1967}
}

@incollection{pike1972problem,
	address = {Berlin},
	author = {Pike, Kenneth L.},
	booktitle = {Kenneth L. {{P}}ike Selected Writings},
	editor = {Brend, Ruth M.},
	note = {First published in: \emph{Acta Linguistica} 5:3 (1949), 125-138. Reprinted by permission},
	pages = {74--84},
	publisher = {Mouton},
	title = {A problem in morphology-syntax division},
	year = {1972}
}

@incollection{peperkamp1996prosodic,
	address = {Berlin},
	author = {Peperkamp, Sharon},
	booktitle = {Interfaces in Phonology},
	editor = {Kleinhenz, Ursula},
	pages = {102--127},
	publisher = {Akademie Verlag},
	title = {On the Prosodic Representation of Clitics},
	year = {1996}
}

@incollection{payne1991,
	address = {Berlin},
	author = {Payne, David},
	booktitle = {Handbook of {{Amazonian}} languages},
	editor = {Derbyshire, Desmond and Pullum, Geoffrey K.},
	pages = {355--499},
	publisher = {Mouton de Gruyter},
	title = {A classification of {Maipuran} ({{{Arawakan}}}) languages based on shared lexical retentions},
	volume = {3},
	year = {1991}
}

@incollection{palancar2012clausal,
	address = {Berlin},
	author = {Palancar, Enrique L.},
	booktitle = {Clause linkage in cross-linguistic perspective: {Data}-driven approaches to cross-clausal syntax},
	editor = {Gast, Volker and Diessel, Holger},
	pages = {37--76},
	publisher = {Mouton de Gruyter},
	title = {Clausal juxtaposition and subordination: {New} light from {O}tomi},
	year = {2012}
}

@incollection{neely:2009,
	address = {Tucson},
	author = {Neely, Amber A and Palmer Jr., Gus},
	booktitle = {Native {A}merican language ideologies: {B}eliefs, practices, and struggles in {I}ndian country},
	editor = {Paul V. Kroskrity and Margaret C. Field},
	pages = {271--297},
	publisher = {The University of Arizona Press},
	title = {Which way is the {{Kiowa}} way? {O}rthography choices, ideologies, and language renewal},
	year = {2009}
}

@incollection{muysken:1981,
	address = {Cambridge},
	author = {Muysken, Pieter C.},
	booktitle = {Binding and filtering},
	editor = {Frank, Henry},
	pages = {279--327},
	publisher = {MIT Press},
	title = {{Quechua} Word Structure},
	year = {1981}
}

@incollection{muysken1989:dialectvariationquechua,
	address = {Dordrecht},
	author = {Pieter C. Muysken},
	booktitle = {Dialect Variation and the Theory of Grammar: {P}roceedings of the {{GLOW}} Workshop in {V}enice},
	editor = {Paola Benincà},
	pages = {41--51},
	publisher = {Foris Publications Holland},
	title = {The morphology/syntax interface in {{Quechua}} dialectology},
	year = {1989}
}

@incollection{mckenzie:2015,
	address = {Oxford},
	author = {McKenzie, Andrew},
	booktitle = {Methodologies in semantic fieldwork},
	editor = {Bochnak, M. Ryan and Lisa Matthewson},
	pages = {269--286},
	publisher = {Oxford University Press, USA},
	title = {Deriving topic effects in {{Kiowa}} with semantics and pragmatics},
	year = {2015}
}

@incollection{mcdonough_bipartite_nodate,
	address = {Oxford},
	author = {McDonough, Joyce},
	booktitle = {The {Athabaskan} languages: {Perspectives} On A Native {{American}} Language Family},
	editor = {Theodore Fernald},
	pages = {139--166},
	publisher = {Oxford University Press},
	series = {Oxford {Studies} in {Anthropological} {Linguistics}},
	number = {24},
	title = {On a bipartite model of the {Athabaskan} verb},
	year = {1999}
}

@incollection{luis2004paradigm,
	address = {Dordrecht},
	author = {Luís, Ana and Andrew Spencer},
	booktitle = {Yearbook of Morphology 2004},
	editor = {Booij, Geert; van Marle, Jaap},
	pages = {177--228},
	publisher = {Springer},
	sortname = {Luis, Ana and Andrew Spencer},
	title = {A paradigm function account of 'mesoclisis' in {European} {Portuguese}},
	year = {2004}
}

@incollection{loos1999pano,
	address = {Cambridge},
	author = {Loos, Eugene E.},
	booktitle = {The {Amazonian} Languages},
	editor = {R. M. W. Dixon and Alexandra Y. Aikhenvald},
	pages = {227--251},
	publisher = {Cambridge University Press},
	title = {Pano},
	year = {1999}
}

@incollection{ledgeway2017syntheticity,
	address = {Berlin},
	author = {Ledgeway, Adam},
	booktitle = {Manual of {Romance} {Morphosyntax} and Syntax ({MRL} 17)},
	chapter = {23},
	edition = {Günter Holtus and Fernando Sánchez Miret},
	editor = {Andres Dufter and Elisabeth Stark},
	pages = {839--886},
	publisher = {Walter de Gruyter},
	title = {Syntheticity and Analyticity},
	year = {2017}
}

@incollection{kalstrometal95,
	address = {Tucson},
	author = {Kalstrom Dolson, Marjorie and Austin Krumholz, Jeanne and Bartholomew Ewan, Doris},
	booktitle = {Diccionario popoloca de {{San}} {{Juan}} {Atzingo}, {{Puebla}}},
	editor = {Austin Krumholz, Jeanne and Kalstrom Dolson, Marjorie and Hernández Ayuso, Miguel},
	pages = {283--390},
	publisher = {Summer Institute of Linguistics},
	title = {Gramática del popoloca de {{San}} {{Juan}} {Atzingo}},
	year = {1995}
}

@incollection{hyman1993structure,
	address = {San Diego},
	author = {Hyman, Larry M.},
	booktitle = {Studies in lexical phonology},
	editor = {Hargus, Sharon; Kaisse, Ellen},
	pages = {235--254},
	publisher = {Academic Press},
	title = {Structure preservation and postlexical tonology in {Dagbani}},
	year = {1993}
}

@incollection{hollenbach2003historical,
	address = {Dallas},
	author = {Hollenbach, Barbara E.},
	booktitle = {Language and life: {{E}}ssays in memory of {K}enneth {L.} {P}ike},
	editor = {Wise, Mary Ruth and Headland, Thomas N. and Brend, Ruth M.},
	pages = {533--550},
	publisher = {{SIL} International \& University of Texas at Arlington},
	title = {The historical source of an irregular {M}ixtec tone-sandhi pattern},
	year = {2003}
}

@incollection{hayes1989prosodic,
	address = {New York},
	author = {Hayes, Bruce},
	booktitle = {Phonetics and Phonology},
	editor = {Kiparsky, Paul and Youmans, Gilbert},
	pages = {201--260},
	publisher = {Academic Press Inc.},
	title = {The Prosodic Hierarchy in Meter},
	volume = 1,
	year = {1989}
}

@incollection{haspelmath2008oxford,
	address = {Oxford},
	author = {Haspelmath, Martin},
	booktitle = {The {Oxford} Handbook of Linguistic Analysis},
	title = {Framework-free grammatical theory},
	editor = {Heine, Bernd and Narrog, Heiko},
	pages = {341–366},
	publisher = {Oxford University Press},
	doi = {10.1093/oxfordhb/9780199544004.013.0014},
	year = {2008}
}

@incollection{haspelmath2009agglutinating,
    address={Cham},
    author = {Haspelmath, Martin},
    booktitle = {Universals of Language Today},
    title = {An Empirical Test of the Agglutination Hypothesis},
    editor = {Scalise, Sergio and Elisabetta Magni and Antonietta Bisetto},
    pages = {13-29},
    publisher = {Springer Science},
    doi = {10.1007/978-1-4020-8825-4_2},
    year = {2009}
}

@incollection{gussenhovenbruce:1999,
	address = {Berlin},
	author = {Gussenhoven, Carlos and Gösta Bruce},
	booktitle = {Word prosodic systems in the Languages of {{Europe}}},
	editor = {van der Hulst, Harry},
	pages = {233--271},
	publisher = {Mouton de Gruyter},
	sortname = {Gussenhoven, Carlos and Gosta Bruce},
	title = {Word prosody and intonation},
	year = {1999}
}

@incollection{guillaume:forthcoming,
	address = {Berlin},
	author = {Antoine Guillaume},
	booktitle = {{Amazonian} Languages: {A}n International Handbook},
	editor = {Patience Epps and Lev Michael},
	pubstate = {forthcoming},
	publisher = {De Gruyter Mouton},
	title = {Takanan languages}
}

@incollection{greenberg1954quantitative,
	address = {Minneapolis},
	author = {Greenberg, Joseph},
	booktitle = {Method and Perspective in Anthropology},
	editor = {Spencer, Robert F.},
	pages = {192--220},
	publisher = {University of Minnesota Press},
	title = {A quantitative approach to the morphological typology of language},
	year = {1954}
}

@incollection{feist2016tracing,
	address = {Berlin},
	author = {Feist, Timothy and Palancar, Enrique L.},
	booktitle = {Tone and inflection: {N}ew facts and new perspectives},
	chapter = {11},
	editor = {Palancar, Enrique L. and Léonard, Jean-Léo},
	pages = {267--294},
	publisher = {Walter de Gruyter},
	title = {Tracing the emergence of inflectional tone in {C}uicatec},
	year = {2016}
}

@incollection{dryer2006functionalism,
	address = {Taipei},
	author = {Dryer, Matthew S.},
	booktitle = {Phonology, Morphology, and the Empirical Imperative: {{P}}apers in Honour of Bruce Derwing},
	editor = {Wiebe, Grace and Libben, Gary and Priestly, Tom and Smyth, Ron and Wang, Sam},
	pages = {27--59},
	publisher = {The Crane Publishing Company},
	title = {Functionalism and the theory-metalanguage confusion},
	year = {2006}
}

@incollection{dryer07,
	address = {Cambridge},
	author = {Dryer, Matthew S.},
	booktitle = {Language Typology and Syntactic Description},
	editor = {Shopen, Timothy},
	pages = {61--131},
	publisher = {Cambridge University Press},
	title = {Word order},
	year = {2007}
}


@incollection{dixon:2002,
	ids = {dixonaikhenvaldword:2002},
	address = {Cambridge},
	author = {Dixon, R. M. W. and Aikhenvald, Alexandra Y.},
	booktitle = {Word: {A} cross-linguistic typology},
	editor = {Dixon, R. M. W. and Aikhenvald, Alexandra Y.},
	pages = {1--41},
	publisher = {Cambridge University Press},
	title = {Word: {A} typological framework},
	year = {2002}
}

@incollection{croft:tenunwarranted,
	address = {Berlin},
	author = {William Croft},
	booktitle = {Language Usage and Language Structure},
	editor = {Kasper Boye and Elisabeth Engberg},
	pages = {313--350},
	publisher = {De Gruyter Mouton},
	title = {Ten unwarranted assumptions in syntactic argumentation},
	year = {2010}
}

@incollection{boas1911introduction,
	address = {Washington D.C.},
	author = {Boas, Franz},
	booktitle = {Handbook of {American} {Indian} Languages, Bulletin 40, Part 1},
	pages = {1--83},
	publisher = {Bureau of American Ethnology},
	title = {Introduction},
	year = {1911}
}

@incollection{bickel:capturing,
	address = {Amsterdam},
	author = {Balthasar Bickel},
	booktitle = {Clause Linking and Clause Hierarchy: {S}yntax and Pragmatics},
	editor = {Brill, Isabelle},
	pages = {51--104},
	publisher = {John Benjamins Publishing Company},
	title = {Capturing particulars and universals in clause-linkage},
	year = {2010}
}

@incollection{bickel2015distributional,
	address = {Oxford},
	author = {Bickel, Balthasar},
	booktitle = {{Oxford} {H}andbook of {L}inguistic {A}nalysis},
	chapter = {37},
	edition = 2,
	editor = {Heine, Bernd and Narrog, Heiko},
	pages = {901--924},
	publisher = {Oxford University Press},
	title = {Distributional typology: {S}tatistical inquiries into the dynamics of linguistic diversity},
	year = {2015},
}

@incollection{bickel2009distribution,
	address = {Berlin},
	author = {Bickel, Balthasar and Hildebrandt., Kristine A. and Schiering, René},
	booktitle = {Phonological {D}omains: {U}niversals and {D}eviations},
	editor = {Grijzenhout, Janet and Baris, Kabak},
	pages = {47-78},
	publisher = {De Gruyter Mouton},
	sortname = {Bickel, Balthasar and Hildebrandt., Kristine A. and Schiering, René},
	title = {The distribution of phonological word domains: {A} probabilistic typology},
	year = {2009},
	doi = {10.1515/9783110217100.1.47}
}

@incollection{arcodia2020morphology,
	address = {Oxford},
	author = {Arcodia, Giorgio Francesco and Bianca Basciano},
	booktitle = {{Oxford} {R}esearch {E}ncyclopedias, {L}inguistics},
	doi = {10.1093/acrefore/9780199384655.013.530},
	publisher = {Oxford University Press},
	title = {Morphology in {S}ino-{Tibetan} Languages},
	year = {2020}
}

@incollection{anderson2015dimensions,
	address = {Oxford},
	author = {Anderson, Stephen R.},
	booktitle = {Understanding and measuring morphological complexity},
	editor = {Baerman, Matthew and Brown, Dunstan and Corbett, Greville},
	pages = {11--28},
	publisher = {Oxford University Press},
	title = {Dimensions of morphological complexity},
	year = {2015}
}

@incollection{aikhenvald2020essence,
	address = {Oxford},
	author = {Aikhenvald, Alexandra Y. and Dixon, R. M. W. and White, Nathan M.},
	editor = {Aikhenvald, Alexandra Y. and Dixon, R. M. W. and White, Nathan M.},
	booktitle = {Phonological Word and Grammatical Word: {A} Cross-Linguistic Typology },
	pages = {1-24},
	publisher = {Oxford University Press},
	title = {The essence of `word'},
	year = {2020},
	doi = {10.1093/oso/9780198865681.003.0001}
}

@incollection{aikh99,
	address = {Cambridge},
	author = {Aikhenvald, Alexandra Y.},
	booktitle = {The {{Amazonian}} languages},
	editor = {Dixon, R. M. W. and Aikhenvald, Alexandra Y.},
	pages = {65--102},
	publisher = {Cambridge University Press},
	title = {The {{Arawak}} language family},
	year = {1999}
}

@incollection{ackema_morphology_2007,
	address = {Oxford},
	author = {Ackema, Peter and Neeleman, Ad},
	booktitle = {{Oxford} {Handbook} of {Linguistic} {Interfaces}},
	doi = {10.1093/oxfordhb/9780199247455.013.0011},
	editor = {Ramchand, Gillian and Reiss, Charles},
	pages = {325--352},
	publisher = {Oxford University Press},
	title = {Morphology ≠ {Syntax}},
	urldate = {2023-04-20},
	year = {2007}
}

@incollection{ackema_competition_2001,
	address = {Edinburgh},
	author = {Ackema, Peter and Neeleman, Ad},
	booktitle = {Optimality {Theoretic} Syntax},
	editor = {Legendre, Géraldine and Grimshaw, Jane and Vikner, Sten},
	pages = {29--60},
	publisher = {University of Edinburgh},
	title = {Competition between syntax and morphology},
	year = {2001}
}

@incollection{Woodbury2017,
	address = {Oxford},
	author = {Woodbury, Anthony C.},
	booktitle = {The {{Oxford}} handbook of polysynthesis},
	editor = {Evans, Nicholas and Fortescue, Michael D. and Mithun, Marianne},
	pages = {536--559},
	publisher = {Oxford University Press},
	title = {{Central} {Alaskan} {Yupik} ({{Eskimo}}-{{Aleut}}): {A} sketch of morphologically orthodox polysynthesis},
	year = {2017}
}

@incollection{Woodbury2002,
	address = {Cambridge},
	author = {Woodbury, Anthony C.},
	booktitle = {Word: {A} cross-linguistic typology},
	editor = {Dixon, R. M. W. and Aikhenvald, Alexandra Y.},
	pages = {79--99},
	publisher = {Cambridge University Press},
	title = {The word in {Cup}'ik},
	year = {2002}
}

@incollection{Woodbury1996,
	address = {Berlin},
	author = {Woodbury, Anthony C.},
	booktitle = {Autolexical syntax: {Ideas} and methods},
	editor = {Schiller, Eric and Need, Barbara and Steinberg, Elisa},
	pages = {319--363},
	publisher = {Mouton},
	title = {On restricting the role of morphology in {Autolexical} {Syntax}},
	year = {1996}
}

@incollection{Woodbury1984,
	address = {Washington},
	author = {Woodbury, Anthony C.},
	booktitle = {Arctic},
	editor = {Damas, David and Sturtevant, William C.},
	pages = {49--63},
	publisher = {Smithsonian Institution Press},
	series = {Handbook of {American} {Indians}},
	title = {{Eskimo} and {{Aleut}} languages},
	volume = {5},
	year = {1984}
}

@incollection{VanLier2013a,
	address = {Oxford},
	author = {Van Lier, Eva and Rijkhoff, Jan},
	booktitle = {Flexible Word Classes. {T}ypological studies of underspecified parts of speech},
	doi = {10.1093/acprof:oso/9780199668441.001.0001},
	editor = {Rijkhoff, Jan and {Van Lier}, Eva},
	pages = {1--30},
	publisher = {Oxford University Press},
	title = {Flexible word classes in linguistic typology and grammatical theory},
	year = {2013}
}

@incollection{Smith-Stark2003,
	address = {Mexico City},
	author = {Smith-Stark, Thomas},
	booktitle = {{La} tonía: {D}imensiones fonéticas y fonológicas},
	editor = {Herrera Zendejas, Esther and Butragueño, Pedro Martín},
	pages = {111--139},
	publisher = {El Colegio de México},
	title = {Tipos prosódicos de sílabas en el zapoteco de {{San}} {Baltazar} {Chichicapan}},
	year = {2003}
}

@incollection{Smith-Stark2002,
	address = {Hermosillo},
	author = {Smith-Stark, Thomas},
	booktitle = {Proceedings of the {{VI}} Encuentro Internacional de Lingüística en el {{Noroeste}}},
	pages = {165--212},
	publisher = {Editorial UniSon},
	title = {Las clases verbales del Zapoteco de {Chichicapan}},
	year = {2002}
}



@incollection{Schmidtke-Bode2019,
	address = {Berlin},
	author = {Schmidtke-Bode, Karsten and Grossman, Eitan},
	booktitle = {Explanation in Typology, diachronic sources, functional motivations and the nature of the evidence},
	doi = {10.5281/zenodo.2583822},
	editor = {Schmidtke-Bode, Karsten and Levshina, Natalia and Michaelis, Susanne Maria and Ser{\v z}ant, Ilja A.},
	pages = {223--241},
	publisher = {Language Science Press},
	title = {Diachronic sources, functional motivations and the nature of the evidence: {{A}} synthesis},
	year = {2019}
}

@incollection{Sande&Jenks:2018,
	author = {Hannah Sande and Peter Jenks},
	booktitle = {{{{{NELS}} 48 Proceedings}}},
	pages = {39--53},
	title = {Cophonologies by Phase},
	volume = {3},
	year = {2018}
}

@incollection{Sadock2017,
	address = {Oxford},
	author = {Sadock, Jerrold M.},
	booktitle = {The {{Oxford}} handbook of polysynthesis},
	editor = {Evans, Nicholas and Fortescue, Michael D. and Mithun, Marianne},
	pages = {99--114},
	publisher = {Oxford University Press},
	title = {The subjectivity of the notion of polysynthesis},
	year = {2017}
}

@incollection{Robert2003,
	address = {Louvain},
	author = {Robert, Stéphane},
	booktitle = {Perspectives synchroniques sur la grammaticalisation: {P}olysémie, transcatégorialité et échelles syntaxiques},
	editor = {Robert, Stéphane},
	number = {5},
	pages = {255--270},
	publisher = {Peeters},
	series = {Collection Afrique et Langange},
	sortname = {Robert, St{e}phane},
	title = {Vers une typologie de la transcatégorialité},
	year = {2003}
}

@incollection{Reuse2009,
	address = {Amsterdam; Philadelphia},
	author = {de Reuse, Willem J.},
	booktitle = {Variations on polysynthesis: {T}he {Eskaleut} languages},
	editor = {Mahieu, Marc-Antoine and Tersis, Nicole},
	number = {86},
	pages = {19--34},
	publisher = {John Benjamins},
	series = {Typological studies in language},
	title = {Polysynthesis as a Typological Feature: {An} Attempt at a characterization from {{Eskimo}} and {Athabascan} perspectives},
	year = {2009}
}

@incollection{PulteFeeling1975,
	address = {Talequah},
	author = {William Pulte and Durbin Feeling},
	booktitle = {{C}herokee-{{English}} dictionary Tsalagi-Yonega Didehlogwasdohdi},
	editor = {Feeling, Durbin},
	pages = {235--355},
	publisher = {{C}herokee Nation of Oklahoma},
	title = {Outline of {C}herokee grammar},
	year = {1975}
}

@incollection{Payne1990,
	address = {Austin},
	author = {Payne, Doris L.},
	booktitle = {{{Amazonian}} Linguistics: {S}tudies in Lowland {{South}} {{American}} Languages},
	editor = {Payne, Doris L.},
	pages = {213--241},
	publisher = {University of Texas Press},
	title = {Morphological characteristics of lowland {{South}} {{American}} languages},
	year = {1990}
}

@incollection{Nichols2008,
	address = {Oxford},
	author = {Nichols, Johanna},
	booktitle = {Linguistic universals and language change},
	doi = {10.1093/acprof:oso/9780199298495.003.0012},
	editor = {Good, Jeff},
	pages = {287--294},
	publisher = {Oxford University Press},
	title = {Universals and diachrony: {S}ome observations},
	year = {2008}
}

@incollection{Munrolaryngeal,
	address = {Los Angeles},
	author = {Munro, Pamela},
	booktitle = {{C}herokee papers from {{UCLA}}},
	editor = {Pamela Munro},
	pages = {45--60},
	publisher = {University of California, Los Angeles},
	series = {UCLA occasional papers in linguistics},
	title = {The {C}herokee Laryngeal Alternation Rule},
	volume = {16},
	year = {1996}
}

@incollection{Mugdan1993,
	address = {Oxford},
	author = {Mugdan, Joachim},
	booktitle = {The encyclopedia of language and linguistics},
	editor = {Robert E. Asher and James M. Y. Simpson},
	pages = {2543--2553},
	publisher = {Pergamon Press},
	title = {Morphological units},
	year = {1993}
}

@incollection{Miyaoka1985,
	address = {Fairbanks},
	author = {Miyaoka, Osahito},
	booktitle = {Yupik {{Eskimo}} prosodic systems: {Descriptive} and comparative studies},
	editor = {Krauss, Michael},
	number = {7},
	pages = {51--76},
	publisher = {Alaska Native Language Center, Unversity of Alaska},
	series = {Alaska {Native} {Language} {Center} {Research} {Papers}},
	title = {Accentuation in {{Central}} {Alaskan} {Yupik}},
	year = {1985}
}

@incollection{Mithun2016,
	address = {Cambridge},
	author = {Mithun, Marianne},
	booktitle = {The {{Cambridge}} Handbook of Morphology},
	doi = {10.1017/9781139814720.007},
	editor = {Hippisley, Andrew and Stump, Gregory},
	pages = {149--185},
	publisher = {Cambridge University Press},
	title = {Affix ordering: {M}otivation and interpretation},
	year = {2016}
}

@incollection{Mithun2014,
	address = {Cambridge},
	author = {Mithun, Marianne},
	booktitle = {How Languages Work},
	editor = {Genetti, Carol},
	pages = {71--99},
	publisher = {Cambridge University Press},
	title = {What's in a word?},
	year = {2014}
}

@incollection{Mithun2009,
	address = {Amsterdam; Philadelphia},
	author = {Mithun, Marianne},
	booktitle = {Variations on polysynthesis: {T}he {Eskaleut} languages},
	editor = {Mahieu, Marc-Antoine and Tersis, Nicole},
	number = {86},
	pages = {3--18},
	publisher = {John Benjamins},
	series = {Typological studies in language},
	title = {Polysynthesis in the {Arctic}},
	year = {2009}
}

@incollection{Mithun2000,
	address = {Amsterdam/Philadelphia},
	author = {Mithun, Marianne},
	booktitle = {Reconstructing Grammar},
	editor = {Gildea, Spike},
	pages = {231--258},
	publisher = {John Benjamins},
	title = {The reordering of morphemes},
	year = {2000}
}

@incollection{Mithun1998,
	address = {Kyoto},
	author = {Mithun, Marianne},
	booktitle = {Languages of the {{North}} {{Pacific}} {Rim}},
	editor = {Miyaoka, Osahito and Endo, Fubito},
	pages = {63-76},
	publisher = {Kyoto University},
	title = {Yup'ik roots and affixes},
	volume = {4},
	year = {1998}
}

@incollection{Mithun1995,
	address = {Amsterdam},
	author = {Mithun, Marianne},
	booktitle = {Word order in discourse},
	editor = {Downing, Pamela and Noonan, Michael},
	pages = {387--423},
	publisher = {Benjamins},
	title = {Morphological and prosodic forces shaping word order},
	year = {1995}
}

@incollection{Mattissen2017,
	address = {Oxford},
	author = {Mattissen, Johanna},
	booktitle = {The {{Oxford}} {Handbook} of {Polysynthesis}},
	editor = {Evans, Nicholas and Fortescue, Michael D. and Mithun, Marianne},
	pages = {70--98},
	publisher = {Oxford University Press},
	title = {Sub-types of polysynthesis},
	year = {2017}
}

@incollection{Mattissen2006,
	address = {Berlin},
	author = {Mattissen, Johanna},
	booktitle = {Advances in the theory of the lexicon},
	editor = {Wunderlich, Dieter},
	pages = {287--353},
	publisher = {De Gruyter},
	title = {The ontology and diachrony of polysynthesis},
	year = {2006}
}

@incollection{LindseyScancarelli1985,
	address = {Berkeley},
	author = {Lindsey, Geoffrey and Scancarelli, Janine},
	booktitle = {Proceedings of the Eleventh Annual Meeting of the {B}erkeley {L}inguistics {S}ociety},
	editor = {Mary Niepokuj and others},
	pages = {207--215},
	publisher = {University of California},
	title = {Where have all the adjectives come from? {T}he case of {C}herokee},
	year = {1985}
}

@incollection{Lieber1853,
	address = {Washington},
	author = {Lieber, Francis},
	booktitle = {History and Statistics of the {{Indian}} Tribes of the {United} {States}},
	editor = {Schoolcraft, Henry Rowe},
	pages = {346--349},
	title = {The Plan of Thought in {{American}} languages},
	volume = {2},
	year = {1853}
}

@incollection{Kager1995,
	address = {Cambridge},
	author = {Kager, René},
	booktitle = {Handbook of Phonology},
	editor = {John Goldsmith},
	pages = {367--402},
	publisher = {Blackwell},
	sortname = {Kager, Rene},
	title = {The Metrical Theory of Word Stress},
	year = {1995}
}

@incollection{Juarez2021,
	address = {Amsterdam/Philadelphia},
	author = {Juárez, Cristian R. and Álvarez-González, Albert},
	booktitle = {Antipassive. {T}ypology, diachrony, and related constructions},
	doi = {10.1075/gest.8.3.02str},
	editor = {Janic, Katarzyna and Witzlack-Makarevich, Alena},
	pages = {315--347},
	publisher = {John Benjamins},
	sortname = {Juarez, Cristian R. and Alvarez-Gonzalez, Albert},
	title = {Explaining the antipassive-causative syncretism in {M}ocoví ({G}uaycuruan)},
	year = {2021}
}

@incollection{Juarez2017,
	address = {Amsterdam/Philadelphia},
	author = {Juárez, Cristian R. and Álvarez-González, Albert},
	booktitle = {Verb Valency Changes: {T}heoretical and Typological perspectives},
	doi = {10.1075/tsl.120.09jua},
	editor = {Álvarez-González, Albert and Navarro, Ía},
	pages = {315--347},
	publisher = {John Benjamins},
	sortname = {Juarez, Cristian R. and Alvarez-Gonzalez, Albert},
	title = {The antipassive marking in Mocoví. {F}orms and functions},
	year = {2017}
}

@incollection{Inkelas&Orgun:2002,
	address = {Dordrecht},
	author = {Orgun, Cemil Orhan and Inkelas, Sharon},
	booktitle = {Yearbook of Morphology 2001},
	editor = {Booij, Geert and Marle, Jaap},
	pages = {115--146},
	publisher = {Springer},
	title = {Reconsidering bracket erasure},
	year = {2002}
}

@incollection{Haspelmath1992,
	address = {Albany},
	author = {Haspelmath, Martin},
	booktitle = {Morphology now},
	editor = {Aronoff, Mark},
	pages = {69--82},
	publisher = {State University of New York Press},
	title = {Gramaticization theory and heads in morphology},
	year = {1992}
}

@incollection{Hall1999,
	address = {Amsterdam},
	author = {Hall, Tracy Alan},
	booktitle = {Studies on the Phonological Word},
	editor = {Tracy Alan Hall and Ursula Kleinhenz},
	pages = {1--22},
	publisher = {John Benjamins},
	title = {The phonological word: {A} review},
	year = {1999}
}

@incollection{Givon1983,
	address = {Amsterdam},
	author = {Givón, Talmy},
	booktitle = {Topic continuity in discourse: {A} quantitative cross-language study},
	editor = {Givón, Talmy},
	pages = {1--41},
	publisher = {John Benjamins},
	sortname = {Givon, Talmy},
	title = {Topic continuity in discourse: {a}n introduction},
	year = {1983}
}

@incollection{Epps2022,
	address = {New York},
	author = {Epps, Patience and Ananthanarayan, Sunkulp},
	booktitle = {Historical Linguistics and endangered Languages: {{{{E}}}}xploring Diversity in Language Change},
	editor = {Epps, Patience and Law, Danny and Pat-El, Na'ama},
	pages = {121--151},
	publisher = {Routledge},
	series = {Routledge Series in Historical Linguistics},
	title = {Stability in grammatical morphology: {A}n {{Amazonian}} case-study},
	year = {2022}
}

@incollection{Epps2008c,
	address = {Berlin},
	author = {Epps, Patience},
	booktitle = {Grammatical Borrowing: {A} Cross-Linguistic Survey},
	editor = {Matras, Yaron and Sakel, Jeanette},
	pages = {551--565},
	publisher = {Mouton de Gruyter},
	title = {Grammatical borrowing in {{Hup}}},
	year = {2008}
}

@incollection{Epps2007,
	address = {Oxford},
	author = {Epps, Patience},
	booktitle = {Grammars in Contact: {A} Cross-Linguistic Typology},
	editor = {Aikhenvald, Alexandra Y. and Dixon, R. M. W.},
	note = {(Explorations in Linguistic Typology 4)},
	pages = {267--289},
	publisher = {Oxford University Press},
	title = {The {Vaupés} melting pot: {T}ukanoan influence on {{Hup}}},
	year = {2007}
}

@book{Duponceau1819,
	address = {Philadelphia},
	author = {Duponceau, Peter S.},
	series = {Transactions of the {Historical} and {Literary} {Committee} of the {{American}} {Philosophical} {Society}},
	publisher = {A. Small},
	title = {Report of the {Corresponding} {Secretary}, read 12th {{January}}, 1819},
	number = {I},
	year = {1819}
}

@incollection{Drayson2009,
	address = {Buenos Aires \& Las Lomitas},
	author = {Drayson, Nicholas},
	booktitle = {Hacia una nueva carta étnica del Gran Chaco {{VIII}}},
	editor = {José Braunstein and Cristina Messineo},
	pages = {91--174},
	publisher = {PICT 32894 (ANPCyT), Centro del Hombre Antiguo Chaqueño},
	title = {'Niwak Samtis. {D}iccionario Iyojwa'ja'Lij -- Kilay'Lij (Chorote- Castellano)},
	year = {2009}
}

@incollection{CruzStump2018,
	address = {Berlin},
	author = {Cruz, Hilaria and Stump, Gregory},
	booktitle = {The lexeme in descriptive and theoretical morphology},
	editor = {Bonami, Olivier and Boyé, Gilles and Dal, Georgette and Giraudo, Hélène and Namer, Fiammetta},
	pages = {203--234},
	publisher = {Language Science Press},
	title = {The morphology of essence predicates in {Chatino}},
	year = {2018}
}

@incollection{Cristofaro2019,
	address = {Berlin},
	author = {Cristofaro, Sonia},
	booktitle = {Explanation in typology: {D}iachronic sources, functional motivations and the nature of the evidence},
	doi = {10.5281/zenodo.583806},
	editor = {Schmidtke-Bode, Karsten and Levshina, Natalia and Michaelis, Susanne Maria and Seržant, Ilja A.},
	pages = {25--46},
	publisher = {Language Science Press},
	title = {Taking diachronic evidence seriously: {R}esult-oriented vs. Source-oriented explanations of typological universals},
	year = {2019}
}

@incollection{Chavez-Peon2015,
	address = {CDMX},
	author = {Chávez-Peón, Mario E.},
	booktitle = {Tono, acento y estructuras métricas en lenguas mexicanas},
	editor = {Esther Herrera Zendejas},
	pages = {207--234},
	publisher = {El Colegio de México},
	sortname = {Chavez-Peon, Mario E.},
	title = {Morfología prosódica en el zapoteco de {Q}uiaviní},
	year = {2015}
}

@incollection{Campbell2021b,
	address = {Ann Arbor},
	author = {Campbell, Eric W.},
	booktitle = {Contact, structure, and change: {A} {{Festschrift}} in honor of {S}arah {G}. {T}homason},
	editor = {Anna M. Babel and Mark A. Sicoli},
	pages = {349--382},
	publisher = {Michigan Publishing},
	title = {On {{Zapotecan}} glottal stop, and where (not) to reconstruct it},
	year = {2021}
}

@incollection{Campbell2016,
	address = {Berlin},
	author = {Campbell, Eric W.},
	booktitle = {Tone and Inflection: {N}ew facts under new perspectives},
	editor = {Palancar, Enrique L. and Léonard, Jean-Léo},
	pages = {141--162},
	publisher = {De Gruyter Mouton},
	title = {Tone and inflection in {{{Zenzontepec Chatino}}}},
	year = {2016}
}

@incollection{Campbell2015,
	address = {Berlin},
	author = {Campbell, Eric W.},
	booktitle = {Valency Classes in the World's Languages: {C}ase studies from {A}ustronesia, the {{Pacific}}, the {{Americas}}, and theoretical outlook},
	editor = {Malchukov, Andrej and Comrie, Bernard},
	pages = {1371--1406},
	publisher = {De Gruyter Mouton},
	title = {Valency classes in {{Zenzontepec Chatino}}},
	volume = {2},
	year = {2015}
}

@incollection{Bybee2001a,
	address = {Amsterdam},
	author = {Bybee, Joan},
	booktitle = {Frequency and the emergence of linguistic structure},
	editor = {Bybee, Joan and Paul Hopper},
	pages = {337--359},
	publisher = {John Benjamins Publishing Company},
	title = {Frequency effects on {{French}} liaison},
	year = {2001}
}

@incollection{Booij2009,
	address = {New York},
	author = {Booij, Geert},
	booktitle = {Universals of Language Today},
	editor = {Scalise, Sergio and Magni, Elisabetta and Bisetto, Antonietta},
	pages = {83--100},
	publisher = {Springer},
	title = {Lexical integrity as a formal universal: {A} constructionist view},
	year = {2009}
}

@inbook{Boas1911,
	address = {Washington},
	author = {Boas, Franz},
	booktitle = {Handbook of {A}merican {I}ndian {L}anguages},
	number = {40},
	pages = {1--10},
	publisher = {Bureau of American Ethnography},
	series = {{B}ulletin},
	title = {Introduction},
	volume = {1},
	year = {1911}
}

@incollection{Bisang2013,
	address = {Oxford},
	author = {Bisang, Walter},
	booktitle = {Flexible Word Classes. {T}ypological studies of underspecified parts of speech},
	doi = {10.1093/acprof:oso/9780199668441.001.0001},
	editor = {Rijkhoff, Jan and {Van Lier}, Eva},
	pages = {275--303},
	publisher = {Oxford University Press},
	title = {Word class systems between flexibility and rigidity: {A}n integrative approach},
	year = {2013}
}

@incollection{Bickel2017,
	address = {Oxford},
	author = {Bickel, Balthasar and Zúñiga, Fernando},
	booktitle = {The {{Oxford}} handbook of polysynthesis},
	editor = {Michael D. Fortescue and Mithun, Marianne and Evans, Nicholas},
	pages = {158--185},
	publisher = {Oxford University Press},
	sortname = {Bickel, Balthasar and Zuniga, Fernando},
	title = {The `word' in polysynthetic languages: {P}honological and syntactic challenges},
	year = {2017}
}

@incollection{Beam-de-Azcona2016,
	address = {CDMX},
	author = {Beam de Azcona, Rosemary and Cruz Santiago, Emiliano},
	booktitle = {Estudios descriptivos de lenguas zapotecas: {F}onética-fonología, morfosintaxis y semántica léxica},
	editor = {Arellanes, Francisco and Mario Ernesto Chávez Peón and Rosa María Rojas Torres},
	pages = {91--138},
	publisher = {UNAM},
	title = {Los compuestos verbales y las expresiones idiomaticas del zapoteco miahuateco de {{San}} {B}artolomé {L}oxicha},
	year = {2022}
}

@incollection{BarrieUchihara2019,
	address = {London},
	author = {Uchihara, Hiroto and Barrie, Michael},
	booktitle = {The {{Routledge}} Handbook of {{North}} {{American}} Languages},
	editor = {Siddiqi, Daniel and Barrie, Michael and Gillon, Carrie and Haugen, Jason and Mathieu, Eric},
	pages = {424--451},
	publisher = {Routledge},
	title = {{Iroquoian} languages},
	year = {2019}
}

@inbook{pike1948tonemic,
	address = {Ann Arbor},
	author = {Pike, Kenneth L.},
	booktitle = {Tone languages},
	editor = {Pike, Kenneth L.},
	pages = {77--94},
	publisher = {University of Michigan Press},
	title = {Tonemic perturbations in Mixteco, with special emphasis on tonomechanical subclasses},
	year = {1948}
}

@inbook{millersande:2023,
	address = {Hoboken},
    author = {Miller, Taylor L. and Sande, Hannah},
	booktitle = {The Wiley {Blackwell} Companion to Morphology},
	pages = {1--43},
	publisher = {John Wiley \& Sons, Ltd},
	title = {Recursion in Morphology},
	year = {2023}
}

@inbook{evans:2002,
	address = {Berlin},
	author = {Evans, Nicholas and Sasse, Hans-Jürgen},
	booktitle = {Problems of polysynthesis},
	editor = {Evans, Nicholas and Sasse, Hans-Jürgen},
	publisher = {Akademie Verlag},
	title = {Introduction: {P}roblems of polysynthesis},
	year = {2002}
}

@inbook{dixonaikhenvald02,
	ids = {dixonaikhenvald:2002},
	address = {Cambridge},
	author = {Dixon, R. M. W. and Aikhenvald, Alexandra Y.},
	booktitle = {Word: {A} Cross-linguistic Typology},
	doi = {10.1017/CBO9780511486241.002},
	editor = {Dixon, R. M. W. and Aikhenvald, Alexandra Y.},
	pages = {1--41},
	publisher = {Cambridge University Press},
	title = {Word: {A} typological framework},
	year = {2002}
}

@inbook{bickel:2017,
	author = {Bickel, Balthasar and Zúñiga, Fernando},
	booktitle = {The {{Oxford}} Handbook of Polysynthesis},
	editors = {Fortescue, Michael D and Mithun, Marianne and Evans, Nicholas},
	publisher = {Oxford University Press},
	title = {The `word' in polysynthetic languages: {P}honological and syntactic challenges},
	year = {2017}
}

@inbook{bickel:2010,
	address = {Amsterdam},
	author = {Bickel, Balthasar},
	booktitle = {Clause Linking and Clause Hierarchy: {S}yntax and Pragmantics},
	editor = {Bril, Isabelle},
	pages = {51--101},
	publisher = {Benjamins},
	title = {Capturing particulars and universals in clause linkage},
	year = {2010}
}

@inbook{Kawahara15,
	author = {Shigeto Kawahara},
	booktitle = {Handbook of {{Japanese}} Phonetics and Phonology},
	doi = {doi:10.1515/9781614511984.445},
	editor = {Haruo Kubozono},
	pages = {445--492},
	publisher = {De Gruyter Mouton},
	title = {The phonology of {{Japanese}} accent},
	doi = {10.1515/9781614511984.445},
	year = {2015}
}

@inbook{Colot2013,
	address = {Oxford},
	author = {Colot, Serge and Ludwig, Ralph},
	booktitle = {The survey of pidgin and creole languages. {V}olume 2: {P}ortuguese-based, {{Spanish}}-based, and {{French}}-based Languages},
	editor = {Michaelis, Susanne Maria and Maurer, Philippe and Haspelmath, Martin and Huber, Magnus},
	publisher = {Oxford University Press},
	title = {Guadeloupean and Martinican {{Creole}}},
	url = {https://apics-online.info/surveys/50},
	year = {2013}
}

@inbook{Campbell2021a,
	address = {Leiden},
	author = {Campbell, Eric W.},
	booktitle = {Relative Clause Structure in {{Mesoamerican}} Languages},
	doi = {10.1163/9789004467842_007},
	pages = {194 - 227},
	publisher = {Brill},
	title = {Information structure and the syntax of {{Zenzontepec Chatino}} relative clauses},
	year = {2021}
}

@book{zwicky1977on-clitics,
	address = {Bloomington},
	author = {Zwicky, Arnold M.},
	publisher = {Indiana University Linguistics Club},
	title = {On clitics},
	year = {1977}
}

@book{zsiga2020phonology/phonetics,
	address = {Edinburgh},
	author = {Zsiga, Elizabeth C.},
	publisher = {Edinburgh University Press},
	title = {The Phonology/Phonetics Interface},
	year = {2020}
}

@book{zingg1998diccionario,
	address = {La Paz},
	author = {Zingg, Philipp},
	publisher = {Ministerio de Desattollo Sostenible y Planificacón - Viceministerio de Asuntos Indinas y Pueblos Originarios},
	title = {Diccionario Chacobo-Castellano y Castellano-Chacobo},
	year = {1998}
}

@book{zerilli2020adaptable,
	publisher = {Oxford University Press},
	author = {Zerilli, John},
	address = {Oxford},
	title = {The Adaptable Mind: {W}hat {n}europlasticity and Neural Reuse Tell Us about Language and Cognition},
	year = {2020}
}

@book{wimsatt2007re,
	publisher = {Harvard University Press},
	author = {Wimsatt, William C.},
	address = {Harvard},
	title = {Re-Engineering Philosophy for Limited Beings},
	year = {2007}
}

@book{wiltschko2014universal,
	publisher = {Cambridge University Press},
	author = {Wiltschko, Martina},
	address= {Cambridge},
	title = {The Universal Structure of Categories: {{T}}owards a Formal Typology},
	year = {2014}
}

@book{verswijver:club-fighters,
	address = {Almería},
	author = {Gustaaf Verswijver},
	edition = 2,
	publisher = {Turuti Books},
	title = {The club-fighters of the {A}mazon. {W}arfare among the {K}ayapo {I}ndians of {C}entral {B}razil},
	year = {2018}
}

@book{uchihara2016tone,
	address = {Oxford},
	author = {Uchihara, Hiroto},
	publisher = {Oxford University Press},
	title = {Tone and Accent in {Oklahoma} Cherokee},
	year = {2016}
}

@book{tallman2017nahuapaxahua,
	address = {San Bernadino},
	author = {Tallman, Adam J. R.},
	publisher = {Open Space},
	title = {Nahuapaxahua: {{C}}uento tradicional chacobo},
	year = {2017}
}

@book{selkirk1984phonology,
	address = {Cambridge},
	author = {Selkirk, Elisabeth O.},
	publisher = {The MIT Press},
	title = {Phonology and Syntax: {{T}}he Relation between Sound and Structure},
	year = {1984}
}

@book{seidl2001minimal,
	address = {London},
	author = {Seidl, Amanda},
	publisher = {Routledge},
	title = {Minimal Indirect Reference: {{A}} Theory of the Syntax-Phonology Interface},
	year = {2001}
}

@book{schwegler1990analyticity,
	address = {Berlin},
	author = {Schwegler, Armin},
	publisher = {Mouton de Gruyter},
	title = {Analyticity and Syntheticity: {A} Diachronic Perspective with Special Reference to {Romance} Languages},
	year = {1990}
}

@book{scheer2010guide,
	address = {Amsterdam},
	author = {Scheer, Tobias},
	publisher = {De Gruyter Mouton},
	title = {A Guide to Moprhosyntax-Phonology Interface Theories: {{H}}ow Extra-Phonological Information is Treated in Phonology since {T}rubetzkoy's Grenzsignale},
	year = {2010}
}

@book{schauer_meke_2005,
	address = {Bogotá},
	author = {Schauer, Junia and Schauer, Stanley and Yukuna, Eladio and Yukuna, Walter},
	publisher = {Fundación para el Desarrollo de los Pueblos Marginados},
	title = {Meke kemakánaka puráka'aloji: {{W}}apura'akó chu, eyá karíwana chu},
	year = {2005}
}

@book{samuels:2011,
	address = {Oxford},
	author = {Samuels, Bridget D},
	publisher = {Oxford University Press},
	title = {Phonological architecture: {{A}} biolinguistic perspective},
	year = {2011}
}

@book{sadock1991autolexical,
	address = {Chicago},
	author = {Sadock, Jerrold M.},
	publisher = {University of Chicago Press},
	title = {Autolexical syntax: {{A}} theory of parallel grammatical representations},
	year = {1991}
}

@book{richards2016contiguity,
	address = {Cambridge},
	author = {Richards, Norvin},
	publisher = {MIT Press},
	title = {Contiguity Theory},
	year = {2016}
}

@book{ramirez2001,
	address = {Manaus},
	author = {Ramirez, Henri},
	publisher = {Editora de Universidade do Amazonas},
	title = {Línguas {Arawak} da Amazônia Setentrional: {{C}}omparação e Descrição},
	year = {2001}
}

@book{powell:1891,
	address = {Washington},
	author = {Powell, John Wesley},
	number = {7},
	publisher = {Government Printing Office},
	title = {{Indian} Linguistic Families of {{America}}: {N}orth of {{Mexico}}},
	year = {1891}
}

@book{pitmanpitman:1980:banihistoria,
	address = {Riberalta},
	author = {Donald Pitman and Mary Pitman},
	publisher = {Instituto Lingüístico de Verano},
	title = {Historia Araona narrada por {Bani Huali}},
	year = {1980}
}

@book{pitmanpitman:1970:jerarquia,
	address = {Riberalta},
	author = {Donald Pitman and Mary Pitman},
	publisher = {Summer Institute of Linguistics},
	title = {{La} jerarquia fonologica en araona},
	year = {1970}
}

@book{pitmanmary:diccionario:1981,
	address = {Riberalta},
	author = {Mary Pitman},
	publisher = {Instituto Lingüístico de Verano},
	title = {Diccionario Araona y castellano},
	year = {1981}
}

@book{pikek48,
	address = {Ann Arbor},
	author = {Pike, Kenneth L.},
	publisher = {The University of Michigan Press},
	title = {Tone languages: {A} technique for determining the number and type of pitch contrasts in a language, with studies in tonemic substitution and fusion},
	year = {1948}
}

@book{pierrehumbertbeckman:1986,
	address = {Cambridge},
	author = {Pierrehumbert, Janet and Mary Beckman},
	publisher = {MIT Press},
	title = {{Japanese} Tone Structure},
	year = {1986}
}

@book{peperkamp1997prosodic,
	address = {The Hague},
	author = {Peperkamp, Sharon},
	publisher = {Holland Academic Graphics (HIL dissertations 34)},
	title = {Prosodic Words},
	year = {1997}
}

@book{payne2006exploring,
	address = {New York},
	author = {Payne, Thomas E.},
	publisher = {Cambridge University Press},
	title = {Exploring language structure: {A} student's guide},
	year = {2006}
}

@Book{partee1990mathematical,
  title     = {Mathematical Methods in Linguistics},
  publisher = {Kluwer Academic Publishers},
  year      = {1990},
  author    = {Partee, Barbara and Alice ter Meulen and Robert E. Wall},
  address   = {Dordrecht},
}

@book{palmer:2003,
	address = {Tucson},
	author = {Palmer Jr., Gus},
	publisher = {University of Arizona Press},
	title = {Telling stories the {{{Kiowa}}} way},
	year = {2003}
}

@book{ouhalla1999introducing,
	address = {London},
	author = {Ouhalla, Jamal},
	publisher = {Edward Arnold},
	title = {Introducing Transformational Grammar: {{F}}rom Principles and Parameters to Minimalism},
    edition = {2},
	year = {1999}
}

@book{nespor2007prosodic,
	address = {Berlin},
	author = {Nespor, Marina and Vogel, Irene},
	edition = 2,
	publisher = {Mouton de Gruyter},
	sortname = {Nespor, Marina and Vogel, Irene},
	title = {Prosodic Phonology (With a new foreword)},
	year = {2007}
}

@book{mielke2008emergence,
	address = {Oxford},
	author = {Mielke, Jeff},
	publisher = {Oxford University Press},
	title = {The Emergence of Distinctive Features},
	year = {2008}
}

@book{michaud2017tone,
	address = {Berlin},
	author = {Michaud, Alexis},
	publisher = {Language Sciences Press},
	title = {Tone in {Y}ongning {N}a: {{L}}exical tones and morphotonology},
	year = {2017}
}

@book{meadows:2010,
	address = {Austin},
	author = {Meadows, William C.},
	publisher = {University of Texas Press},
	title = {{Kiowa} ethnogeography},
	year = {2010}
}

@book{mcgregor2021neo,
	address = {Sheffield},
	author = {McGregor, William B.},
	publisher = {Equinox Publishing},
	title = {{Neo}-{F}irthian Approaches to Linguistic Typology},
	year = {2021}
}

@book{mccawley_phonological_1968,
	address = {The Hague},
	author = {McCawley, James D.},
	publisher = {Mouton},
	title = {The {Phonological} Component of a {Grammar} of {{Japanese}}},
	year = {1968}
}

@book{mccawley1988syntactic,
	address = {Chicago},
	author = {McCawley, James D.},
	publisher = {University of Chicago Press},
	title = {The Syntactic Phenomena of {English}},
	volume = 1,
	year = {1988}
}

@book{mccarthy_prosodic_2001,
	address = {New Brunswick},
	author = {McCarthy, John J. and Prince, Alan S.},
	doi = {10.7282/T3B856GM},
	month = {11},
	shorttitle = {Prosodic Morphology},
	publisher = {Rutgers University},
	title = {Prosodic Morphology: {C}onstraint Interaction and Satisfaction},
	year = {2001}
}

@book{mayo2018statistical,
	publisher = {Cambridge University Press},
	author = {Mayo, Deborah},
	address = {Cambridge},
	title = {Statistical Inference as Severe Testing: {H}ow to Get Beyond the Statistics Wars},
	year = {2018}
}

@book{martinet1962functional,
	address = {Oxford},
	author = {Martinet, André},
	publisher = {Clarendon Press},
	sortname = {Martinet, Andre},
	title = {A functional view of language},
	year = {1962}
}

@book{macaulay1996grammar,
	address = {Berkeley},
	author = {Macaulay, Monica A.},
	publisher = {University of California Press},
	title = {A grammar of {{Chalcatongo} {Mixtec}}},
	year = {1996}
}

@book{louagie2021nouna,
	address = {Boston/Berlin},
	author = {Louagie, Dana},
	publisher = {De Gruyter},
	title = {Noun Phrases in {Australian} Languages: {{A}} Typological Study},
	year = {2021}
}

@book{longacre1957proto-mixtecan,
	address = {Bloomington},
	author = {Longacre, Robert E.},
	journal = {International Journal of American Linguistics},
	publisher = {Indiana University},
	title = {Proto-{M}ixtecan},
	year = {1957}
}

@book{liebercompounds:2017,
	address = {Cambridge},
	author = {Rochelle Lieber},
	publisher = {Cambridge University Press},
	title = {Compounds and compounding},
	year = {2017}
}

@book{levine2017syntactic,
	address = {Cambridge},
	author = {Levine, Robert D.},
	publisher = {Cambridge University Press},
	title = {Syntactic analysis: {A}n {HPSG}-based approach},
	year = {2017}
}

@book{ladd2008,
	address = {Cambridge},
	author = {Ladd, D. Robert},
	edition = 2,
	publisher = {Cambridge University Press},
	title = {Intonational Phonology},
	year = {2008}
}

@book{kuroda_yawelmani_1967,
	address = {Cambridge},
	author = {Kuroda, Sige-Yuki},
	publisher = {MIT Press},
	title = {Yawelmani {Phonology}},
	year = {1967}
}

@book{kroeger2005analyzing,
	address = {Cambridge},
	author = {Kroeger, Paul R.},
	publisher = {Cambridge University Press},
	title = {Analyzing Syntax: {{A}} Lexical-functional introduction},
	year = {2005}
}

@book{kotay:2005,
	address = {Lincoln},
	author = {Kotay, Ralph},
	publisher = {University of Nebraska Press},
	title = {{Kiowa} Hymns},
	year = {2005}
}

@book{kahneman2021noise,
	address = {New York},
	author = {Kahneman, Daniel and Olivier Sibony and Cass R. Sunstein},
	publisher = {Little Brown Spark},
	title = {Noise: {{A}} Flaw in Human Judgment},
	year = {2021}
}

@book{kager1999prosody,
	address = {Cambridge},
	author = {Kager, René and Harry van der Hulst and Wim Zonnevald},
	doi = {10.1017/CBO9780511627729},
	publisher = {Cambridge},
	sortname = {Kager, Rene and Harry van der Hulst and Wim Zonnevald},
	title = {The Prosody-Morphology Interface},
	year = {1999}
}

@book{jackendoff_architecture_1997,
	address = {Cambridge},
	author = {Jackendoff, Ray},
	publisher = {MIT Press},
	title = {The {Architecture} of the {Language} {Faculty}},
	year = {1997}
}

@book{hollenbach2013gramatica,
	address = {Tlalpan \& Mexico},
	author = {Hollenbach, Barbara E. and Elena Erickson},
	publisher = {Instituto Lingüístico de Verano, A.C.},
	title = {Gramática del mixteco de {Magdalena {Pe}{\~n}asco (Sa'an {\~N}uu {Savi})}},
	year = {2013}
}

@book{hockett1958course,
	address = {New York},
	author = {Charles F. Hockett},
	publisher = {The Macmillan company},
	title = {A course in modern linguistics},
	year = {1958}
}

@book{herrerosanchez:gramaticaquechua:1978,
	address = {Cochabamba},
	author = {Joaquín, Herrero and Federico Sánchez de Lozada},
	publisher = {Editorial Universo},
	sortname = {Joaquin, Herrero and Federico Sanchez de Lozada},
	title = {Gramática del {{{Quechua}}}: {{E}}structura del {{{Quechua}}} {B}oliviano contemporáneo},
	year = {1978}
}

@book{harris2017,
	address = {Oxford},
	author = {Alice Harris},
	publisher = {Oxford University Press},
	title = {Multiple Exponence},
	year = {2017}
}

@book{harrington:1928,
	address = {University of Michigan},
	author = {Harrington, John Peabody},
	issue = {Bureau of American Ethnology Bulletin},
	number = {84},
	publisher = {US Government Printing Office},
	title = {Vocabulary of the {{Kiowa}} language},
	year = {1928}
}

@book{harrington:1910,
	address = {Boston},
	author = {Harrington, John Peabody},
	publisher = {Archaeological Institute of America},
	title = {On phonetic and lexic resemblances between {Kiowan} and {Tanoan}},
	year = {1910}
}

@book{hammarstrom_glottolog_2019,
	address = {Jena},
	author = {Hammarström, Harald and Forkel, Robert and Haspelmath, Martin},
	publisher = {Max Planck Institute for the Science of Human History},
	sortname = {Hammarstrom, Harald and Forkel, Robert and Haspelmath, Martin},
	title = {Glottolog 4.1},
	url = {https://glottolog.org/},
	year = {2019}
}

@book{hacking1983representing,
	address = {Cambridge},
	author = {Hacking, Ian},
	publisher = {Cambridge University Press},
	title = {Representing and intervening: {I}ntroductory topics in the philosophy of natural science},
	year = {1983}
}

@book{gud58,
	address = {Baltimore},
	author = {Gudschinsky, Sarah C.},
	publisher = {Waverly Press},
	title = {Proto-{Popotecan}: {A} comparative study of {Popolocan} and {{Mixtecan}}},
	year = {1958}
}

@book{gonzález:1997:araona,
	address = {Lyon},
	author = {Hebe González},
	publisher = {Université {L}umière {L}yon {II}},
	sortname = {Hebe Gonzalez},
	title = {L'araona (langue Takana de {B}olivie). {{E}}léments de sociolinguistique, phonétique et phonologie},
	year = {1997}
}

@book{gonzales:2001,
	address = {Chickasha},
	author = {Gonzales, Alecia Keahbone},
	publisher = {University of Science and Arts of Oklahoma Foundation},
	title = {Thaum khoiye tdoen gyah: {B}eginning {{Kiowa}} language},
	year = {2001}
}

@book{girard:1971,
	address = {Berkeley},
	author = {Girard, Victor},
	publisher = {University of California Press},
	title = {Proto-Takanan phonology},
	year = {1971}
}

@book{gibson:1962,
	address = {Norman},
	author = {Gibson, Lorna and Redbird, Carrie and Redbird, Charles and Toyebo, Louis and Wolfe, William},
	publisher = {Summer Institute of Linguistics},
	title = {Kawy-Dawkhyah Dawgyah: {K}iowa {{Christian}} Songs},
	year = {1962}
}

@book{fleck2013panoan,
	address = {Washington},
	author = {Fleck, David},
	publisher = {Anthropological Papers of the American Museum of Natural History},
	title = {Panoan Languages and Linguistics},
	year = {2013}
}

@book{fery2017intonation,
	publisher = {Cambridge University Press},
	author = {Féry, Caroline},
	address = {Cambridge},
	sortname = {Fery, Caroline},
	title = {Intonation and prosodic structure},
	year = {2017}
}

@book{emkow:2019:araonarepublish,
	address = {Munich},
	author = {Carola Emkow},
	number = {19},
	publisher = {LINCOM},
	series = {Outstanding grammars from {A}ustralia},
	title = {A Grammar of {A}raona},
	year = {2019}
}

@book{dixon_basic_2010,
	ids = {dixon:2010,dixon2010basica,dixon2010basic},
	address = {Oxford},
	author = {Dixon, R. M. W.},
	publisher = {Oxford University Press},
	title = {Basic linguistic theory, {Vol}. 2: {Grammatical} {Topics}},
	year = {2010}
}


@book{dixon1997rise,
	address = {Cambridge},
	author = {Dixon, R. M. W.},
	publisher = {Cambridge University Press},
	title = {The Rise and Fall of Languages},
	year = {1997}
}

@book{culicover2005simpler,
	address = {Oxford},
	author = {Culicover, Peter W. and Jackendoff, Ray},
	publisher = {Oxford University Press},
	title = {Simpler Syntax},
	year = {2005}
}

@book{croft2022cambridge,
	address = {Cambridge},
	author = {William Croft},
	publisher = {Cambridge University Press},
	title = {{Morphosyntax}: {{C}}onstructions of the World's Languages},
	year = {2022}
}

@book{chomsky_sound_1968,
	address = {New York},
	author = {Chomsky, Noam and Halle, Morris},
	publisher = {Harper and Row},
	title = {The {Sound} {Pattern} of {{English}}},
	year = {1968}
}

@book{chomsky1965aspects,
	address = {Cambridge},
	author = {Chomsky, Noam},
	publisher = {MIT Press},
	title = {Aspects of the Theory of Syntax},
	year = {1965}
}

@book{chao2011grammar,
	address = {Beijing},
	author = {Chao, Yuen Ren},
	publisher = {The Commercial Press},
	title = {A Grammar of Spoken {Chinese}},
	year = {2011}
}

@book{cerronpalominoquechua:1994,
	address = {Lima},
	author = {Cerrón-Palomino, Rodolfo},
	publisher = {Biblioteca},
	sortname = {Cerron-Palomino, Rodolfo},
	title = {{{{Quechua}}} Sureño: {D}iccionario unificado: {Q}uechua-Castellano Castellano-{{{Quechua}}}},
	year = {1994}
}

@book{cerronpalomino1987,
	address = {Cusco},
	author = {Rodolfo Cerrón-Palomino},
	publisher = {Centro de Estudios Rurales Andinos ``Bartolomé de las Casas"},
	sortname = {Rodolfo Cerrozn-Palomino},
	title = {Lingüística {{Quechua}}},
	year = {1987}
}

@book{carruthers2006architecture,
	address = {Oxford},
	author = {Carruthers, Peter},
	doi = {10.1093/acprof:oso/9780199207077.001.0001},
	publisher = {Clarendon Press},
	title = {The architecture of mind: {M}assive modularity and the flexibility of thought},
	year = {2006}
}

@book{carnie2008constituent,
	address = {New York},
	author = {Carnie, Andrew},
	publisher = {Oxford University Press},
	title = {Constituent Structure},
	year = {2010}
}

@book{bybee2001phonology,
	address = {Cambridge},
	author = {Bybee, Joan},
	publisher = {Cambridge University Press},
	title = {Phonology and Language Use},
	year = {2001}
}

@book{brown1980syntax,
	address = {London},
	author = {Brown, E. Keith and Miller, Jim E.},
	publisher = {Hutchinson University Library},
	title = {Syntax: {A} Linguistic Introduction to Sentence Structure},
	year = {1980}
}

@book{borja2023typological,
	address = {Oxford},
	author = {Herce, Borja},
	publisher = {Oxford University Press},
	title = {The Typological Diversity of Morphomes: {{A}} Cross-Linguistic Study of Unnatural Morphology},
	year = {2023}
}

@book{booij2005grammar,
	address = {Oxford and New York},
	author = {Booij, Geert},
	publisher = {Oxford University Press},
	title = {The Grammar of Words},
	year = {2005}
}

@book{blevins2016word,
	address = {Oxford},
	author = {Blevins, James P.},
	publisher = {Oxford University Press},
	title = {Word and Paradigm Morphology},
	year = {2016}
}

@book{bills1971introdution,
	address = {Austin},
	author = {Bills, Garland D. and Vallejo, Bernardo and Troike, Rudolph},
	publisher = {University of Texas at Austin},
	title = {An introdution to spoken {B}olivian {Q}uechua},
	year = {1971}
}

@book{bazell1953linguistic,
	address = {Istanbul},
	author = {Bazell, Charles Ernest},
	publisher = {Istanbul Press},
	title = {Linguistic Form},
	year = {1953}
}

@book{baker1995english,
	address = {Cambridge},
	author = {Baker, C. L.},
	publisher = {MIT Press},
	title = {{English} Syntax},
	edition = {2},
	year = {1995}
}

@book{austinetal95,
	address = {Tucson},
	author = {Krumholz, Jeanne Austin and Dolson, Marjorie Kalstrom and Ayuso, Miguel Hernández},
	publisher = {Instituto Lingüístico de Verano},
	sortname = {Krumholz, Jeanne Austin and Dolson, Marjorie Kalstrom and Ayuso, Miguel Hern{a}ndez},
	title = {Diccionario popoloca de {San} {Juan} Atzingo, {Puebla}},
	year = {1995}
}

@book{anderson2019boas,
	address = {Stanford},
	author = {Anderson, Mark},
	publisher = {Stanford University Press},
	title = {From Boas to Black Power: {{R}}acism, Liberalism, and {American} Anthropology},
	year = {2019}
}

@book{adger:2009,
	address = {Cambridge},
	author = {Adger, David and Harbour, Daniel and Watkins, Laurel J.},
	number = {122},
	publisher = {Cambridge University Press},
	title = {Mirrors and microparameters: {P}hrase structure beyond free word order},
	year = {2009}
}

@book{adger2003core,
	address = {Cambridge},
	author = {Adger, David},
	publisher = {Oxford University Press},
	title = {Core Syntax: {{A}} Minimalist Approach},
	year = {2003}
}

@book{adelaar2004,
	address = {Cambridge},
	author = {Willem F. H. Adelaar and Pieter C. Muysken},
	publisher = {Cambridge University Press},
	title = {The Languages of the {Andes}},
	year = {2004}
}

@book{adelaar1977:tarmaquechua,
	address = {Lisse},
	author = {Willem F. H. Adelaar},
	publisher = {The Peter de Ridder Press},
	title = {Tarma {{Quechua}}: {G}rammar, texts, dictionary},
	year = {1977}
}

@book{ackermann1985data,
	address = {New Jersey},
	author = {Ackermann, Robert John},
	publisher = {Princeton University Press},
	title = {Data, Instruments, and Theory: {{A}} Dialectical Approach to Understanding Science},
	year = {1985}
}

@book{Watkins:1984,
	address = {Lincoln},
	author = {Watkins, Laurel J.},
	note = {with assistance of Parker McKenzie},
	publisher = {University of Nebraska Press},
	title = {A Grammar of {{Kiowa}}},
	year = {1984}
}

@book{Stenzel2013,
	address = {Lincoln},
	author = {Stenzel, Kristine},
	publisher = {University of Nebraska Press},
	title = {A Reference Grammar of {Kotiria} {W}anano},
	year = {2013}
}

@book{Sapir1921,
	address = {New York},
	author = {Sapir, Edward},
	publisher = {Harcourt, Brace and World},
	title = {Language},
	year = {1921}
}

@book{Sadock2003,
	address = {Munich},
	author = {Sadock, Jerrold M.},
	number = {162},
	publisher = {Lincom Europa},
	series = {Languages of the {World}/{Materials}},
	title = {A grammar of {Kalaallisut} ({{West}} {{Greenlandic}} {Inuttut})},
	year = {2003}
}

@book{Reuse1994,
	address = {Salt Lake City},
	author = {de Reuse, Willem J.},
	publisher = {University of Utah Press},
	series = {Studies in {I}ndigenous {L}anguages of the {Americas}},
	title = {{Siberian} {Yupik} {{Eskimo}}: {The} language and its contacts with {Chukchi}},
	year = {1994}
}

@book{Reed1977,
	address = {Fairbanks},
	author = {Reed, Irene and Miyaoka, Osahito and Jacobson, Steven A. and Afcan, Paschal and Krauss, Michael E.},
	publisher = {Alaska Native Language Center, University of Alaska},
	title = {Yup'ik {{Eskimo}} grammar},
	year = {1977}
}

@book{Ramirez2006,
	address = {Sao Paulo},
	author = {Ramirez, Henri},
	publisher = {SSL/Libro},
	title = {A Língua dos {Hupd'äh} do {{Alto}} {{Rio Negro}}: {D}icionário e Guia de Conversa{\c c}{\~a}o},
	year = {2006}
}

@book{Payne1997,
	address = {Cambridge},
	author = {Payne, Thomas E.},
	callnumber = {P241 .P39 1997},
	isbn = {978-0-521-58224-7},
	publisher = {Cambridge University Press},
	title = {Describing morphosyntax: {A} guide for field linguists},
	year = {1997}
}

@book{NewTestamentTranslationintoChorote1997,
	address = {Buenos Aires},
	author = {Gomez, Julian and Drayson, Nicholas},
	publisher = {Sociedad Bíblica Argentina},
	title = {Sinia' Jlamtis. {{{E}}}l Nuevo Testamento en el idioma iyojwa'ja (chorote)},
	year = {1997}
}

@book{Nercesian2014,
	address = {Munich},
	author = {Nercesian, Verónica},
	number = {74},
	publisher = {LINCOM},
	series = {Studies in Native American Linguistics},
	sortname = {Nercesian, Veronica},
	title = {Wichi lhomtes: {{E}}studio de la gramática y la interacción fonología--morfología--sintaxis--semántica},
	year = {2014}
}

@book{Montgomery-Anderson2015,
	address = {Lincoln},
	author = {Montgomery-Anderson, Brad},
	publisher = {University of Nebraska Press},
	title = {A reference grammar of {{Oklahoma}} {Cherokee}},
	year = {2015}
}

@book{Miyaoka2012,
	address = {Berlin},
	author = {Miyaoka, Osahito},
	number = {58},
	publisher = {Walter de Gruyter},
	series = {Mouton {Grammar} {Library}},
	title = {A grammar of {{Central}} {Alaskan} {Yupik} ({{CAY}})},
	year = {2012}
}

@book{Mattiola2019,
	address = {Amsterdam},
	author = {Mattiola, Simone},
	publisher = {John Benjamins},
	title = {Typology of pluractional constructions in the languages of the world},
	year = {2019}
}

@book{Martins2004,
	address = {Amsterdam},
	author = {Martins, Silvana A.},
	publisher = {LOT Dissertation Series},
	title = {Fonologia e gramática {Dâw}},
	year = {2004}
}

@book{Malchukov2010,
	address = {Berlin/New York},
	author = {Malchukov, Andrej and Haspelmath, Martin and Comrie, Bernard},
	booktitle = {Studies in ditransitive constructions. {A} comparative handbook},
	editor = {Malchukov, Andrej and Haspelmath, Martin and Comrie, Bernard},
	isbn = {9783110220360},
	publisher = {De Gruyter},
	title = {Studies in ditransitive constructions. {A} comparative handbook},
	year = {2010}
}

@misc{Lindsey1987,
	author = {Lindsey, Geoffrey},
	note = {{U}npublished manuscript University College London},
	title = {{C}herokee pitch phonology},
	year = {1987}
}

@book{Launey1994,
	address = {Paris},
	author = {Launey, Michel},
	publisher = {CNRS},
	title = {Une grammaire omniprédicative},
	year = {1994}
}

@book{Kleinschmidt1851,
	address = {Berlin},
	author = {Kleinschmidt, Samuel},
	note = {Reprinted 1968, Hildesheim: Georg Olms.},
	publisher = {Geog Olms},
	title = {{Grammatik} der {Grönländischen} {{Sprache}}},
	year = {1851}
}

@book{Kenstowicz1979,
	address = {New York},
	author = {Kenstowicz, Michael and Kisseberth, Charles},
	doi = {10.2307/413703},
	publisher = {Academic Press},
	title = {Generative phonology. {D}escription and theory},
	year = {1979}
}

@book{Katamba1992,
	address = {London and New York},
	author = {Katamba, Francis},
	doi = {10.1016/s0095-4470(19)30628-x},
	edition = 8,
	isbn = {058229150X},
	publisher = {Longman},
	title = {An introduction to Phonology},
	year = {1996}
}

@book{Jacobson2012,
	address = {Fairbanks},
	author = {Jacobson, Steven A.},
	publisher = {Alaska Native Language Center, University of Alaska},
	title = {Yup'ik {{Eskimo}} dictionary},
	year = {2012}
}

@book{Jacobson1995,
	address = {Fairbanks},
	author = {Jacobson, Steven A.},
	publisher = {Alaska Native Language Center, University of Alaska},
	title = {A practical grammar of the {{Central}} {Alaskan} {Yup}'ik {{Eskimo}} language},
	year = {1995}
}

@book{Inkelas:1990,
	address = {New York},
	author = {Sharon Inkelas},
	publisher = {Garland Outstanding Dissertations in Linguistics},
	title = {Prosodic constituency in the lexicon},
	year = {1990}
}

@book{Hermitte1995a,
	address = {Misiones},
	author = {Hermitte, Esther and Carrera, Nicolás and Isla, Raúl},
	publisher = {Universidad Nacional de Misiones},
	sortname = {Hermitte, Esther and Carrera, Nicolas and Isla, Raul},
	title = {Estudio sobre la situación de los aborígenes de la provincia del Chaco y políticas de para su integración},
	volume = {2},
	year = {1995}
}

@book{Hayes1995,
	address = {Chicago},
	author = {Hayes, Bruce},
	publisher = {University of Chicago Press},
	title = {Metrical stress theory: {P}rinciples and case studies},
	year = {1995}
}

@book{Hayes,
	address = {West Sussex},
	author = {Hayes, Bruce},
	isbn = {9781405184113},
	publisher = {Wiley-Blackwell},
	title = {Introductory phonology},
	year = {2009}
}

@book{Gussenhoven2011,
	address = {London},
	author = {Gussenhoven, Carlos and Jacobs, Haike},
	edition = 3,
	publisher = {Hodder Ardnold},
	title = {Understanding Phonology},
	year = {2011}
}

@book{Guillaume2008,
	address = {Berlin \& New York},
	author = {Antoine Guillaume},
	publisher = {Mouton de Gruyter},
	title = {A {G}rammar of {C}avineña},
	year = {2008}
}

@book{Gualdieri2006,
	address = {Ciudad Autónoma de Buenos Aires},
	author = {Gualdieri, Beatriz and Citro, Silvia},
	isbn = {0000000000},
	publisher = {Facultad de Filosofía y Letras, UBA},
	title = {Lengua , cultura e historia mocoví en {{Santa}} Fe},
	year = {2006}
}

@book{Gordon2016,
	address = {Oxford},
	author = {Gordon, Matthew K.},
	isbn = {2013206534},
	publisher = {Oxford University Press},
	title = {Phonological typology},
	year = {2016}
}

@book{Fortescue2010,
	address = {Fairbanks},
	author = {Fortescue, Michael D. and Jacobson, Steven and Kaplan, Lawrence},
	edition = 2,
	publisher = {Alaska Native Language Center},
	title = {Comparative {{Eskimo}} dictionary, with {{Aleut}} Cognates},
	year = {2010}
}

@book{Fortescue1984,
	address = {Kent},
	author = {Fortescue, Michael D.},
	publisher = {Croom Helm},
	series = {Croom {Helm} Descriptive Grammars},
	title = {{West} {{Greenlandic}}},
	year = {1984}
}

@book{Foreman1938,
	address = {Norman},
	author = {Foreman, Grant},
	publisher = {University of Oklahoma Press},
	title = {Sequoya},
	year = {1938}
}

@book{Foley1984,
	address = {Cambridge},
	author = {Foley, William A. and Van Valin, Robert D.},
	publisher = {Cambridge University Press},
	title = {Functional syntax and {{U}}niversal {G}rammar},
	year = {1984}
}

@book{FeelingEtAl2018,
	address = {Norman},
	author = {Feeling, Durbin and Pulte, William and Pulte, Gregory},
	publisher = {University of Oklahoma Press},
	title = {{C}herokee Narratives: {A} Linguistic Study},
	year = {2018}
}

@book{FeelingEtAl2003,
	address = {Park Hill},
	author = {Feeling, Durbin and Kopris, Craig and Lachler, Jordan and van Tuyl, Charles},
	publisher = {{C}herokee National Historical Society},
	title = {A Handbook of the {C}herokee Verb: {A} Preliminary Study},
	year = {2003}
}

@book{Feeling1975,
	address = {Talequah},
	author = {Feeling, Durbin},
	publisher = {{C}herokee Nation of Oklahoma},
	title = {{C}herokee-{{English}} dictionary Tsalagi-Yonega Didehlogwasdohdi},
	year = {1975}
}

@book{Epps2008,
	address = {Berlin},
	author = {Epps, Patience},
	number = {43},
	publisher = {Mouton de Gruyter},
	series = {Mouton Grammar Library},
	title = {A Grammar of {{Hup}}},
	year = {2008}
}

@book{DraysonGomez2000,
	address = {Tartagal},
	author = {Drayson, Nicholas and Frías, Sebastian and Gomez, Julián},
	publisher = {ASOCIANA},
	sortname = {Drayson, Nicholas and Frias, Sebastian and Gomez, Julian},
	title = {{Sake}' iyo ti iyojwa'jats'e'm. {S}omos chorotes -- Nuestras costumbres},
	year = {2000}
}

@book{Dixon2009,
	address = {Oxford},
	author = {Dixon, R. M. W.},
	publisher = {Oxford University Press},
	title = {Basic Linguistic Theory 2: {G}rammatical Topics.},
	year = {2009}
}

@book{Comrie1981,
	address = {Oxford},
	author = {Bernard Comrie},
	publisher = {Basil Blackwell},
	title = {Language Universals and Linguistic Typology},
	year = {1981}
}

@book{Colot2002,
	address = {Peti-Bourg},
	author = {Colot, Serge},
	collection = {Guides du CAPES de créole},
	isbn = {978-2-84450-136-3},
	publisher = {Ibis Rouge Ed},
	series = {Guides du CAPES de créole},
	title = {Guide de lexicologie des créoles guadeloupéen et martiniquais},
	year = {2002}
}

@book{Carpio2012a,
	address = {München},
	author = {Carpio, María Belén},
	isbn = {9783862883745},
	publisher = {LINCOM},
	sortname = {Carpio, Maria Bel{en}},
	title = {Fonología y morfosintaxis de la lengua hablada por grupos tobas en el oeste de Formosa ({{Argentina}})},
	year = {2012}
}

@book{Carol2018,
	address = {Diccionario Bilingüe Manjui -- Castellano. Curupaity},
	author = {Carol, Javier J.},
	publisher = {Secretaría de Políticas Lingüísticas},
	title = {Inamtes Jleeizi' Inkijwas ji'lij -- Kiláyi Ji'lij},
	year = {2018},
	langid = {es}
}

@book{Carol2014,
	address = {Munich},
	author = {Carol, Javier J.},
	number = {72},
	publisher = {LINCOM},
	series = {Studies in Native American Linguistics},
	title = {Lengua chorote (mataguayo): {E}studio fonológico y morfosintáctico},
	year = {2014}
}

@misc{Campbell2012,
	author = {Campbell, Eric W.},
	publisher = {Endangered Languages Archive},
	title = {Documentation of {{Zenzontepec Chatino}} Language and Culture},
	url = {handle.net/2196/00-0000-0000-0002-2B1F-3.},
	year = {2012}
}

@book{Bybee2010,
	address = {Cambridge},
	author = {Bybee, Joan},
	publisher = {Cambridge University Press},
	title = {Language, Usage and Cognition},
	year = {2010}
}

@book{Buckwalter1995,
	address = {Elkhart},
	author = {Buckwalter, Alberto},
	publisher = {Mennonite Board of Missions},
	title = {Vocabulario Mocovi},
	year = {1995}
}

@book{Blevins2004,
	address = {Cambridge},
	author = {Blevins, Juliette},
	publisher = {Cambridge University Press},
	title = {Evolutionary phonology: {T}he emergence of sound patterns},
	year = {2004}
}

@book{Bernabe2013,
	address = {Fort-de-France},
	author = {Bernabé, Jean},
	publisher = {le Teneur},
	sortname = {Bernabe, Jean},
	title = {Obidjoul: {A}pproche écologique et cognitive au service du mieux lire-écrire le créole},
	year = {2013}
}

@book{Bernabe1983,
	address = {Paris},
	author = {Bernabé, Jean},
	publisher = {L’Harmattan},
	sortname = {Bernabe, Jean},
	title = {Fondal-Natal: {G}rammaire Basilectale Approchée Des Créoles Guadeloupéen et Martiniquais: {A}pproche Sociolittéraire, Sociolinguistique et Syntaxique},
	volume = {1},
	year = {1983}
}

@book{Bergsland1955,
	address = {Zug},
	author = {Bergsland, Knut},
	publisher = {Micro-Editions of Interdocumentation},
	title = {A grammatical outline of the {{Eskimo}} language of {{West}} {Greenland}},
	year = {1955}
}

@book{Aronoff2005,
	address = {Oxford},
	author = {Aronoff, Mark and Fudeman, Kirsten},
	publisher = {Blackwell},
	title = {What is morphology?},
	year = {2005}
}

@book{Anderson2006,
	address = {Oxford},
	author = {Anderson, Gregory D. S.},
	publisher = {Oxford University Press},
	title = {Auxiliary verb constructions},
	year = {2006}
}

@book{Anderson2005,
	address = {Oxford},
	author = {Anderson, Stephen R.},
	publisher = {Oxford University Press},
	title = {Aspects of the Theory of Clitics},
	year = {2005}
}

@book{2p20,
	address = {Berlin},
	author = {Wackernagel, Jacob},
	publisher = {Language Science Press},
	title = {On a law of {{Indo}}-{{European}} word order: {\"{{U}}ber} ein {Gesetz} der indogermanischen {{Wortstellung}}},
	year = {2020}
}

@article{zuniga2014anti,
	author = {Zúñiga, Fernando},
	journal = {Morphology},
	pages = {161--175},
	sortname = {Zuniga, Fernando},
	title = {({A}nti)-cliticization in Mapudungun},
	volume = {24},
	year = {2014}
}

@article{wonderly:1954,
	author = {Wonderly, William L. and Gibson, Lorna F. and Kirk, Paul L.},
	journal = {International Journal of American Linguistics},
	number = {1},
	pages = {1--7},
	publisher = {Indiana University},
	title = {Number in {{Kiowa}}: {N}ouns, demonstratives, and adjectives},
	volume = {20},
	year = {1954}
}

@article{weber1993binding,
	author = {Weber, David J.},
	doi = {10.31356/silwp.vol37.06},
	series = {Work Papers of the Summer Institute of Linguistics},
	number = {6},
	title = {The binding properties of {Q}uechua suffixes},
	volume = {37},
	year = {1993}
}

@article{weber1983relationship,
	author = {Weber, David J.},
	doi = {10.31356/silwp.vol27.10},
	journal = {Work {P}apers of the {S}ummer {I}nstitute of {L}inguistics},
	number = {10},
	title = {The relationship of morphology and syntax: {{E}}vidence from {Q}uechua},
	volume = {27},
	year = {1983}
}

@article{watkins:2010,
	author = {Watkins, Laurel J. and Harbour, Daniel},
	journal = {International {J}ournal of American linguistics},
	number = {3},
	pages = {309--333},
	publisher = {University of Chicago Press Chicago, IL},
	title = {The linguistic genius of Parker {{McK}}enzie's {{{Kiowa}}} alphabet},
	volume = {76},
	year = {2010}
}

@article{watkins:1993,
	author = {Watkins, Laurel J.},
	journal = {International Journal of American Linguistics},
	number = {2},
	pages = {137--164},
	publisher = {University of Chicago Press},
	title = {The discourse functions of {{Kiowa}} switch-reference},
	volume = {59},
	year = {1993}
}

@article{watkins:1990,
	author = {Watkins, Laurel J.},
	journal = {International Journal of American Linguistics},
	number = {3},
	pages = {410--426},
	publisher = {University of Chicago Press},
	title = {Noun phrase versus zero in {{Kiowa}} discourse},
	volume = {56},
	year = {1990}
}

@article{wagner:2010,
	author = {Wagner, Michael},
	journal = {Natural Language \& Linguistic Theory},
	number = {1},
	pages = {183--237},
	publisher = {Springer},
	title = {Prosody and recursion in coordinate structures and beyond},
	volume = {28},
	year = {2010}
}

@article{vogel2008morphology,
	author = {Vogel, Irene},
	journal = {Acta Linguistica Hungarica},
	pages = {205--226},
	title = {The morphology-phonology interface: {{I}}solating to polysynthetic languages},
	volume = {1-2},
	year = {2008}
}

@article{verswijver:juruna,
	author = {Gustaaf Verswijver},
	journal = {Jahrbuch des Museums für Völkerkunde zu Leipzig},
	olume = {XXXIV},
	pages = {305--315},
	title = {The intertribal relations between the {J}uruna and the {K}ayapo {I}ndians (1850-1920)},
	volume = {36},
	year = {1982}
}

@article{ventayol2021classifiers,
	author = {Ventayol-Boada, Albert},
	journal = {Amerindia},
	pages = {177--210},
	title = {From classifiers to subordination: {N}ominal origins of relativizers and subordinators in {Tù'un na Ñuu Sá Mátxíí Ntxè'è ({Mixtec})}},
	volume = {43},
	year = {2021}
}

@article{uchihara2021minimality,
	author = {Uchihara, Hiroto and Mendoza Ruíz, Juana},
	journal = {Natural Language \& Linguistic Theory},
	pages = {599--649},
	publisher = {Springer},
	sortname = {Uchihara, Hiroto and Mendoza Ruiz, Juana},
	title = {Minimality, maximality and perfect prosodic word in {A}lcozauca {{Mixtec}}},
	volume = {40},
	year = {2022}
}

@article{truckenbrodt_relation_1999,
	author = {Truckenbrodt, Hubert},
	doi = {10.1162/002438999554048},
	journal = {Linguistic Inquiry},
	month = apr,
	pages    = {219--255},
	number = {2},
	title = {On the {Relation} between {Syntactic} {Phrases} and {Phonological} {Phrases}},
	urldate = {2023-04-20},
	volume = {30},
	year = {1999}
}

@article{trager:1959,
	author = {Trager, George L. and Trager, Edith Crowell},
	journal = {American Anthropologist},
	number = {6},
	pages = {1078--1083},
	publisher = {JSTOR},
	title = {{Kiowa} and {Tanoan}},
	volume = {61},
	year = {1959}
}

@article{tallmanacceptedprefix,
	ids = {tallmangallinate},
	author = {Tallman, Adam J. R. and Gabriel Gallinate},
	journal = {Amerindia},
	title = {The prefix \emph{e-} in {A}raona ({T}akana)},
	pubstate = {Accepted},
}

@article{tallman2023measuring,
	author = {Adam J. R. Tallman and Sandra Auderset},
	journal = {Linguistic Typology},
	number = {1},
	pages = {113--156},
	title = {Measuring and assessing indeterminacyand variation in the morphology-syntax distinction},
	volume = {27},
	year = {2023}
}

@article{tallman2021caroline,
	author = {Tallman, Adam J. R.},
	journal = {Journal of Linguistics},
	number = {57},
	pages = {208--214},
	title = {Caroline {F}éry, Intonation and prosodic structure ({Key} Topics in Phonology). {{C}}ambridge: {{C}}ambridge University Press, 2017. {{P}}p. {{I}}x 374.},
	volume = {1},
	year = {2021}
}

@article{tallman2021analysis,
	author = {Tallman, Adam J. R.},
	journal = {Theoretical Linguistics},
	number = {1-2},
	pages = {95--112},
	title = {Analysis and falsifiability in practice},
	volume = {47},
	year = {2021}
}

@article{stout-thomson:fonemica,
	annote = {SIL, Bras\'ilia},
	author = {Mickey Stout and Ruth Thomson},
	journal = {Série Lingu\'istica},
	pages = {153--176},
	title = {Fon\^emica {T}xukaham\~ei ({K}ayap\'o)},
	volume = {3},
	year = {1974}
}

@article{sonderegger2018boundary,
	author = {Kilbourn-Ceron, Oriana and Sonderegger, Morgan},
	journal = {Natural Language and Linguistic Theory},
	pages = {175–217},
	title = {Boundary phenomena and variability in {Japanese} high vowel devoicing},
	volume = {36},
	year = {2018}
}

@article{sobin2008do,
	author = {Sobin, Nicholas},
	journal = {Linguistic Inquiry},
	number = {1},
	pages = {147--160},
	title = {``{D}o so" and {VP}},
	volume = {39},
	year = {2008}
}

@article{skirgard2023grambank,
	author = {Skirgård, Hedvig and Haynie, Hannah J and Blasi, Damián E and Hammarström, Harald and Collins, Jeremy and Latarche, Jay J and Lesage, Jakob and Weber, Tobias and Witzlack-Makarevich, Alena and Passmore, Sam and others},
	journal = {Science Advances},
	number = {16},
	pages = {eadg6175},
	sortname = {Skirgard, Hedvig and Haynie, Hannah J and Blasi, Damian E and Hammarstrom, Harald and Collins, Jeremy and Latarche, Jay J and Lesage, Jakob and Weber, Tobias and Witzlack-Makarevich, Alena and Passmore, Sam and others},
	title = {Grambank reveals the importance of genealogical constraints on linguistic diversity and highlights the impact of language loss},
	volume = {9},
	year = {2023}
}

@article{sivertsen:1956,
	author = {Sivertsen, Eva},
	journal = {International Journal of American Linguistics},
	number = {2},
	pages = {117--130},
	publisher = {Indiana University},
	title = {Pitch problems in {{Kiowa}}},
	volume = {22},
	year = {1956}
}

@article{seifart2021extent,
	author = {Seifart, Frank and Strunk, Jan and Danielson, Swintha and Hartmann, Iren and Pakendorf, Brigitte and Wichmann, Søren and Witzlack-Makarevich, Alena and Himmelmann, Nikolaus P. and Bickel, Balthasar},
	journal = {Linguistics Vanguard},
	sortname = {Seifart, Frank and Strunk, Jan and Danielson, Swintha and Hartmann, Iren and Pakendorf, Brigitte and Wichmann, Soren and Witzlack-Makarevich, Alena and Himmelmann, Nikolaus P. and Bickel, Balthasar},
	title = {The extent and degree of utterance-final word lengthening in spontaneous speech from 10 languages},
	doi = {10.1515/lingvan-2019-0063},
	year = {2021},
}

@article{schiering2012stress,
	author = {Schiering, René and Bickel, Balthasar and Hildebrandt, Kristine A.},
	journal = {STUF-Language Typology and Universals},
	number = {2},
	pages = {157--168},
	sortname = {Schiering, René and Bickel, Balthasar and Hildebrandt, Kristine A.},
	title = {Stress-time = word-based? {T}esting a hypothesis in Prosodic Typology},
	volume = {65},
	year = {2012}
}

@article{sanchez20,
	author = {Sánchez Díaz, Josefina and Nakamoto, Shun},
	journal = {Tlalocan},
	pages = {115--145},
	sortname = {Sanchez Diaz, Josefina and Nakamoto, Shun},
	title = {{{Na}}'ain {Cho}'on/{El} señor del trueno: {{U}}n texto en mazateco de {Ayautla}},
	volume = {25},
	year = {2020}
}

@article{salanova:liames11,
	author = {Andrés Pablo Salanova},
	journal = {LIAMES},
	pages = {75--114},
	sortname = {Andres Pablo Salanova},
	title = {A flex{\~a}o de terceira pessoa nas línguas {J}ê},
	volume = {11},
	year = {2011}
}

@article{salanova:count,
	author = {Andrés Pablo Salanova},
	journal = {Linguistic Variation},
	number = {20},
	pages = {300--11},
	sortname = {Andres Pablo Salanova},
	title = {Counting and measuring in {M}{\~e}bêng{\^o}kre and the count/mass distinction},
	volume = {2},
	year = {2020}
}

@article{salanova:amerindia,
	author = {Andrés Pablo Salanova},
	journal = {Amérindia},
	pages = {109--134},
	sortname = {Andres Pablo Salanova},
	title = {{{Uma}} an\'alise unificada das constru\c{c}\~oes ergativas do {M}\~ebengokre},
	volume = {32},
	year = {2008}
}

@article{salanova-nikulin:loans,
	author = {Andrés Pablo Salanova and Andrey Nikulin},
	journal = {Norteamentos (Sinop)},
	number = {33},
	pages = {52--106},
	sortname = {Andres Pablo Salanova and Andrey Nikulin},
	title = {A história que conta o léxico {M}{\~e}bêng{\^o}kre},
	volume = {13},
	year = {2020}
}

@article{sala:ensaio,
	author = {A. M. Sala},
	journal = {Revista do Museu Paulista},
	pages = {395--429},
	title = {Ensaio de Grammatica {K}aiapó},
	volume = {XII},
	year = {1920}
}

@article{rosen1989two,
	author = {Rosen, Sara Thomas},
	journal = {Language},
	number = {2},
	pages = {294--317},
	title = {Two Types of Noun Incorporation: {{A}} Lexical Analysis},
	volume = {65},
	year = {1989}
}

@article{rodseth2022reality,
	author = {Rodseth, Lars},
	journal = {HUA: Journal of Ethnographic Theory},
	pages = {217--234},
	title = {Reality remodeled: {{P}}ractical fictions for a more-than-empirical world},
	volume = {12},
	year = {2022}
}

@article{plag2014phonological,
	author = {Plag, Ingo},
	journal = {Italian Journal of Linguistics / Revisti di Linguistica},
	pages = {209--228},
	title = {Phonological and phonetic variability},
	volume = {26},
	year = {2014}
}

@article{pikee56,
	author = {Pike, Eunice V.},
	journal = {International Journal of American Linguistics},
	number = {1},
	pages = {57--71},
	title = {Tonally Differentiated Allomorphs in {Soyaltepec} {{Mazatec}}},
	volume = {22},
	year = {1956}
}

@article{pike1967huajuapan,
	author = {Pike, Eunice V. and Cowan, John H.},
	journal = {Anthropological Linguistics},
	number = {5},
	pages = {1--15},
	title = {Huajuapan {{Mixtec}} phonology and morphophonemics},
	volume = {9},
	year = {1967}
}

@article{pike1945problem,
	author = {Pike, Kenneth L.},
	journal = {Acta Linguistica},
	number = {1},
	pages = {125--138},
	title = {A problem in morphology-syntax division},
	volume = {5},
	year = {1945}
}

@article{pike1944analysis,
	author = {Pike, Kenneth L.},
	journal = {International Journal of American Linguistics},
	number = {4},
	pages = {113--138},
	title = {Analysis of a Mixteco text},
	volume = {10},
	year = {1944}
}

@article{pike1943taxemes,
	author = {Pike, Kenneth L.},
	journal = {Language},
	number = {19},
	pages = {65--82},
	title = {Taxemes and Immediate Constituents},
	volume = {2},
	year = {1943}
}

@article{piggott2006,
	author = {Piggott, Glyne and Newell, Heather},
	journal = {McGill Working Papers in Linguistics},
	number = {2},
	pages = {39},
	title = {Syllabification and the spell-out of phases in {Ojibwa} words},
	volume = {20},
	year = {2006}
}

@article{palancar2016inflectional,
	author = {Palancar, Enrique L. and Avelino, Heriberto},
	journal = {Amerindia},
	pages = {323--360},
	title = {Inflectional complexity and verb classes in {C}hichimec},
	volume = {41},
	year = {2019}
}

@article{osborne2006shared,
	author = {Osborne, Timothy J.},
	journal = {Zeitscrift für Sprachwissenschaft},
	pages = {39--93},
	title = {Shared material and grammar},
	volume = {25},
	year = {2006}
}

@article{nosek:preregistration,
	author = {Brian A. Nosek and Charles R. Ebersole and Alexander C. DeHaven and David T. Mellor},
	journal = {PNAS},
	number = {11},
	pages = {2600--2606},
	title = {The preregistration revolution},
	volume = {115},
	year = {2018}
}

@article{nikulin-salanova:ijal,
	author = {Nikulin, Andrey and Salanova, Andrés Pablo},
	journal = {International Journal of American Linguistics},
	number = {4},
	pages = {533--567},
	sortname = {Nikulin, Andrey and Salanova, Andres Pablo},
	title = {{Northern} {Jê} verb morphology and the reconstruction of finiteness alternations},
	volume = {85},
	year = {2019}
}

@article{nichols86,
	author = {Johanna Nichols},
	journal = {Language},
	number = {1},
	pages = {56--119},
	publisher = {Linguistic Society of America},
	title = {Head--Marking and Dependent--Marking Grammar},
	volume = {62},
	year = {1986}
}

@article{myler2017,
	author = {Neil Myler},
	journal = {Natural Language \& Linguistic Theory},
	pages = {751--800},
	title = {Clicization feeds agreement: {A} view from {{Quechua}}},
	volume = {35},
	year = {2017}
}

@article{muysken:1986affixorder,
	author = {Pieter C. Muysken},
	journal = {Linguistics},
	pages = {627--643},
	title = {Approaches to affix order},
	volume = {24},
	year = {1986}
}

@article{mithun:1983,
	address = {Norman},
	author = {Mithun, Marianne},
	booktitle = {The genius of polysynthesis},
	editor = {James S. Thayer},
	journal = {North American Indians: Humanistic Perspectives},
	pages = {221--242},
	publisher = {Department of Anthropology, University of Oklahoma Press},
	title = {The genius of polysynthesis},
	volume = {24},
	year = {1983}
}

@article{miller:prep,
	author = {Miller, Taylor L.},
	title = {Using computational implementation in linguistic theory: {T}he case of {{Kiowa}} prefixes},
	pubstate = {in prep},
}

@article{miller:1959,
	author = {Miller, Wick R},
	journal = {American Anthropologist},
	number = {1},
	pages = {102--105},
	title = {A note on {{Kiowa}} linguistic affiliations},
	volume = {61},
	year = {1959}
}

@article{merrifield:1959,
	author = {Merrifield, William R},
	journal = {International Journal of American Linguistics},
	number = {3},
	pages = {168--176},
	publisher = {Indiana University},
	title = {The {{Kiowa}} verb prefix},
	volume = {25},
	year = {1959}
}

@article{mckenzie:2010,
	author = {McKenzie, Andrew},
	journal = {Semantics and Linguistic Theory},
	pages = {269--288},
	title = {Subject domain restriction and reference-tracking},
	volume = {20},
	year = {2010}
}

@article{mckenzie:2001,
	author = {McKenzie, Parker P. and Meadows, William C.},
	journal = {Plains Anthropologist},
	number = {177},
	pages = {233--237},
	publisher = {Taylor \& Francis},
	title = {The {Parker P. {{M}}cKenzie {{Kiowa}}} orthography: {H}ow written {{{Kiowa}}} came into being},
	volume = {46},
	year = {2001}
}

@book{mccarthy_prosodic_1986,
	author = {McCarthy, John J. and Prince, Alan S.},
	series = {Linguistics Department Faculty Publication Series},
	numFmber = {13},
	title = {Prosodic {Morphology}},
	url = {https://scholarworks.umass.edu/linguist_faculty_pubs/13},
	year = {1986}
}

@article{marantz_no_1997,
	author = {Marantz, Alec},
	journal = {University of Pennsylvania Working Papers in Linguistics},
	pages = {201--225},
	title = {{No} escape from syntax: {Don}’t try morphological analysis in the privacy of your own lexicon},
	volume = {4},
	year = {1997}
}

@article{macaulay1987cliticization,
	author = {Macaulay, Monica A.},
	journal = {International Journal of American Linguistics},
	number = {2},
	pages = {119--135},
	title = {Cliticization and the morphosyntax of {{Mixtec}}},
	volume = {53},
	year = {1987}
}

@article{lorenz2019chunking,
	author = {Lorenz, David and David Tizón-Couto},
	journal = {Cognitive Linguisics},
	number = {30},
	pages = {751--784},
	sortname = {Lorenz, David and David Tizon-Couto},
	title = {Chunking or predicting - frequency information and reduction in the perception of multi-word sequences},
	volume = {4},
	year = {2019}
}

@article{levinson_original_2012,
	author = {Levinson, Stephen C.},
	doi = {10.1111/j.1756-8765.2012.01195.x},
	journal = {Topics in Cognitive Science},
	month = {7},
	pages    = {396--403},
	number = {3},
	title = {The Original Sin of Cognitive Science},
	urldate = {2023-04-20},
	volume = {4},
	year = {2012}
}

@article{lemus2021,
	author = {Lemus Serrano, Magdalena and Allassonnière-Tang, Marc and Dediu, Dan},
	doi = {10.5334/gjgl.1276},
	journal = {Glossa: a journal of general linguistics},
	number = {1},
	pages = {60},
	shorttitle = {What conditions tone paradigms in {Yukuna}},
	sortname = {Lemus Serrano, Magdalena and Allassonniere-Tang, Marc and Dediu, Dan},
	title = {What conditions tone paradigms in {Yukuna}: {Phonological} and machine learning approaches},
	volume = {6},
	year = {2021}
}

@article{lara2004¿es,
	author = {Lara, Luis Fernando},
	journal = {Lexis},
	number = {XXVII},
	pages = {401--427},
	title = {¿{E}s posible una teoría de la palabra?},
	volume = {1-2},
	year = {2004}
}

@article{lakamperwunderlich1998,
	author = {Renate Lakämper and Dieter Wunderlich},
	journal = {Lingua},
	pages = {113--148},
	sortname = {Renate Lakamper and Dieter Wunderlich},
	title = {Person marking in {{Quechua}} -- a constraint-based minimalist analysis},
	volume = {105},
	year = {1998}
}

@article{kuroda:thetic,
	author = {Kuroda, Sige-Yuki},
	journal = {Foundations of Language},
	pages = {153--185},
	title = {The categorical and the thetic judgment},
	volume = {9},
	year = {1972}
}

@article{kugler2023phrase,
	author = {Kügler, Frank},
	journal = {Languages},
	pages = {308},
	sortname = {Kugler, Frank},
	title = {Phrase-Level {ATR} Vowel Harmony in {A}num:¨ {{A}} Case of Recursive Prosodic Phrasing},
	volume = {7},
	year = {2023}
}

@article{kratzer2007,
	author = {Kratzer, Angelika and Selkirk, Elisabeth O.},
	journal = {The Linguistic Review},
	number = {2-3},
	pages = {93--135},
	publisher = {Walter de Gruyter},
	title = {Phase theory and prosodic spellout: {{T}}he case of verbs},
	volume = {24},
	year = {2007}
}

@article{ito2021recursive,
	author = {Ito, Junko; Mester, Armin},
	journal = {Languages},
	number = {6},
	pages = {65},
	sortname = {Ito, Junko; Mester, Armin},
	title = {Recursive Prosody and the Prosodic Form of Compounds},
	volume = {2},
	year = {2021}
}

@article{ishihara2023match,
	author = {Ishihara, Shinichiro and Sara Myrberg},
	journal = {Languages},
	pages = {102},
	title = {Match Theory and the Asymmetry Problem: {{A}}n Example from {Stockholm} {Swedish}},
	volume = {8},
	year = {2023}
}

@article{ishihara2007,
	author = {Ishihara, Shinichiro},
	journal = {The Linguistic Review},
	number = {2-3},
	pages = {137--167},
	publisher = {Walter de Gruyter},
	title = {Major phrase, focus intonation, multiple spell-out {({{MaP}}, {{FI}}, {{MSO}})}},
	volume = {24},
	year = {2007}
}

@article{hyman_luganda_1987,
	author = {Hyman, Larry M. and Katamba, Francis and Livingstone, Walusimbi},
	journal = {Phonology Yearbook},
	pages = {87--108},
	title = {{Luganda} and the strict layer hypothesis},
	volume = {4},
	year = {1987}
}

@article{hunter1969phonology,
	author = {Hunter, Georgia G and Pike, Eunice V.},
	journal = {Linguistics},
	number = {47},
	pages = {24--40},
	title = {The phonology and tone sandhi of {Molinos {Mixtec}}},
	volume = {7},
	year = {1969}
}

@article{hockett1947morphology,
	author = {Hockett, Charles F.},
	journal = {Language},
	number = {3},
	pages = {273--285},
	title = {Morphology: {{T}}he Descriptive Analysis of Words by {Eugene A.} {{N}}ida},
	volume = {23},
	year = {1947}
}

@article{hildebrandt2007grammatical,
	author = {Hildebrandt, Kristine A.},
	journal = {Himalayan Linguistics},
	pages = {1--34},
	title = {Grammatical and phonological domains in {Limbu}},
	volume = {8},
	year = {2007}
}

@article{haspelmath2022defining,
	author = {Haspelmath, Martin},
	issue = {3},
	journal = {WORD},
	pages = {283-297},
	title = {Defining the word},
	volume = {69},
	year = {2023}
}

@article{haspelmath2020morph,
	author = {Haspelmath, Martin},
	journal = {Morphology},
	pages = {117--134},
	title = {The morph as a minimal linguistic form},
	volume = {30},
	year = {2020}
}

@article{haspelmath2010comparative,
	author = {Haspelmath, Martin},
	journal = {Language},
	number = {3},
	pages = {663--689},
	title = {Comparative concpts and descriptive categories in crosslinguistic studies},
	volume = {86},
	year = {2010}
}

@article{harbour:2003,
	author = {Harbour, Daniel},
	journal = {Natural Language \& Linguistic Theory},
	number = {3},
	pages = {543--578},
	publisher = {Springer},
	title = {The {{Kiowa}} case for feature insertion},
	volume = {21},
	year = {2003}
}

@article{hamp60,
	author = {Hamp, Eric},
	journal = {International Journal of American Linguistics},
	pages = {62},
	title = {Chocho-{Popoloca} innovations},
	volume = {26},
	year = {1960}
}

@article{hamp58,
	author = {Hamp, Eric},
	journal = {International Journal of American Linguistics},
	pages = {150--153},
	title = {Protopopoloca internal relationships},
	volume = {24},
	year = {1958}
}

@article{hall_phonological_2008,
	author = {Hall, Tracy Alan and Hildebrandt, Kristine A.},
	doi = {10.1515/LING.2008.010},
	journal = {Linguistics},
	number = {2},
	title = {Phonological and morphological domains in {Kyirong} {{Tibetan}}},
	volume = {46},
	year = {2008}
}

@article{hale:1962,
	author = {Hale, Kenneth},
	journal = {International Journal of American Linguistics},
	number = {1},
	pages = {1--5},
	publisher = {Indiana University},
	title = {Jemez and {K}iowa correspondences in reference to {{Kiowa}-Tanoan}},
	volume = {28},
	year = {1962}
}

@article{gowlett2007,
	author = {Gowlett, D. F},
	journal = {African Studies},
	number = {43},
	pages = {187--203},
	title = {Stabilization in {{Bantu}}},
	volume = {2},
	year = {2007}
}

@article{good_tone_2004,
	author = {Good, Jeff},
	doi = {10.1016/S0024-3841(03)00062-7},
	journal = {Lingua},
	month = may,
	pages      = {575--619},
	number = {5},
	shorttitle = {Tone and accent in {Saramaccan}},
	title = {Tone and accent in {{Saramaccan}}: {{C}}harting a deep split in the phonology of a language},
	volume = {114},
	year = {2004}
}

@article{gerdts14,
	author = {Gerdts, Donna B. and Werle, Anna},
	journal = {Morphology},
	pages = {245--281},
	title = {Halkomelem clitic types},
	volume = {24},
	year = {2014}
}

@article{garrett1999,
	author = {Garrett, Edward},
	journal = {UCLA Working Papers in Linguistics},
	pages = {68--105},
	title = {Minimal words aren't minimal feet},
	volume = {1},
	year = {1999}
}

@article{forker2014canonical,
	author = {Forker, Diana},
	journal = {Linguistic Discovery},
	number = {2},
	pages = {27--40},
	title = {A Canonical Approach to the Argument/Adjunct Distinction},
	volume = {12},
	year = {2014}
}

@article{fdm51,
	author = {Fernández de Miranda, María Teresa},
	journal = {Revista mexicana de estudios antropológicos},
	pages = {61--93},
	sortname = {Fernandez de Miranda, Maria Teresa},
	title = {Reconstrucción del protopopoloca},
	volume = {12},
	year = {1951}
}

@article{easterday2021syllable,
	author = {Easterday, Shelece and Stave, Matthew and Allassonnière-Tang, Marc and Seifart, Frank},
	doi = {10.3389/fpsyg.2021.638659},
	journal = {Frontiers in Psychology},
	sortname = {Easterday, Shelece and Stave, Matthew and Allassonniere-Tang, Marc and Seifart, Frank},
	title = {Syllable Complexity and Morphological Synthesis: {{A}} Well-Motivated Positive Complexity Corerlation Across Subdomains},
	volume = {12},
	year = {2021}
}

@book{duponceau:1819,
	author = {Duponceau, Peter S.},
	series = {Transactions of the Historical and Literary Committee},
	title = {Report of the Corresponding Secretary to the Committee of His Progress in the Investigation of the Language of the {{American}} {{Indians}}},
	number = {1},
	year = {1819}
}

@article{downing:2015,
	author = {Downing, Laura J. and Kadenge, Maxwell},
	journal = {Southern African Linguistics and Applied Language Studies},
	number = {3},
	pages = {291--305},
	publisher = {Taylor \& Francis},
	title = {Prosodic stems in {Zezuru Shona}},
	volume = {33},
	year = {2015}
}

@article{dobashi2004a,
	author = {Dobashi, Yoshihito},
	journal = {Explorations in English Linguistics},
	pages = {1--47},
	publisher = {Citeseer},
	title = {Multiple spell-out, label-free syntax, and {{{PF}}}-interface},
	volume = {19},
	year = {2004}
}

@article{danielsen2011,
	author = {Danielsen, Swintha},
	doi = {10.1086/662154},
	journal = {International Journal of American Linguistics},
	month = oct,
	pages   = {495--520},
	number = {4},
	title = {The Personal Paradigms in {Baure} and Other {{Southern}} {{Arawakan}} Languages},
	volume = {77},
	year = {2011}
}

@article{daly1973tone,
	author = {Daly, John},
	journal = {Work {P}apers of the {S}ummer {I}nstitute of {L}inguistics, University of North Dakota Session},
	number = {1},
	pages = {4},
	title = {Tone sandhi and rule ordering in {Peñoles {Mixtec}}},
	volume = {17},
	year = {1973}
}

@article{crysmann2016variable,
	author = {Crysmann, Berthold and Olivier Bonami},
	journal = {Journal of Linguistics},
	number = {2},
	pages = {311--374},
	title = {Variable morphotactics in Information-based Morphology},
	volume = {52},
	year = {2016}
}

@article{cowancowan47,
	author = {Cowan, George and Cowan, Florence},
	journal = {Aboriginal Linguistics},
	pages = {3--9},
	title = {Mazateco: {L}ocational and directional morphemes},
	volume = {1},
	year = {1947}
}

@article{corbett_morphosyntactic_2015,
	author = {Corbett, Greville G.},
	doi = {10.1353/lan.2015.0003},
	journal = {Language},
	number = {1},
	pages = {145--193},
	shorttitle = {Morphosyntactic complexity},
	title = {Morphosyntactic complexity: {A} typology of lexical splits},
	volume = {91},
	year = {2015}
}

@article{coltheart1999modularity,
	author = {Coltheart, Max},
	doi = {10.1016/s1364-6613(99)01289-9},
	journal = {Trends in Cognitive Science},
	number = {3},
	title = {Modularity and cognition},
	volume = {3},
	year = {1999}
}

@article{cheng2021recursion,
	author = {Cheng, Lisa Lai-Shen and Downing, Laura J.},
	journal = {Languages},
	number = {6},
	pages = {125},
	sortname = {Cheng, Lisa Lai-Shen and Downing, Laura J.},
	title = {Recursion and the Definition of Universal Prosodic Categories},
	volume = {3},
	year = {2021}
}

@article{cheng2016,
	author = {Cheng, Lisa Lai-Shen and Downing, Laura J.},
	journal = {Syntax},
	number = {2},
	pages = {156--191},
	publisher = {Wiley Online Library},
	title = {Phasal syntax=cyclic phonology?},
	volume = {19},
	year = {2016}
}

@article{cheng2007,
	author = {Cheng, Lisa Lai-Shen and Downing, Laura J.},
	journal = {SOAS Papers in Linguistics},
	pages = {51--63},
	title = {The prosody and syntax of {{{Zulu}}} relative clauses},
	volume = {15},
	year = {2007}
}

@article{carnie2000definition,
	author = {Carnie, Andrew},
	journal = {Syntax},
	number = {3},
	pages = {59--106},
	title = {On the definition of {X0} and {XP}},
	volume = {2},
	year = {2000}
}

@article{bybee1999effect,
	author = {Bybee, Joan and Scheibman, Joanna},
	journal = {Linguistics},
	number = {37},
	pages = {574--596},
	sortname = {Bybee, Joan; Scheibman, Joanna},
	title = {The effect of usage on degrees of constituency: {{T}}he reduction of don't in {English}},
	volume = {4},
	year = {1999}
}

@article{bybee1998prosody,
	author = {Joan Bybee and Parmotima Chakraborti and Dagmar Jung and Joanne Scheibman},
	journal = {Studies in Language},
	number = {22},
	pages = {267--314},
	title = {Prosody and segmental effect: {S}ome paths of the evolution of word stress},
	volume = {2},
	year = {1998}
}

@article{booij1996cliticization,
	author = {Booij, Geert},
	journal = {The Linguistic Review},
	pages = {219--242},
	title = {Cliticization as prosodic integration: {{T}}he case of {Dutch}},
	volume = {13},
	year = {1996}
}

@article{boegel2021function,
	author = {Bögel, Tina},
	journal = {Languages},
	pages = {197},
	sortname = {Bogel, Tina},
	title = {Function Words at the Interface: {{A}} Two-Tiered Approach},
	volume = {6},
	year = {2021}
}

@article{bickeletal:2007,
	author = {Balthasar Bickel and Goma Banjade and Martin Gaenszle and Elena Lieven and Netra Prasad Paudyal and Ichchha Purna Rai and Manoj Rai and Novel Kishore Rai and Sabine Stoll},
	journal = {Language},
	number = {1},
	pages = {43--73},
	title = {Free prefix ordering in {{Chintang}}},
	volume = {83},
	year = {2007}
}

@article{bickel_typology_2007,
	author = {Bickel, Balthasar},
	doi = {10.1515/LINGTY.2007.018},
	journal = {Linguistic Typology},
	month = jan,   issn       = {1430-0532, 1613-415X},
	number = {1},
	shorttitle = {Typology in the 21st century},
	title = {Typology in the 21st century: {Major} current developments},
	url = {https://www.degruyter.com/document/doi/10.1515/LINGTY.2007.018/html},
	urldate = {2023-04-20},
	volume = {11},
	year = {2007}
}

@article{bennett2019syntax,
	author = {Bennett, Ryan and Elfner, Emily},
	journal = {Annual Review of Linguistics},
	pages = {151--171},
	title = {The Syntax-Prosody Interface},
	volume = {5},
	year = {2019}
}

@article{baerman_covert_2014,
	author = {Baerman, Matthew},
	doi = {10.1017/S0022226713000030},
	journal = {Journal of Linguistics},
	month = {3},
	pages    = {1--47},
	number = {1},
	title = {Covert systematicity in a distributionally complex system1},
	urldate = {2023-04-20},
	volume = {50},
	year = {2014}
}

@article{austin1996non,
	author = {Austin, Peter and Joan Bresnan},
	journal = {Natural Language \& Linguistic Theory},
	number = {2},
	pages = {215--268},
	title = {Non-Configurationality in {Australian} {Aboriginal} Languages},
	volume = {14},
	year = {1996}
}

@misc{auderset2023constituency,
	author = {Auderset, Sandra and Adam J. R. Tallman},
	doi = {10.5281/zenodo.10076550},
	title = {Constituency and Convergence/Constituency Database: 1.0.0 [Data set]},
	doi = {10.5281/zenodo.10076550},
	year = {2023}
}

@article{archangeli_syllabification_1992,
	author = {Archangeli, Diana},
	journal = {Natural Language and Linguistic Theory},
	pages = {231--283},
	title = {Syllabification and prosodic templates in {Yawelmani}},
	volume = {9},
	year = {1992}
}

@article{adger:2007,
	author = {Adger, David and Harbour, Daniel},
	journal = {Syntax},
	number = {1},
	pages = {2--37},
	publisher = {Wiley Online Library},
	title = {Syntax and syncretisms of the Person Case Constraint},
	volume = {10},
	year = {2007}
}

@article{Zwicky1985,
	author = {Zwicky, Arnold M.},
	journal = {Journal of Linguistics},
	pages = {1--29},
	title = {Heads},
	volume = {21},
	year = {1985}
}

@article{Zribi-Hertz2017,
	author = {Zribi-Hertz, Anne and Jean-Louis, Loïc},
	journal = {Faits de Langues},
	pages = {183--202},
	sortname = {Zribi-Hertz, Anne and Jean-Louis, Loic},
	title = {{{La}} graphie créole à l'épreuve de la grammaire : {P}laidoyer pour un marquage graphique de l'attachement morphologique non lexical dans les créoles fran{\c c}ais des Antilles},
	volume = {49},
	year = {2017}
}

@article{Wright1996,
	author = {Wright, Richard},
	booktitle = {{C}herokee papers from UCLA},
	series = {UCLA Occasional Papers in Linguistics},
	number = {16},
	editor = {Pamela Munro},
	pages = {11--22},
	title = {Tone and accent in {{Oklahoma}} {C}herokee},
	year = {1996}
}

@article{Woodbury2019,
	author = {Woodbury, Anthony C.},
	journal = {Amerindia},
	pages = {75--120},
	title = {Conjugational double-classification: {T}he separate life cycles of prefix classes vs tone ablaut classes in aspect/mood inflection in the {C}hatino languages of {{{Oaxaca}}}, {{{Mexico}}}},
	volume = {41},
	year = {2019}
}

@article{Woodbury1987,
	author = {Woodbury, Anthony C.},
	journal = {Language},
	number = {4},
	pages = {685--740},
	title = {Meaningful phonological processes: {A} consideration of {{Central}} {Alaskan} {Yupik} {{Eskimo}} prosody},
	volume = {63},
	year = {1987}
}

@article{Woodbury1986,
	author = {Woodbury, Anthony C. and Sadock, Jerrold M.},
	journal = {Natural Language and Linguistic Theory},
	pages = {229--244},
	title = {Affixial Verbs in Syntax: {A} Reply to {Grimshaw} and {Mester}},
	volume = {4},
	year = {1986}
}

@article{Uchihara2020b,
	author = {Uchihara, Hiroto and Ambrocio Gutiérrez},
	doi = {10.1075/sl.18025.uch},
	journal = {Studies in Language},
	number = {3},
	pages = {548--605},
	sortname = {Uchihara, Hiroto and Ambrocio Gutierrez},
	title = {Subject and agentivity in {Teotitlán} {{Zapotec}}},
	volume = {44},
	year = {2020}
}

@article{Uchihara2020a,
	author = {Uchihara, Hiroto and Ambrocio Gutiérrez},
	journal = {Phonological Data and Analysis},
	number = {7},
	pages = {1--22},
	sortname = {Uchihara, Hiroto and Ambrocio Gutierrez},
	title = {Open and closed mid-front vowels in {Teotitlán} del {Valle} {{Zapotec}}},
	doi = {10.3765/pda.v2art7.42},
	volume = {2},
	year = {2020}
}

@article{Uchihara2016,
	author = {Uchihara, Hiroto},
	doi = {10.1075/dia.33.2.03uch},
	journal = {Diachronica},
	number = {2},
	pages = {220--254},
	title = {Tone and registrogenesis in {Quiaviní} {{Zapotec}}},
	volume = {33},
	year = {2016}
}

@article{Uchihara2009,
	author = {Uchihara, Hiroto},
	doi = {10.1086/604703},
	journal = {International Journal of American Linguistics},
	number = {3},
	pages = {317–336},
	title = {High Tone in {{Oklahoma}} {C}herokee},
	volume = {75},
	year = {2009}
}

@article{Uchihara2007,
	author = {Uchihara, Hiroto},
	journal = {Tokyo University Linguistic Papers},
	pages = {49--72},
	title = {Laryngeal Alternation, Laryngeal Metathesis and Aspirated Consonants in {{Oklahoma}} {C}herokee},
	volume = {26},
	year = {2007}
}

@article{Siegel2010,
	author = {Siegel, Jason},
	journal = {IULC Working Papers},
	number = {1},
	pages = {83--98},
	title = {Decreolization: {A} critical review},
	url = {https://scholarworks.iu.edu/journals/index.php/iulcwp/article/view/25994/31664},
	volume = {22},
	year = {2010}
}

@article{Sapir1930,
	author = {Sapir, Edward},
	journal = {Proceedings of the American Academy of Arts and Sciences},
	number = {1},
	pages = {1--296},
	title = {{Southern} {{Paiute}}, a {Shoshonean} language},
	volume = {65},
	year = {1930}
}

@article{Sande:Phonology,
	author = {Hannah Sande},
	journal = {Phonology},
	pages = {453--493},
	title = {Morphologically conditioned phonology with two triggers},
	volume = {37.3},
	year = {2020}
}

@article{Sande:Language,
	author = {Sande, Hannah},
	journal = {Language},
	pages = {456--497},
	title = {A unified account of conditioned phonological alternations: {{{{E}}}}vidence from {G}u\'ebie},
	volume = {95(3)},
	year = {2019}
}

@article{Sande:2020,
	author = {Hannah Sande and Peter Jenks and Sharon Inkelas},
	journal = {Natural Language and Linguistic Theory},
	pages = {1211–1261},
	title = {Cophonologies by Ph(r)ase},
	volume = {38},
	year = {2020}
}

@article{Salamanca2008,
	author = {Salamanca, Carlos},
	journal = {Revista Colombiana de Antropología},
	number = {I},
	pages = {7--39},
	title = {Contrasentidos en las honras de los indios revividos},
	volume = {44},
	year = {2008}
}

@article{Sadock1980,
	author = {Sadock, Jerrold M.},
	journal = {Language},
	pages = {300--319},
	title = {Noun incorporation in {{Greenlandic}}: {A} case study of syntactic word formation},
	volume = {56},
	year = {1980}
}

@article{Rabasedas2017,
	author = {Rabasedas, María Inés and Carrió, Cintia},
	journal = {UniverSOS},
	pages = {95--109},
	sortname = {Rabasedas, Maria Ines and Carrio, Cintia},
	title = {El adjetivo como categoría léxica en la gramática mocoví},
	volume = {14},
	year = {2017}
}

@article{Perez-Baez2016,
	author = {Pérez Báez, Gabriela and Terrence Kaufman},
	journal = {Anthtopological Linguistics},
	number = {3},
	pages = {217--257},
	sortname = {Perez Baez, Gabriela and Terrence Kaufman},
	title = {Verb Classes in {{Juchitán}} {{Zapotec}}},
	volume = {58},
	year = {2016}
}

@article{Nichols1986,
	author = {Nichols, Johanna},
	journal = {Language},
	pages = {56--119},
	title = {Head marking and dependent marking grammar},
	volume = {62},
	year = {1986}
}

@article{Nellis1980,
	author = {Nellis, Donald G. and Barbara E. Hollenbach},
	journal = {International Journal of American Linguistics},
	title = {Fortis versus lenis in {Cajonos} {{Zapotec}} phonology},
	pages = {92--105},
	doi = {10.1086/465639},
	volume = {46},
	year = {1980}
}

@article{Neelyforthcoming,
	author = {Kelsey Neely},
	journal = {Special edition on remote methods in language documentation, Language Documentation and Conservation},
	pubstate = {to appear},
	title = {Doing language work via social media voice messages: {S}ome tips for workflows and data management},
}

@article{Mithun1984,
	author = {Mithun, Marianne},
	journal = {Language},
	pages = {847--93},
	title = {The evolution of noun incorporation},
	volume = {60},
	year = {1984}
}

@article{Mechling1912,
	author = {Mechling, William H.},
	journal = {American Anthropologist, New Series},
	number = {4},
	pages = {643--682},
	title = {The {{{Indian}}} linguistic stocks of {{{Oaxaca}}}, {{{Mexico}}}},
	volume = {14},
	year = {1912}
}

@article{Mattissen2004,
	author = {Mattissen, Johanna},
	journal = {Word},
	pages = {189--216},
	title = {A structural typology of polysynthesis},
	volume = {55},
	year = {2004}
}

@article{Laycock1972,
	author = {Laycock, Don},
	journal = {Linguistic Communications},
	pages = {61--113},
	title = {Towards a typology of ludlings, or play languages},
	volume = {6},
	year = {1972}
}

@article{Konig2010,
	author = {König, JP and Karin Michelson},
	journal = {International Journal of American Linguistics},
	pages = {169--205},
	sortname = {Konig, JP and Karin Michelson},
	title = {Argument Structure of {{Oneida}} Kin Terms},
	volume = {76},
	year = {2010}
}

@article{Kiparsky1985,
	author = {Kiparsky, Paul},
	journal = {Phonology Yearbook},
	pages = {85--138},
	title = {Some consequences of lexical phonology},
	volume = {2},
	year = {1985}
}

@article{Kager2012,
	author = {Kager, René},
	journal = {Lingua},
	number = {13},
	pages = {1454--1493},
	publisher = {Elsevier},
	sortname = {Kager, Rene},
	title = {Stress in windows: {L}anguage typology and factorial typology},
	volume = {122},
	year = {2012}
}

@article{Juarez2022,
	author = {Juárez, Cristian R.},
	journal = {Revista de la Sociedad Argentina de Ling{\"{u}}ística},
	pages = {97--124},
	sortname = {Juarez, Cristian R.},
	title = {Relaciones flexibles en mocoví: {M}orfología y léxico},
	volume = {2},
	year = {2022}
}

@article{Johnson2005,
	author = {Johnson, Keith},
	journal = {UC Berkeley PhonLab Annual Report},
	pages = {1--41},
	title = {Tone and pitch accent in {C}herokee nouns},
	volume = {1},
	year = {2005}
}

@article{Johns2007,
	author = {Johns, Alana},
	journal = {Natural Language and Linguistic Theory},
	number = {3},
	pages = {535--576},
	title = {Restricting noun incorporation: {Root} movement},
	volume = {25},
	year = {2007}
}

@article{Inkelas&Zoll,
	author = {Inkelas, Sharon and Zoll, Cheryl},
	journal = {Linguistics},
	pages = {133--171},
	publisher = {Walter de Gruyter},
	title = {Is grammar dependence real? {{A}} comparison between cophonological and indexed constraint approaches to morphologically conditioned phonology},
	volume = {45},
	year = {2007}
}

@article{Hernandez-Luna2021,
	author = {Hernández Luna, Mario},
	journal = {Cuadernos De Lingüística De El Colegio De México},
	pages = {1--37},
	sortname = {Hernandez Luna, Mario},
	title = {{La} palabra fonológica en miahuateco},
	volume = {8},
	year = {2021}
}

@article{Haag1999,
	author = {Haag, Marcia},
	journal = {Kansas Working Papers in Linguistics},
	pages = {33--44},
	title = {{C}herokee Clitics: {T}he Word Boundary Problem},
	volume = {24},
	year = {1999}
}

@article{GutierezNercesian2021,
	author = {Gutiérrez, Analía and Nercesian, Verónica},
	doi = {10.15446/fyf.v34n1.79328},
	journal = {Forma y Función},
	number = {34},
	doi = {10.15446/fyf.v34n1.79328},
	sortname = {Gutierrez, Analia and Nercesian, Veronica},
	title = {{La} glotal y la glotalización en las lenguas mataguayas},
	volume = {1},
	year = {2021}
}

@article{GordonLadefoged:2001,
	author = {Matthew K. Gordon and Peter Ladefoged},
	journal = {Journal of Phonetics},
	number = {4},
	pages = {383--406},
	title = {Phonation types: {{A}} cross-linguistic overview},
	volume = {29},
	year = {2001}
}

@article{GadetPfaender2009,
	author = {Gadet, Françoise and Ralph Ludwig and Stefan Pfänder},
	journal = {Cahiers de Linguistique},
	number = {1},
	pages = {143–62},
	sortname = {Gadet, Francoise and Ralph Ludwig and Stefan Pfander},
	title = {Francophonie et Typologie Des Situations},
	volume = {34},
	year = {2009}
}

@article{Fougeron1999,
	author = {Fougeron, Cécile},
	journal = {U.C.L.A Working Papers in Phonetics},
	pages = {1--74},
	sortname = {Fougeron, Cecile},
	title = {Prosodically conditioned articulatory variants: {A} review},
	volume = {97},
	year = {1999}
}

@article{Fortescue1980,
	author = {Fortescue, Michael D.},
	journal = {International Journal of American Linguistics},
	pages = {259--278},
	title = {Affix ordering in {{West}} {{Greenlandic}} derivational processes},
	volume = {46},
	year = {1980}
}

@article{Flemming1996,
	author = {Flemming, Edward},
	journal = {UCLA Occasional Papers in Linguistics},
	pages = {23--44},
	title = {Laryngeal metathesis and vowel deletion in {C}herokee},
	volume = {16},
	year = {1996}
}

@article{Evans2008,
	author = {Evans, Nicholas and Fletcher, Janet and Ross, Belinda},
	journal = {Linguistics},
	number = {1},
	pages = {89--129},
	title = {Big words, small phrases: {M}ismatches between pause units and the polysynthetic word in {D}alabon},
	volume = {46},
	year = {2008}
}

@article{Epps2017,
	author = {Epps, Patience and Bolaños, Katherine},
	journal = {International Journal of American Linguistics},
	number = {3},
	pages = {467--507},
	sortname = {Epps, Patience and Bolanos, Katherine},
	title = {Reconsidering the `{{Mak}}ú' family of northwest {Amazonia}},
	volume = {83},
	year = {2017}
}

@article{Epps2010,
	author = {Epps, Patience},
	journal = {International Journal of American Linguistics},
	number = {3},
	pages = {335--356},
	title = {Linking valence change and modality: {D}iachronic evidence from {{Hup}}},
	volume = {76},
	year = {2010}
}

@article{Epps2008b,
	author = {Epps, Patience},
	journal = {Studies in Language},
	number = {2},
	pages = {382--403},
	title = {From `wood' to future tense: {N}ominal origins of the future construction in {{Hup}}},
	volume = {32},
	year = {2008}
}

@article{Dyck2009,
	author = {Dyck, Carrie},
	journal = {International Journal of American Linguistics},
	number = {4},
	pages = {571--605},
	publisher = {The University of Chicago Press},
	title = {Defining the word in {C}ayuga ({{Iroquoian}})},
	volume = {75},
	year = {2009}
}

@article{Duzerol2021,
	author = {Duzerol, Minella},
	doi = {10.4000/ced.2818},
	journal = {Contextes et didactiques},
	month = {6},
	title = {L'étude linguistique, une analyse modelée par le linguiste, son objet d'étude, ses approches et sa méthodologie: {L}e cas de cinq descriptions grammaticales du martiniquais (créole, Martinique)},
	volume = {17},
	year = {2021}
}

@article{Dryer1992,
	author = {Dryer, Matthew S.},
	doi = {10.1353/lan.1992.0028},
	journal = {Language},
	pages = {81--138},
	title = {The {{Greenbergian}} word order correlations},
	volume = {68},
	year = {1992}
}

@article{Degraff2005,
	author = {Degraff, Michel},
	doi = {10.1017/S0047404505050207},
	journal = {Language in Society},
	month = {10},
	number = {4},
	pages = {533--591},
	title = {Linguists' most dangerous myth: {T}he fallacy of {{Creole}} Exceptionalism},
	volume = {34},
	year = {2005}
}

@article{Compton2010,
	author = {Compton, Richard and Pittman, Christine},
	journal = {Lingua},
	pages = {2167--2192},
	title = {Word-formation by phase in {Inuit}},
	volume = {120},
	year = {2010}
}

@article{Chafe2012,
	author = {Wallace Chafe},
	doi = {doi:10.1515/lity-2012-0001},
	journal = {Linguistic Typology},
	number = {1},
	pages = {1--39},
	title = {Are adjectives universal? {T}he case of {{Northern}} {{Iroquoian}}},
	doi = {10.1515/lity-2012-0001},
	volume = {16},
	year = {2012}
}

@article{Carrio2019,
	author = {Carrió, Cintia and Jara, Valentina and Rabasedas, María Inés},
	doi = {10.4067/S0718-09342019000200639},
	journal = {Revista Signos},
	number = {100},
	pages = {639--664},
	sortname = {Carrio, Cintia and Jara, Valentina and Rabasedas, Maria Ines},
	title = {Semántica y productividad de la clase nominal en mocoví},
	volume = {52},
	year = {2019}
}

@article{Carrio2015a,
	author = {Carrió, Cintia},
	journal = {Linguística},
	number = {2},
	pages = {9--26},
	sortname = {Carrio, Cintia},
	title = {Alternancias verbales en mocoví (familia guaycurú, {{Argentina}})},
	volume = {31},
	year = {2015}
}

@article{Carrio2011,
	author = {Carrió, Cintia},
	journal = {Znanstveni radovi},
	pages = {1--25},
	sortname = {Carrio, Cintia},
	title = {Conflation in verbs of motion: {C}onstruction of location and direction in the {Mocoví} language},
	volume = {71},
	year = {2011}
}

@article{CarolSalanova2012,
	author = {Carol, Javier J. and Andrés Pablo Salanova},
	journal = {Cahiers Linguistiques d'Ottawa / Ottawa Papers in Linguistics},
	pages = {22--42},
	sortname = {Carol, Javier J. and Andres Pablo Salanova},
	title = {On pseudo-applicatives},
	volume = {37},
	year = {2012}
}

@article{Carol2015,
	author = {Carol, Javier J.},
	journal = {Linguistics},
	number = {4},
	pages = {877--930},
	title = {{{TAM}} marking on nominals in Chorote},
	volume = {53},
	year = {2015}
}

@article{Carol2014fon,
	author = {Carol, Javier J.},
	journal = {LIAMES: Línguas Indígenas Americanas},
	pages = {73--103},
	sortname = {Carol, Javier J.},
	title = {Esbozo fonológico del chorote (mataguayo)},
	volume = {14},
	year = {2014}
}

@article{Carol2013,
	author = {Carol, Javier J.},
	journal = {International Journal of American Linguistics},
	number = {4},
	pages = {491--532},
	title = {Marcación De Argumentos {{En}} El Verbo {{En}} Chorote: {{I}}ntransitividad Escindida {{Y}} Otros Sistemas De Alineamiento},
	volume = {79},
	year = {2013}
}

@article{Carol2011b,
	author = {Carol, Javier J.},
	journal = {LIAMES},
	pages = {51--73},
	title = {Aplicativos/adposiciones en chorote (mataguayo): {A}lgunos aspectos formales},
	volume = {11},
	year = {2011}
}

@article{Campbell2020,
	author = {Campbell, Eric W.},
	journal = {Phonological Data \& Analysis},
	number = {1},
	pages = {1--21},
	title = {Probing phonological structure in play language: {S}peaking backwards in {{Zenzontepec Chatino}}},
	volume = {2},
	year = {2020}
}

@article{Campbell2019,
	author = {Campbell, Eric W.},
	journal = {Amerindia},
	pages = {39--74},
	title = {Layered complexity in {{Zenzontepec Chatino}} verbal inflectional classes},
	volume = {41},
	year = {2019}
}

@article{Campbell2011,
	author = {Campbell, Eric W.},
	journal = {International Journal of American Linguistics},
	number = {2},
	pages = {219--246},
	title = {{{Zenzontepec Chatino}} aspect morphology and {{Zapotecan}} verb classes},
	volume = {77},
	year = {2011}
}

@article{Boas1913,
	author = {Boas, Franz},
	journal = {American Anthropologist, New Series},
	number = {1},
	pages = {78--86},
	title = {Notes on the {C}hatino language of {{Mexico}}},
	volume = {15},
	year = {1913}
}

@article{Bender1946,
	author = {Bender, Ernest and Zellig S. Harris},
	journal = {International Journal of American Linguistics},
	pages = {14--21},
	title = {The phonemes of {{North}} {C}arolina {C}herokee},
	volume = {12},
	year = {1946}
}

@incollection{Beam-de-Azcona2019,
	author = {Beam de Azcona, Rosemary},
	editor = {Palancar, Enrique L. and Matthew Baerman and Timothy Feist},
	booktitle = {Inflectional class complexity in the Oto-Manguean languages},
	note = {Special issues of Amerindia 41},
	pages = {121--166},
	title = {{{Southern}} {{Zapotec}} Verb Classes},
	year = {2019}
}

@article{BarrieMatthieu2016,
	author = {Barrie, Michael and Mathieu, Eric},
	journal = {Natural Language \& Linguistic Theory},
	pages = {1--51},
	publisher = {Springer},
	title = {Noun incorporation and phrasal movement},
	volume = {34},
	year = {2016}
}

@article{Anttila:2002,
	author = {Anttila, Arto},
	journal = {Natural Language \& Linguistic Theory},
	number = {1},
	pages = {1--42},
	publisher = {Springer},
	title = {Morphologically conditioned phonological alternations},
	volume = {20},
	year = {2002}
}

@InCollection{vogel2019life,
ids = {Vogel:2019},
  author    = {Vogel, Irene},
  title     = {Life After the Strict Layer Hypothesis: {{P}}rosodic structure geometry},
  booktitle = {Prosodic Studies: {{C}}hallenges and Prospects},
  publisher = {Routledge},
  year      = {2019},
  editor    = {Zhang, Hongming and Qian, Youyong},
  pages     = {9--60},
  address   = {Oxon},
}

@InCollection{tallman2018morphological,
ids = {TallmanEpps2020},
  author    = {Tallman, Adam J. R. and Epps, Patience},
  title     = {Morphological complexity, autonomy, and areality in western {Amazonia}},
  booktitle = {The complexities of morphology},
  publisher = {Oxford University Press},
  year      = {2020},
  editor    = {Gardani, Francesco and Arkadiev, Peter},
  pages     = {230–264},
  address   = {Oxford},
  doi       = {10.1093/oso/9780198861287.003.0009},
}

@InCollection{selkirk2011syntax,
ids = {Selkirk:2011,selkirk:2011},
  author    = {Selkirk, Elisabeth O.},
  title     = {The Syntax-Phonology Interface},
  booktitle = {The Handbook of Phonological Theory},
  publisher = {Blackwell Publishing},
  year      = {2011},
  editor    = {Goldsmith, John Jason Riggle and Alan C. L. Yu},
  volume    = {2},
  pages     = {435--484},
  address   = {Hoboken},
  edition   = {2}
}

@InCollection{matthews:words,
ids = {Matthews2002},
  author    = {Matthews, Peter H.},
  title     = {What can we conclude?},
  booktitle = {Word: {A} Cross-Linguistic Typology},
  publisher = {Oxford University Press},
  year      = {2002},
  editor    = {Dixon, R. M. W. and Aikhenvald, Alexandra Y.},
  pages     = {266--281},
  address   = {Oxford},
}

@InCollection{fortescue:1994,
ids = {Fortescue1994},
  author    = {Fortescue, Michael D.},
  title     = {Polysynthetic morphology},
  booktitle = {The {Encyclopedia} of Language and Linguistics},
  publisher = {Pergamon},
  year      = {1994},
  editor    = {Asher, R. E.},
  pages     = {2600--2602},
  address   = {Oxford},
}

@Book{good2016linguistic,
ids = {Good:2016},
  title     = {The Linguistic Typology of Templates},
  publisher = {Cambridge University Press},
  year      = {2016},
  author    = {Good, Jeff},
  address   = {Cambridge},
}

@Book{croft_radical_2001,
ids = {Croft2001},
  title     = {Radical {C}onstruction {G}rammar: {S}yntactic Theory in Typological Perspective},
  publisher = {Oxford University Press},
  year      = {2001},
  author    = {Croft, William},
  address   = {Oxford},
}

@Book{bloomfield1933language,
ids = {bloomfield1933:language},
  title     = {Language},
  publisher = {Holt, Rinehart and Winston},
  year      = {1933},
  author    = {Bloomfield, Leonard},
  address   = {New York},
}

@Book{bauer2017compounds,
ids = {Bauer:2017,Bauer2017},
  title     = {Compounds and Compounding},
  publisher = {Cambridge University Press},
  year      = {2017},
  author    = {Bauer, Laurie},
  address   = {Cambridge},
}

@Book{baker_incorporation_1988,
ids = {Baker:1988,Baker1988},
  title = {Incorporation: {{A}} theory of grammatical function changing},
  publisher = {University of Chicago Press},
  year      = {1988},
  author    = {Baker, Mark},
  address   = {Chicago},
}

@Book{Gerzenstein1983,
  title     = {Lengua chorote: {{E}}studio descriptivo-comparativo y vocabulario},
  publisher = {Universidad de Buenos Aires, Facultad de Filosofía y Letras, Instituto de Lingüística},
  year      = {1983},
  author    = {Gerzenstein, Ana},
  number    = {4},
  series    = {Archivo de lenguas precolombinas},
  address   = {Buenos Aires},
  edition   = {2},
}

@Article{vigario2010prosodic,
ids = {Vigario2010},
  author   = {Vigário, Marina C.},
  title    = {Prosodic structure between the prosodic word and the phonological phrase: {{R}}ecrusive nodes or an independent domain},
  journal  = {The Linguistic Review},
  year     = {2010},
  volume   = {27},
  number   = {4},
  pages    = {485--530},
  sortname = {Vigario, Marina C.},
}

@Article{tallmancoincidence:2020,
ids = {tallman:coincidence, tallman_constituency_2021, tallman2021constituency, Tallman:ur, Tallman2021, tallmanconstituency2021},
  author  = {Tallman, Adam J. R.},
  title   = {Constituency and coincidence in {C}hácobo ({P}ano)},
  journal = {Studies in Language},
  year    = {2021},
  volume  = {45},
  number  = {2},
  pages   = {321--383},
  month   = {8},
  doi     = {10.1075/sl.19025.tal},
}


@Article{schieringetal:2010,
ids = {schiering:2010, Schiering2010, schiering2010prosodic},
  author    = {René Schiering and Balthasar Bickel and Kristine A. Hildebrandt},
  title     = {The prosodic word is not universal, but emergent},
  journal   = {Journal of Linguistics},
  year      = {2010},
  volume    = {46},
  number    = {3},
  pages     = {657--709},
  publisher = {Cambridge University Press},
  sortname  = {René Schiering and Balthasar Bickel and Kristine A. Hildebrandt},
}

@Article{post_phonology_2009,
ids = {Post2009},
  author     = {Post, Mark W.},
  title      = {The phonology and grammar of {{Galo}} “words”: {A} case study in benign disunity},
  journal    = {Studies in Language},
  year       = {2009},
  volume     = {33},
  number     = {4},
  pages      = {934--974},
  month      = {10},
  doi        = {10.1075/sl.33.4.05pos},
  shorttitle = {The phonology and grammar of {Galo} “words”},
}

@Article{osborne2018tests,
ids = {Osborne2018},
  author  = {Osborne, Timothy J.},
  title   = {Tests for constituents: {W}hat they really reveal about the nature of syntactic structure},
  journal = {Language Under Discussion},
  year    = {2018},
  volume  = {1},
  number  = {5},
  pages   = {1--41},
}

@Article{haspelmathword:2011,
ids = {Haspelmath2011},
  author    = {Haspelmath, Martin},
  title     = {The indeterminacy of word segmentation and the nature of morphology and syntax},
  journal   = {Folia {L}inguistica},
  year      = {2011},
  volume    = {45},
  number    = {1},
  pages     = {31--80},
  doi       = {10.1515/flin.2011.002},
  publisher = {De Gruyter},
}

@Article{downing:2020,
ids = {downing2020re},
  author    = {Downing, Laura J. and Kadenge, Maxwell},
  title     = {Re-placing {{PS}}tem in the prosodic hierarchy},
  journal   = {The Linguistic Review},
  year      = {2020},
  volume    = {37},
  number    = {3},
  pages     = {433--461},
  publisher = {De Gruyter Mouton},
}

@Article{campbell2017otomanguean,
ids = {Campbell2017},
  author  = {Campbell, Eric W.},
  title   = {{Otomanguean} historical linguistics: {{P}}ast, present, and prospects for the future},
  journal = {Language and Linguistics Compass},
  year    = {2017},
  volume  = {11},
  number  = {4},
  pages   = {1--22},
}

@Article{bruening:2018,
ids = {Bruening2018},
  author    = {Bruening, Benjamin},
  title     = {The lexicalist hypothesis: {B}oth wrong and superfluous},
  journal   = {Language},
  year      = {2018},
  volume    = {94},
  number    = {1},
  pages     = {1--42},
  publisher = {Linguistic Society of America},
}

@Article{bloomfield1914sentence,
ids = {Bloomfield1914},
  author  = {Bloomfield, Leonard},
  title   = {Sentence and word},
  journal = {Transactions and Proceedings of the American Philological Association},
  year    = {1914},
  volume  = {45},
  pages   = {65--75},
}

@Book{NesporVogel:1986,
ids = {nespor_prosodic_1986, Nespor1986},
  title     = {Prosodic {Phonology}},
  publisher = {Mouton de Gruyter},
  year      = {1986},
  author    = {Nespor, Marina and Vogel, Irene},
  address   = {Berlin},
}

@Article{millersande:2021,
ids = {miller2021,miller:2021,miller2021is},
  author    = {Miller, Taylor L. and Sande, Hannah},
  title     = {Is Word-Level Recursion Actually Recursion?},
  journal   = {Languages},
  year      = {2021},
  volume    = {100},
  number    = {6},
  pages     = {1--27},
  doi       = {10.3390/languages6020100},
  publisher = {Multidisciplinary Digital Publishing Institute},
}

@Article{tallman2020beyond,
ids = {tallman20beyond, Tallman2020},
  author    = {Tallman, Adam J. R.},
  title     = {Beyond grammatical and phonological words},
  journal   = {Language and Linguistics Compass},
  year      = {2020},
  volume    = {14},
  number    = {2},
  pages     = {1--14},
  doi       = {10.1111/lnc3.12364},
  publisher = {Wiley Online Library},
}

@Comment{jabref-meta: databaseType:bibtex;}


@book{NikulinCarolForthcoming,
author = {Andrey Nikulin and Javier Carol},
title = {{Historical} phonology of {Mataguayan}},
subtitle = {},
year = {Forthcoming},
series = {Topics in Phonological Diversity},
address = {Berlin},
publisher = {Language Science Press}
}

@book{Drayson1999,
	address = {Tartagal},
	author = {Drayson, Nicholas},
	publisher = {ASOCIANA},
	title = {Ja’yitaja’a na si’lij jla’yi ti jayamtijiena [{V}amos a leer y escribir en {Chorote}]},
	year = {1999}
}
