@book{langsci-current-book, editor = {Rik van Gijn and Hanna Ruch and Max Wahlstr√∂m and Anja Hasse}, title = {{Language contact}}, subtitle = {{Bridging the gap between individual interactions and areal patterns}},year = {2023}, series = {Language Variation}, number = {8}, location = {Berlin}, publisher = {Language Science Press}, options = {dataonly=true} } 
