
@misc{albert2022proper,
	Author = {Albert, Aviad and Cangemi, Francesco and Ellison, T. Mark and Grice, Martine},
	Citation_Identifier = {Albert 2020},
	Doi = {10.17605/OSF.IO/28EA5},
	Month = {8},
	Publicationstatus = {Published},
	Publisher = {OSF},
	Title = {ProPer: PROsodic analysis with PERiodic energy},
	%Url = {https://osf.io/28ea5},
    Note = {Computer software},
	Year = {2022}
}

@article{yin2023frequent,
	Author = {Yin, Ruihua and van de Weijer, Jeroen and Round, Erich R.},
	Citation_Identifier = {Yin 2023},
	Doi = {10.1515/lingty-2022-0038},
	Journal = {Linguistic Typology},
	Publicationstatus = {Published},
	Publisher = {De Gruyter Mouton},
	Title = {Frequent violation of the sonority sequencing principle in hundreds of languages: {H}ow often and by which sequences?},
	Uuid = {56D462B8-E00C-4900-8B39-A487D4331619},
	Year = {2023},
	Bdsk-Url-1 = {https://doi.org/10.1515/lingty-2022-0038}}


@InProceedings{jeon2022investigating,
  author    = {Jeon, Hae-Sung and Nichols, Stephen},
  booktitle = {Proccedings of {Interspeech} 2022, {Incheon, Korea}},
  title     = {Investigating Prosodic Variation in {British English} Varieties using {ProPer}},
  year      = {2022}
}

@misc{Stan2018,
	author = {{Stan Development Team}},
	title = {Stan: {A C++} Library for Probability and Sampling, {Version} 2.18.2},
	url = {http://mc-stan.org/},
	year = {2018}
}

@misc{R-rstan,
	author = {{Stan Development Team}},
	note = {R package version 2.18.2},
	title = {{{RS}tan}: {{T}}he {R} interface to {Stan}},
	url = {http://mc-stan.org/},
	year = {2018}
}

@misc{R-StanHeaders,
	author = {{Stan Development Team}},
	note = {R package version 2.18.0},
	title = {{{StanH}eaders}: {{H}}eaders for the {R} interface to {Stan}},
	url = {http://mc-stan.org/},
	year = {2018}
}

@manual{tuneR2018,
	author = {Uwe Ligges and Sebastian Krey and Olaf Mersmann and Sarah Schnackenberg},
	title = {{tuneR}: {{A}}nalysis of Music and Speech},
	url = {https://CRAN.R-project.org/package=tuneR},
	year = {2018}
}

@book{knitr2015,
	address = {Boca Raton, Florida},
	author = {Yihui Xie},
	edition = {2nd},
	note = {ISBN 716963},
	publisher = {Chapman and Hall/CRC},
	title = {Dynamic Documents with {R} and knitr},
	url = {https://yihui.org/knitr/},
	year = {2015}
}

@article{gelman2008weakly,
	author = {Gelman, Andrew and Jakulin, Aleks and Pittau, Maria Grazia and Su, Yu-Sung},
	journal = {The Annals of Applied Statistics},
	pages = {1360--1383},
	title = {A weakly informative default prior distribution for logistic and other regression models},
	volume = {2},
	number = {4},
	doi = {10.1214/08-AOAS191},
	year = {2008}
}

@article{chung2013weakly,
	author = {Chung, Yeojin and Gelman, Andrew and Rabe-Hesketh, Sophia and Liu, Jingchen and Dorie, Vincent},
	journal = {Journal of Educational and Behavioral Statistics},
	pages = {136--157},
	title = {Weakly Informative Prior for Point Estimation of Covariance Matrices in Hierarchical Models},
	volume = {40},
	number = {2},
	year = {2013},
	doi = {10.3102/1076998615570945}
}

@article{VasishthEtAl2017EDAPS,
	author = {Shravan Vasishth and Bruno Nicenboim and Mary E. Beckman and Fangfang Li and Eunjong Kong},
	doi = {10.1016/j.wocn.2018.07.008},
	eprint = {https://osf.io/5pj49/},
	journal = {Journal of Phonetics},
	pages = {147--161},
	title = {{Bayesian} data analysis in the phonetic sciences: {A} tutorial introduction},
	volume = {71},
	year = {2018}
}

@article{R-Rcpp_a,
	author = {Dirk Eddelbuettel and Romain Fran\c{c}ois},
	doi = {10.18637/jss.v040.i08},
	journal = {Journal of Statistical Software},
	number = {8},
	pages = {1--18},
	sortname = {Dirk Eddelbuettel and Romain Fran\c{c}ois},
	title = {{Rcpp}: {{S}}eamless {R} and {C++} Integration},
	url = {http://www.jstatsoft.org/v40/i08/},
	volume = {40},
	year = {2011}
}

@article{kaye1992you,
	Author = {Kaye, Jonathan},
	Citation_Identifier = {Kaye 1992},
	Journal = {SOAS working papers in Linguistics and Phonetics},
	Pages = {293-313},
	Publicationstatus = {Published},
	title = {Do you believe in magic? {{T}}he story of {s+C} sequences},
	Uuid = {BB4C40E6-AF7D-4A6D-BADF-0B6D7B4B82E8},
	Volume = {2},
	Year = {1992}}


@techreport{itu2015algorithmssk,
	author = {{ITU-R}},
	collection_description = {BS Series: Broadcasting service (sound)},
	description = {Recommendation ITU-R BS.1770-4},
	school = {Radiocommunication Sector of International Telecommunication Union},
	tags = {Loudness/ Intensity;NAP\_paper},
	title = {Algorithms to measure audio programme loudness and true-peak audio level: {{ITU}-R {BS}.1770-4}},
	year = {2015},
}

@report{burknerModelingMonotonicEffects2018,
	author = {Bürkner, {Paul-Christian} and Charpentier, Emmanuel},
	doi = {10.31234/osf.io/9qkhj},
	school = {{PsyArXiv}},
	title = {Modeling monotonic Effects of Ordinal Predictors in {{Bayesian}} Regression Models},
	type = {preprint},
	year = {2018},
}

@phdthesis{zhang2001effects,
	author = {Zhang, Jie},
	google_scholar_bibtex_export_key = {3P8pD4qVwh8J},
	school = {University of California, Los Angeles},
	tags = {NAP\_paper},
	title = {The Effects of Duration and Sonority on Contour Tone Distribution: {{T}}ypological Survey and Formal Analysis},
	year = {2001},
}

@mastersthesis{vishnubhotla2007detection,
	author = {Vishnubhotla, Srikanth},
	google_scholar_bibtex_export_key = {TbOj1iUKTU0J},
	school = {University of Maryland},
	tags = {Pitch/ f0;Acoustic Phonetics;Speech Analysis;Phonation/ Voicing},
	title = {Detection of irregular phonation in speech},
	year = {2007},
}

@phdthesis{steriade1982greek,
	author = {Steriade, Donca},
	endnote_reference_number = {20},
	google_scholar_bibtex_export_key = {N257VO-\_J8EJ},
	school = {Massachusetts Institute of Technology},
	tags = {Sonority;NAP\_paper},
	title = {{Greek} prosodies and the nature of syllabification},
	year = {1982},
}

@phdthesis{pierrehumbert1980phoneticssk,
	author = {Pierrehumbert, Janet},
	google_scholar_bibtex_export_key = {TGcawusH1UsJ},
	school = {Massachusetts Institute of Technology},
	tags = {NAP\_paper;Intonation},
	title = {The phonetics and phonology of {{English}} intonation},
	year = {1980},
}

@phdthesis{pfitzinger2001phonetischesk,
	author = {Pfitzinger, Hartmut R.},
	school = {Universität München},
	tags = {Time},
	title = {Phonetische {Analyse der Sprechgeschwindigkeit}},
	year = {2001},
}

@phdthesis{parker2002quantifying,
	author = {Parker, Stephen G.},
	endnote_reference_number = {21},
	google_scholar_bibtex_export_key = {p6tD938MXi4J},
	school = {University of Massachusetts, Amherst},
	tags = {Sonority;NAP\_paper;Production Tasks},
	title = {Quantifying the sonority hierarchy},
	year = {2002},
}

@phdthesis{mccarthy1979formalsk,
	author = {McCarthy, John J.},
	google_scholar_bibtex_export_key = {U16nIetpEhQJ},
	school = {Massachusetts Institute of Technology},
	title = {Formal problems in {{Semitic}} phonology and morphology},
	year = {1979},
}

@phdthesis{lombardi1991laryngeal,
	author = {Lombardi, Linda},
	google_scholar_bibtex_export_key = {SVAV\_SGYx\_sJ},
	school = {University of Massachusetts, Amherst},
	title = {Laryngeal features and laryngeal neutralization},
	year = {1991},
}

@phdthesis{liberman1975intonationalsk,
	author = {Liberman, Mark Yoffe},
	school = {Massachusetts Institute of Technology},
	tags = {NAP\_paper},
	title = {The intonational system of {{English}}},
	year = {1975},
}

@phdthesis{lennertz2010people,
	author = {Lennertz, Tracy},
	school = {Northeastern University},
	tags = {Sonority;NAP\_Berent},
	title = {People's knowledge of phonological universals: {{{E}}}vidence from fricatives and stops},
	year = {2010},
}

@phdthesis{leben1973suprasegmental,
	author = {Leben, William Ronald},
	school = {Massachusetts Institute of Technology},
	tags = {NAP\_paper},
	title = {Suprasegmental phonology},
	year = {1973},
}

@phdthesis{kreitman2008phoneticssk,
	author = {Kreitman, Rina},
	oclcid = {299606345},
	ris_reference_number = {299606345},
	school = {Cornell University},
	title = {The phonetics and phonology of onset clusters: {{T}}he case of {Modern {Hebrew}}},
	year = {2008},
}

@phdthesis{joanisse2000connectionist,
	author = {Joanisse, Marc Francis},
	school = {University of Southern California},
	title = {Connectionist Phonology},
	year = {2000},
}

@phdthesis{hayes1980metrical,
	author = {Hayes, Bruce},
	school = {Massachusetts Institute of Technology},
	tags = {NAP\_paper},
	title = {A metrical theory of stress rules},
	year = {1980},
}

@phdthesis{goldsmith1976autosegmental,
	author = {Goldsmith, John A.},
	school = {Massachusetts Institute of Technology},
	tags = {Sonority;NAP\_paper},
	title = {Autosegmental phonology},
	year = {1976},
}

@phdthesis{delacy2002formal,
	author = {de Lacy, Paul Valiant},
	school = {University of Massachusetts, Amherst},
	title = {The Formal Expression of Markedness},
	year = {2002},
}

@phdthesis{cohen2009role,
	author = {Cohen, Evan-Gary},
	google_scholar_bibtex_export_key = {abHUA4O47qsJ},
	school = {Tel Aviv University},
	tags = {Vowels;Optimality Theory;Corpus-Based Research;Prosody;Similarity;Acoustic Phonetics;Perceptual Phon},
	title = {The role of similarity in phonology: {{{E}}}vidence from loanword adaptation in {Hebrew}},
	year = {2009},
}

@phdthesis{blaho2008syntax,
	author = {Blaho, Sylvia},
	school = {University of Troms{\o}},
	tags = {Substance-free;NAP\_paper},
	title = {The syntax of phonology: {{A}} radically substance-free approach},
	year = {2008},
}

@phdthesis{adam2002variable,
	author = {Adam, Galit},
	google_scholar_bibtex_export_key = {ym75HQEnYmEJ},
	school = {Tel-Aviv University},
	tags = {Optimality Theory;Variation;Prosody;Modern Heb;Acquisition / L2 learning},
	title = {From Variable to Optimal Grammar: {{{E}}}vidence from Language Acquisition},
	year = {2002},
}

@phdthesis{Donegan1978onthenatural,
	author = {Donegan, Patricia J.},
	oclcid = {5418870},
	ris_reference_number = {5418870},
	school = {Ohio State University},
	tags = {Sonority;NAP\_paper},
	title = {On the natural phonology of vowels},
	year = {1978},
}

@misc{parker2018abib,
	author = {Parker, Stephen G.},
	title = {A Bibliography of Resources on Sonority},
	url = {https://web.archive.org/web/20220124004246/https://diu.edu/wp-content/uploads/steve_parker/bibliography-sonority-alphabetical.pdf},
	year = {2018},
}

@misc{itu2015algorithms,
	address = {Geneva},
	author = {ITU-R Recommendation BS.1770-4},
	collection_description = {BS Series: Broadcasting service (sound)},
	organization = {Radiocommunication Sector of International Telecommunication Union},
	publisher = {International Telecommunication Union},
	tags = {Loudness/ Intensity;NAP\_paper},
	title = {Algorithms to measure audio programme loudness and true-peak audio level},
	year = {2015},
	options = {indexing=false}
}

@misc{bolozky2006livingsk,
	author = {Bolozky, Shmuel and Becker, Michael},
	title = {Living Lexicon of {{Hebrew}} Nouns},
	url = {https://becker.phonologist.org/LLHN/},
	year = {2006},
}

@misc{boersma2019praat,
	author = {Boersma, Paul and Weenink, David},
	publisher = {Version 6.0.56},
	retrieval_day = {8},
	retrieval_month = {7},
	retrieval_year = {2019},
	title = {Praat: {{D}}oing phonetics by computer},
	url = {http://www.praat.org/},
	year = {2019},
}

@misc{albert2020proper,
	author = {Albert, Aviad and Cangemi, Francesco and Ellison, T. Mark and Grice, Martine},
	doi = {10.17605/OSF.IO/28EA5},
	publisher = {OSF},
	title = {{ProP}er: {{P}}{RO}sodic analysis with {PER}iodic energy},
	url = {https://osf.io/28ea5},
	year = {2020},
}

@mastersthesis{albert2014phonotacticsk,
	author = {Albert, Aviad},
	google_scholar_bibtex_export_key = {2UY0\_vED1BEJ},
	school = {Tel-Aviv University},
	title = {Phonotactic universals in {Modern {Hebrew}}: {{{E}}}vidence for prosodic alignment of stops},
	year = {2014},
}

@manual{rstudio,
	address = {Boston, MA},
	author = {{RStudio Team}},
	note = {RStudion version 1.1.463},
	organization = {RStudio, Inc.},
	title = {{{RS}tudio}: {{I}}ntegrated Development Environment for {R}},
	url = {http://www.rstudio.com/},
	year = {2016},
}

@manual{R-zoo,
	author = {Achim Zeileis and Gabor Grothendieck and Jeffrey A. Ryan},
	note = {R package version 1.8-7},
	title = {{zoo}: {{S}}3 infrastructure for regular and irregular time series ({Z}'s ordered observations)},
	url = {https://CRAN.R-project.org/package=zoo},
	year = {2020},
}

@manual{R-tuneR,
	author = {Uwe Ligges},
	note = {R package version 1.3.3},
	title = {{tuneR}: {{A}}nalysis of Music and Speech},
	url = {https://CRAN.R-project.org/package=tuneR},
	year = {2018},
}

@manual{R-tidyr,
	author = {Hadley Wickham and Lionel Henry},
	note = {R package version 0.8.2},
	title = {{tidyr}: {{{E}}}asily tidy data with \texttt{spread()} and \texttt{gather()} Functions},
	url = {https://CRAN.R-project.org/package=tidyr},
	year = {2018},
}

@manual{R-stringr,
	author = {Hadley Wickham},
	note = {R package version 1.4.0},
	title = {{stringr}: {{S}}imple, consistent wrappers for common string operations},
	url = {https://CRAN.R-project.org/package=stringr},
	year = {2019},
}

@manual{R-seewave,
	author = {Jerome Sueur and Thierry Aubin and Caroline Simonis and Laurent Lellouch and Ethan C. Brown and Marion Depraetere and Camille Desjonqueres and Francois Fabianek and Amandine Gasc and Eric Kasten and Stefanie LaZerte and Jonathan Lees and Jean Marchal and Andre Mikulec and Sandrine Pavoine and David Pinaud and Alicia Stotz and Luis J. Villanueva-Rivera and Zev Ross and Carl G. Witthoft and Hristo Zhivomirov.},
	note = {R package version 2.1.6},
	title = {{seewave}: {{S}}ound Analysis and Synthesis},
	url = {https://CRAN.R-project.org/package=seewave},
	year = {2020},
}

@manual{R-rmarkdown,
	author = {JJ Allaire and Yihui Xie and Jonathan McPherson and Javier Luraschi and Kevin Ushey and Aron Atkins and Hadley Wickham and Joe Cheng and Winston Chang and Richard Iannone},
	note = {R package version 2.2},
	title = {{rmarkdown}: {{D}}ynamic Documents for {R}},
	url = {https://CRAN.R-project.org/package=rmarkdown},
	year = {2020},
}

@manual{R-readr,
	author = {Hadley Wickham and Jim Hester and Romain Francois},
	note = {R package version 1.3.1},
	title = {{readr}: {{R}}ead rectangular text data},
	url = {https://CRAN.R-project.org/package=readr},
	year = {2018},
}

@manual{R-rPraat,
	author = {Tomas Boril},
	note = {R package version 1.3.1},
	title = {{rPraat}: {{I}}nterface to {Praat}},
	url = {https://CRAN.R-project.org/package=rPraat},
	year = {2020},
}

@manual{R-purrr,
	author = {Lionel Henry and Hadley Wickham},
	note = {R package version 0.3.4},
	title = {{purrr}: {{F}}unctional Programming Tools},
	url = {https://CRAN.R-project.org/package=purrr},
	year = {2020},
}

@manual{R-papaja,
	author = {Frederik Aust and Marius Barth},
	note = {R package version 0.1.0.9942},
	title = {{papaja}: {{P}}repare reproducible {{APA}} journal articles with {R Markdown}},
	url = {https://github.com/crsh/papaja},
	year = {2020},
}

@manual{R-knitr,
	author = {Yihui Xie},
	note = {R package version 1.28},
	title = {{knitr}: {{A}} General-Purpose Package for Dynamic Report Generation in {R}},
	url = {https://CRAN.R-project.org/package=knitr},
	year = {2020},
}

@manual{R-hexbin,
	author = {Dan Carr and Nicholas Lewin-Koh and Martin Maechler and Deepayan Sarkar},
	note = {R package version 1.27.2},
	title = {{hexbin}: {{H}}exagonal binning routines},
	url = {https://CRAN.R-project.org/package=hexbin},
	year = {2018},
}

@manual{R-ggrepel,
	author = {Kamil Slowikowski},
	note = {R package version 0.8.1},
	title = {{ggrepel}: {{A}}utomatically Position Non-Overlapping Text Labels with \texttt{ggplot2}},
	url = {https://CRAN.R-project.org/package=ggrepel},
	year = {2019},
}

@manual{R-ggplot2,
	author = {Hadley Wickham and Winston Chang and Lionel Henry and Thomas Lin Pedersen and Kohske Takahashi and Claus Wilke and Kara Woo and Hiroaki Yutani and Dewey Dunnington},
	note = {R package version 3.3.0},
	title = {{ggplot2}: {{C}}reate elegant data visualisations using the grammar of graphics},
	url = {https://CRAN.R-project.org/package=ggplot2},
	year = {2020},
}

@manual{R-dplyr,
	author = {Hadley Wickham and Romain Fran{\c c}ois and Lionel Henry and Kirill Müller},
	note = {R package version 0.8.5},
	title = {{dplyr}: {{A}} grammar of data manipulation},
	url = {https://CRAN.R-project.org/package=dplyr},
	year = {2020},
}

@manual{R-base,
	address = {Vienna, Austria},
	author = {{R Core Team}},
	organization = {R Foundation for Statistical Computing},
	title = {R: {{A}} language and environment for statistical computing},
	url = {https://www.R-project.org/},
	year = {2018},
	options = {indexing=false}
}

@manual{R-R.matlab,
	author = {Henrik Bengtsson},
	note = {R package version 3.6.2},
	title = {{R.Matlab}: {{R}}ead and write {MAT} files and call {{MATLAB}} from within {R}},
	url = {https://CRAN.R-project.org/package=R.matlab},
	year = {2018},
}

@manual{R-Cairo,
	author = {Simon Urbanek and Jeffrey Horner},
	note = {R package version 1.5-12},
	title = {Cairo: {{R}} graphics device using {Cairo} graphics library for creating high-quality bitmap ({{PNG}, {JPEG}, {TIFF}}), vector ({{PDF}, {SVG}, {PostS}cript}) and display ({X11 and Win32}) output},
	url = {https://CRAN.R-project.org/package=Cairo},
	year = {2020},
}

@incollection{young2017markednesssk,
	author = {Young, Mackenzie and Wilson, Colin},
	booktitle = {{Proceedings of the 34th {{West} Coast Conference on Formal Linguistics}}},
	editor = {Aaron Kaplan and Abby Kaplan and Miranda K. McCarvel and Edward J. Rubin},
	pages = {582-589},
	publisher = {Cascadilla Proceedings Project},
	location = {Somerville, MA},
	title = {Markedness effects in visual processing of non-native onset clusters},
	year = {2017},
}

@incollection{wilson2013bayesian,
	author = {Wilson, Colin and Davidson, Lisa},
	booktitle = {Proceedings of {NELS}},
	number = {2},
	pages = {265--278},
	title = {{Bayesian} analysis of non-native cluster production},
	volume = {40},
	year = {2013},
}

@incollection{ventura2019perceptualsk,
	author = {Ventura, Caterina and Grice, Martine and Savino, Michelina and Albert, Aviad and Schumacher, Petra B.},
	booktitle = {The 3rd {Phonetics and Phonology in {Europe} ({PaPE}). {{B}}ari and Lecce, {Italy}} [poster presentation]},
	title = {Perceptual evaluation of post-focal prominence in {{Italian}} by {L1} and {L2} naïve listeners},
	year = {2019},
}

@incollection{steriade1999alternativessk,
	address = {Prague},
	author = {Steriade, Donca},
	booktitle = {{Proceedings of the 1998 {Linguistics and Phonetics Conference}}},
	endnote_reference_number = {12},
	pages = {205--242},
	publisher = {Karolinum Press},
	tags = {Syllabification;Phonotactics;Sonority;NAP\_paper;Typology;Phonation/ Voicing},
	title = {Alternatives to syllable-based accounts of consonantal phonotactics},
	year = {1999},
}

@incollection{skovenborg2012loudnesssk,
	author = {Skovenborg, Esben},
	booktitle = {The 132nd {Audio Engineering Society Convention}},
	organization = {Audio Engineering Society},
	tags = {Loudness/ Intensity;NAP\_paper},
	title = {Loudness Range {({LRA})}: {D}esign and Evaluation},
	year = {2012},
	url = {http://www.aes.org/e-lib/browse.cfm?elib=16254}
}

@incollection{scheer2007statussk,
	address = {Ann Arbor},
	author = {Scheer, Tobias},
	booktitle = {Proceedings of {{FASL}}},
	editor = {Compton, Richard U. and Goledzinowska, Magdalena and Savchenko, Ulyana M.},
	google_scholar_bibtex_export_key = {1WWxYAEugfEJ},
	pages = {346--364},
	publisher = {Michigan Slavic Publications},
	tags = {Sonority;Sonority violations;NAP\_paper;Typology},
	title = {On the status of word-initial clusters in {{Slavic}} (and elsewhere)},
	volume = {15},
	year = {2007},
}

@incollection{sbranna2021prosodicsk,
	author = {Sbranna, Simona and Ventura, Caterina and Albert, Aviad and Grice, Martine},
	booktitle = {The 4th {Phonetics and Phonology in {Europe} ({PaPE}). {{B}}arcelona, {Spain}} [poster presentation]},
	title = {Prosodic expression of information status in {{Italian}}},
	year = {2021},
}

@incollection{sbranna2021prosodicmarkingsk,
	author = {Sbranna, Simona and Ventura, Caterina and Albert, Aviad and Grice, Martine},
	booktitle = {{{TiPT}oP}: {{T}}rends in pedagogical transmission of prosody. {Konstanz, {Germany}} [oral presentation]},
	title = {Prosodic marking of information status: {{A}}n exploratory study on {L1 {Italian} and L2 {German}}},
	year = {2021},
}


@incollection{sbranna2021developingsk,
	author = {Sbranna, Simona and Ventura, Caterina and Albert, Aviad and Grice, Martine},
	booktitle = {{The 1st {International Conference on Tone and Intonation ({TAI}). {{S}}onderborg, {Denmark}} [poster presentation]}},
	title = {Developing prosodic competence: {{M}}arking information status in {L2 {German}}},
	year = {2021},
}


@article{sbranna2023prosodic,
	Author = {Sbranna, Simona and Ventura, Caterina and Albert, Aviad and Grice, Martine},
	Doi = {10.1016/j.wocn.2023.101212},
	Issn = {0095-4470},
	Journal = {Journal of Phonetics},
	Pages = {101212},
	Publicationstatus = {Published},
	Title = {Prosodic marking of information status in {Italian}},
	Volume = {97},
	Year = {2023}
}



@incollection{savino2021nativesk,
	author = {Savino, Michelina and Ventura, Caterina and Sbranna, Simona and Albert, Aviad and Grice, Martine},
	booktitle = {The 4th {Phonetics and Phonology in {Europe} ({PaPE}). {{B}}arcelona, {Spain}} [poster presentation]},
	title = {Native variety interference when imitating intonation in a non-native variety of {{Italian}}},
	year = {2021},
}

@incollection{reb2010mandarinsk,
	author = {Ren, Jie and Gao, Liqun and Morgan, James L.},
	booktitle = {the 20th Colloquium on Generative Grammar, {Universitat Pompeu Fabra, Barcelona}},
	tags = {NAP\_Berent},
	title = {{Mandarin} speakers' knowledge of the sonority sequencing principle},
	year = {2010},
}

@incollection{rPraat2016,
	address = {Cham},
	author = {Tomá{\v s} Bo{\v r}il and Radek Skarnitzl},
	booktitle = {{Text, Speech, and Dialogue: 19th {International Conference, {TSD} 2016, Brno, {Czech Republic}, {September} 12-16, 2016, Proceedings}}},
	doi = {10.1007/978-3-319-45510-5_42},
	editor = {Petr Sojka and Ale{\v s} Horák and Ivan Kope{\v c}ek and Karel Pala},
	pages = {367--374},
	publisher = {Springer International Publishing},
	title = {Tools {rPraat and mPraat}},
	year = {2016},
}

@incollection{prieto2007coordinationsk,
	author = {Prieto, Pilar and Mücke, Doris and Becker, Johannes and Grice, Martine},
	booktitle = {Proceedings of the {{XVI}th} {International Congress of Phonetic Sciences}},
	pages = {989--992},
	tags = {NAP\_paper},
	title = {Coordination patterns between pitch movements and oral gestures in {{Catalan}}},
	year = {2007},
}

@article{port1996dynamic,
	Author = {Port, Robert F. and Cummins, Fred and Gasser, Michael},
	Citation_Identifier = {Port 1996},
	Doi = {10.48550/arXiv.cmp-lg/9508007},
	Journal = {arXiv preprint},
	Keywords = {Repetitive patterns},
	Title = {A dynamic approach to rhythm in language: {{T}}oward a temporal phonology},
	Year = {1996}
 }


@incollection{patha2016syllablesk,
    doi = {10.21437/SpeechProsody.2016-74},
	Author = {Patha, Sreedhar and Bayya, Yegnanarayana and Gangashetty, Suryakanth V.},
	Booktitle = {Proceedings of {Speech Prosody 2016}},
	Citation_Identifier = {Patha 2016},
	Editor = {Barnes, Jon and Brugos, Alejna and Shattuck-Hufnagel, Stefanie and Veilleux, Nanette},
	Keywords = {Sonority;NAP_paper},
	Pages = {360-364},
	Publicationstatus = {Published},
    Title = {Syllable nucleus and boundary detection in noisy conditions},
	Uuid = {CA423D31-5A48-47B0-A8BC-A28471C3FEDD},
	Year = {2016}}


@incollection{olender2013acousticsk,
    address = {{Poznań, Poland}},
	author = {Olender, Adam},
	booktitle = {the 44th {Poznań Linguistic Meeting}},
	title = {Acoustic evidence for word-initial /s/+stop sequences as onset clusters: “{Perceptual} bond” as a cross-linguistic predictor of prothesis},
	year = {2013},
}



@incollection{ohala1992alternatives,
	Address = {Chicago},
	Author = {Ohala, John J.},
	Booktitle = {The {Parasession on the Syllable in Phonetics \& Phonology: Papers from the 26th Regional Meeting of the Chicago Linguistic Society}},
	Citation_Identifier = {Ohala 1992},
	Editor = {Ziolkowski, Michael and Noske, Manuela and Deaton, Karen},
	Google_Scholar_Bibtex_Export_Key = {Y1\_h4o4Ni18J},
	Keywords = {Phonotactics;Prosody;Sonority;Segmantal Phonology;NAP_paper},
	Pages = {319-338},
	Publicationstatus = {Unknown},
	Publisher = {Chicago Linguistic Society},
	Tags = {Sonority;Phonotactics;NAP\_paper;Prosody;Segmantal Phonology},
	Title = {Alternatives to the Sonority Hierarchy for Explaining Segmental Sequential Constraints},
	Uuid = {90EA1C5E-1CA0-45CC-8101-748F7FDD717A},
	Year = {1992}}


@incollection{mirea2019usingsk,
	author = {Mirea, Nicole and Bicknell, Klinton},
	booktitle = {Proceedings of the 57th {Annual Meeting of the Association for Computational Linguistics}},
	pages = {1595--1605},
	title = {Using {{LSTM}s} to assess the obligatoriness of phonological distinctive features for phonotactic learning},
	year = {2019},
	editor = {Anna Korhonen and David Traum and Lluís Màrquez},
	location = {Stroudsburg, PA},
	publisher = {Association for Computational Linguistics}
}

@article{mayer2019phonotacticsk,
	author = {Mayer, Connor and Nelson, Max},
	journal = {Proceedings of the Society for Computation in Linguistics},
	title = {Phonotactic learning with neural language models},
	year = {2020},
	volume = {3},
	pages = {Article 16},
	doi = {10.7275/g3y2-fx06},
}

@incollection{lund2014loudnesssk,
	author = {Lund, Thomas and Skovenborg, Esben},
	booktitle = {{Annual Technical Conference \& Exhibition, {{SMPTE}} 2014}},
    doi = {10.5594/M001550},
	pages = {1--14},
	tags = {Loudness/ Intensity;NAP\_paper},
	title = {Loudness vs. {speech} Normalization in Film and Drama for Broadcast},
	year = {2014},
}

@incollection{laufer2019originsk,
	author = {Laufer, Asher},
	booktitle = {Proceedings of the 19th {International Congress of Phonetic Sciences, Melbourne, {Australia}}},
	pages = {1908--1911},
	title = {The origin of the {{IPA}} schwa},
	year = {2019},
}

@incollection{jany2007universal,
	author = {Jany, Carmen and Gordon, Matthew and Nash, Carlos M. and Takara, Nobutaka},
	booktitle = {16th {International Congress of Phonetic Sciences, Saarbrücken}},
	google_scholar_bibtex_export_key = {32UjTUMKzpMJ},
	pages = {1401--1404},
	tags = {Sonority;NAP\_paper},
	title = {How universal is the sonority hierarchy? {{A}} cross-linguistic acoustic study},
	year = {2007},
}

@incollection{hayes2011interpreting,
	author = {Hayes, Bruce},
	booktitle = {Proceedings of the 17th {International Congress of Phonetic Sciences}},
	pages = {835--838},
	tags = {NAP\_Berent},
	title = {Interpreting sonority-projection experiments: {{T}}he role of phonotactic modeling},
	year = {2011},
}

@incollection{hamann2009modelling,
	author = {Hamann, Silke and Apoussidou, Diana and Boersma, Paul},
	booktitle = {Proceedings from the Annual Meeting of the {Chicago} Linguistic Society},
	google_scholar_bibtex_export_key = {Xt1nVJ\_ruKYJ},
	number = {1},
	organization = {Chic Ling Society},
	pages = {193--206},
	title = {Modelling the formation of phonotactic restrictions across the mental lexicon},
	volume = {45},
	year = {2009},
}

@incollection{goldstein2007syllablesk,
	author = {Goldstein, Louis and Chitoran, Ioana and Selkirk, Elisabeth},
	booktitle = {Proceedings of the {{XVI}th International Congress of Phonetic Sciences}},
	google_scholar_bibtex_export_key = {Jwkgz4MdDmgJ},
	pages = {241--244},
	tags = {Sonority;Phonotactics;NAP\_paper;Articulatory Phon;Prosody;Elicitation Tasks},
	title = {Syllable structure as coupled oscillator modes: {{{E}}}vidence from {{Georgian}} vs. {{Tashlhiyt} {Berber}}},
	year = {2007},
}

@incollection{galves2002sonoritysk,
	author = {Galves, Antonio and Garcia, Jesus and Duarte, Denise and Galves, Charlotte},
	booktitle = {{{Speech Prosody} 2002, {International Conference}; {Aix-en-Provence, France}}},
	title = {Sonority as a basis for rhythmic class discrimination},
	year = {2002},
}

@incollection{fullwood2014perceptual,
	author = {Fullwood, Michelle Alison},
	booktitle = {Proceedings of the 2013 {Annual Meetings on Phonology}},
	google_scholar_bibtex_export_key = {M1kR-NvzHT0J},
    doi = {10.3765/amp.v1i1.14},
	title = {The Perceptual Dimensions of Sonority-Driven Epenthesis},
	year = {2014},
}

@incollection{enochson2014l2sk,
	author = {Enochson, Kelly},
	booktitle = {{Proceedings of the International Symposium on the Acquisition of Second Language Speech Concordia Working Papers in Applied Linguistics}},
	pages = {171--184},
	tags = {Sonority;s-clusters},
	title = {L2 production of {English} onset {sC} and {{CC}} clusters},
	volume = {5},
	year = {2014},
}

@incollection{deshmukh2003detectionsk,
	author = {Deshmukh, Om and Espy-Wilson, Carol},
	booktitle = {The 15th {International Congress of Phonetic Sciences, Barcelona, Spain}},
	tags = {Pitch/ f0;NAP\_paper;Acoustic Phonetics;Speech Analysis;Phonation/ Voicing},
	title = {Detection of periodicity and aperiodicity in speech signal based on temporal information},
	year = {2003},
	editor = {Solé, Maria-Josep and Recasens, Daniel and Romero, Joaquin}
}

@incollection{dellwo2006rhythmsk,
	address = {Frankfurt/Main},
	author = {Dellwo, Volker},
	booktitle = {Language and language-processing: {{P}}roceedings of the 38th {Linguistics Colloquium, Piliscsaba}},
	editor = {Karnowski, Paweł and Szigeti, Imre},
	publisher = {Peter Lang},
	title = {Rhythm and speech rate: {{A}} variation coefficient for {deltaC}},
	year = {2006},
}


@article{coleman1997stochastic,
	Author = {Coleman, John and Pierrehumbert, Janet},
	Citation_Identifier = {Coleman 1997},
	Doi = {10.48550/arXiv.cmp-lg/9707017},
	Journal = {arXiv preprint},
	Publicationstatus = {Published},
	Title = {Stochastic phonological grammars and acceptability},
	Uuid = {E59258D1-7234-440F-B6D2-B69E6273239F},
	Year = {1997},
 }




@incollection{clements1992sonority,
	address = {Cambridge},
	author = {Clements, George N.},
	booktitle = {Phonologica 1988: {{P}}roceedings of the {6th International Phonology Meeting}},
	editor = {Dressler, Wolfgang U.},
	google_scholar_bibtex_export_key = {E2DKZdpKsWgJ},
	pages = {63--76},
	publisher = {Cambridge University Press},
	tags = {Sonority;NAP\_paper},
	title = {The sonority cycle and syllable organization},
	year = {1992},
}

@incollection{christiansen1999power,
	author = {Christiansen, Morten H. and Curtin, Suzanne L.},
    editor = {Martin Hahn and Scott C. Stoness},
	booktitle = {Proceedings of the 21st {Annual Conference} of the {Cognitive Science Society}},
	pages = {119--124},
	title = {The power of statistical learning: {{N}}o need for algebraic rules},
	year = {1999},
	location = {New York},
	publisher = {Psychology Press},
	doi = {10.4324/9781410603494}
}

@incollection{cho1990typologysk,
	author = {Cho, Young-mee Yu},
	booktitle = {The proceedings of the 9th {West Coast Conference on Formal Linguistics}},
	pages = {141--156},
	title = {A typology of voicing assimilation},
	year = {1990},
	editor = {Aaron L. Halpern},
	location = {Stanford, CA},
	publisher = {Center for the Study of Language and Information}
}

@incollection{cangemi2019modellingsk,
	author = {Cangemi, Francesco and Albert, Aviad and Grice, Martine},
	booktitle = {Proceedings of the {International Congress of Phonetic Sciences}, {Melbourne}, {{Australia}} ({{ICP}hS} 2019)},
	pages = {572--576},
	title = {Modelling intonation: {{B}}eyond segments and tonal targets},
	year = {2019},
}

@incollection{barnes2014segmentalsk,
	author = {Barnes, Jonathan and Brugos, Alejna and Veilleux, Nanette and Shattuck-Hufnagel, Stefanie},
	booktitle = {{{Proceedings of 7th Speech Prosody Conference}}},
	Editor = {Campbell, Nick and Gibbon, Dafydd and Hirst, Daniel},
	google_scholar_bibtex_export_key = {iBIM1BTybWMJ},
	pages = {1125--1129},
	tags = {Sonority;Pitch/ f0;NAP\_paper;Discrimination Tasks;Intonation},
	title = {Segmental Influences on the Perception of Pitch Accent Scaling in {{English}}},
	year = {2014},
}




@incollection{barnes2011voicelesssk,
	author = {Barnes, Jonathan and Brugos, Alejna and Veilleux, Nanette and Shattuck-Hufnagel, Stefanie},
	booktitle = {Proc. 17th {{ICP}hS, Hong {Kong}, {China}}},
	google_scholar_bibtex_export_key = {Hg5\_N1RtTccJ},
	pages = {108--111},
	tags = {Sonority;Pitch/ f0;Intonation;Discrimination Tasks},
	title = {Voiceless Intervals and Perceptual Completion in {F0} contours: {{{E}}}vidence from scaling perception in {{American} {E}nglish}},
	year = {2011},
}

@incollection{bao2010psychoacousticsk,
	author = {Bao, Hua and Panahi, Issa MS},
	booktitle = {{2010 Annual International Conference of the {{IEEE}} Engineering in Medicine and Biology}},
	organization = {IEEE},
	pages = {4323--4326},
	tags = {Loudness/ Intensity;NAP\_paper},
	title = {Psychoacoustic active noise control with {{ITU}-R} 468 noise weighting and its sound quality analysis},
	year = {2010},
}

@incollection{arvaniti2019crosslinguistic,
	address = {Canberra, Australia},
	author = {Arvaniti, Amalia},
	booktitle = {Proceedings of the 19th {ICP}hS},
	publisher = {Australasian Speech Science and Technology Association Inc.},
	title = {Crosslinguistic variation, phonetic variability, and the formation of categories in intonation},
	year = {2019},
}

@incollection{albert2022improved,
	author = {Albert, Aviad and Lialiou, Maria and Sbranna, Simona and Cangemi, Francesco},
	booktitle = {{The third {International Conference Prominence in Language ({ICPL}), Cologne, {Germany}} [poster presentation]}},
	title = {Improved acoustic characterization of prosodic prominence using periodic energy mass},
	year = {2022},
}

@incollection{albert2019cansk,
	author = {Albert, Aviad and Cangemi, Francesco and Grice, Martine},
	booktitle = {{The 2nd Prosody Visualisation Challenge, {ICP}hS. {{M}}elbourne, {Australia}} [poster presentation]},
	doi = {10.13140/RG.2.2.15700.14729},
	title = {Can you draw me a question?},
	year = {2019},
}

@incollection{albert2018usingsk,
	author = {Albert, Aviad and Cangemi, Francesco and Grice, Martine},
	booktitle = {{Proceedings of Speech Prosody 2018}},
	editor = {Katarzyna Klessa and Jolanta Bachan and Agnieszka Wagner and Maciej Karpiński and Daniel Śledziński},
	pages = {804--808},
	title = {Using periodic energy to enrich acoustic representations of pitch in speech: {{A}} demonstration},
	year = {2018},
	doi = {10.21437/SpeechProsody.2018-162}
}

@incollection{albert2018tonalsk,
	author = {Albert, Aviad},
	booktitle = {{The 2nd {International Conference ``Prominence in Language'' ({ICPL}). {{C}}ologne, {Germany}} [oral presentation]}},
	title = {A tonal conspiracy: {{A}} perceptually-motivated acoustic model of prosodic prominence},
	year = {2018},
}

@incollection{Pfitzinger1996syllablesk,
	author = {Pfitzinger, Hartmut R. and Burger, Susanne and Heid, Sebastian},
	booktitle = {{Proceedings of the {Fourth International Conference on Spoken Language ({ICSLP}) Philadephia}}},
	pages = {1261--1264},
	tags = {NAP\_paper},
	title = {Syllable Detection In Read And Spontaneous Speech},
	volume = {2},
	year = {1996},
}

@incollection{Lialiou2021periodicsk,
	author = {Lialiou, Maria and Albert, Aviad and Vella, Alexandra and Grice, Martine},
	booktitle = {{The 1st {International Conference on Tone and Intonation ({TAI}). {{S}}onderborg, {Denmark}} [poster presentation]}},
	title = {Periodic energy mass on head and edge tones in {Maltese} wh-constructions},
	year = {2021},
}

@incollection{knitr2014,
	address = {Boca Raton, FL},
	author = {Yihui Xie},
	booktitle = {Implementing Reproducible Computational Research},
	editor = {Victoria Stodden and Friedrich Leisch and Roger D. Peng},
	publisher = {Chapman and Hall/CRC},
	title = {{knitr}: {{A}} Comprehensive Tool for Reproducible Research in {R}},
	url = {http://www.crcpress.com/product/isbn/9781466561595},
	year = {2014},
}

@incollection{goedemans2013weight,
	address = {Leipzig},
	author = {Goedemans, Rob and van der Hulst, Harry},
	booktitle = {The World Atlas of Language Structures Online},
	editor = {Dryer, Matthew S. and Haspelmath, Martin},
	publisher = {Max Planck Institute for Evolutionary Anthropology},
	title = {Weight-Sensitive Stress},
	url = {https://wals.info/chapter/15},
	year = {2013},
}

@incollection{Jaynes1976,
	address = {Dordrecht},
	author = {Jaynes, E. T. and Kempthorne, Oscar},
	booktitle = {Foundations of Probability Theory, Statistical Inference, and Statistical Theories of Science},
	doi = {10.1007/978-94-010-1436-6_6},
	editor = {Harper, William Leonard and Hooker, Clifford Alan},
	pages = {175--257},
	publisher = {Springer Netherlands},
	series = {The {University} of {Western Ontario} Series in Philosophy of Science},
	title = {Confidence Intervals vs. {{Bayesian}} Intervals},
	volume = {6b},
	year = {1976},
}

@incollection{zwicky1972notesk,
	address = {Bloomington, IN},
	author = {Zwicky, Arnold},
	booktitle = {Linguistic Change and Generative Theory},
	editor = {Stockwell, Robert P. and Macaulay, Ronald K. S.},
	pages = {275--301},
	publisher = {Indiana University Press},
	tags = {Sonority;NAP\_paper},
	title = {Note on a phonological hierarchy in {{English}}},
	year = {1972},
}

@incollection{zec2003prosodic,
	author = {Zec, Draga},
	booktitle = {The Optimal Syllable},
	editor = {Féry, Caroline and van de Vijver, Ruben},
	google_scholar_bibtex_export_key = {dqlZ9lf2L7UJ},
	pages = {123--143},
	publisher = {Cambridge University Press},
	tags = {Sonority;NAP\_paper},
	title = {Prosodic weight},
	year = {2003},
}

@incollection{wright2004review,
    address = {Cambridge},
	author = {Wright, Richard},
	booktitle = {Phonetically based phonology},
	editor = {Hayes, Bruce and Kirchner, Robert and Steriade, Donca},
	endnote_reference_number = {2},
	google_scholar_bibtex_export_key = {VLyPMWRTu9oJ},
	pages = {34--57},
	publisher = {Cambridge University Press},
	tags = {Sonority;NAP\_paper;Perceptual Phon;Segmantal Phonology},
	title = {A review of perceptual cues and cue robustness},
	year = {2004},
}

@incollection{wiese2001phonology,
	address = {Berlin},
	author = {Wiese, Richard},
	booktitle = {Distinctive Feature Theory},
	editor = {Hall, T. Alan},
	google_scholar_bibtex_export_key = {\_oj0KHJ-\_1UJ},
	pages = {335--369},
	publisher = {Walter de Gruyter},
	tags = {Rhotics;Sonority;Underspecification;Phonotactics;Articulatory Phon;Prosody;Similarity},
	title = {The phonology of /r/},
	year = {2001},
}

@incollection{vaux2009append,
	address = {Cambridge, MA},
	author = {Vaux, Bert and Wolfe, Andrew},
	booktitle = {Contemporary Views on Architecture and Representations in Phonology},
	editor = {Raimy, Eric and Cairns, Charles E.},
	google_scholar_bibtex_export_key = {-6XYXuZbMKcJ},
	pages = {101--135},
	publisher = {The MIT Press},
	tags = {Sonority;s-clusters},
	title = {The Appendix},
	year = {2009},
}




@incollection{van2012sonority,
	address = {Berlin \& Boston},
    doi = {10.1515/9783110261523.195},
	author = {van de Vijver, Ruben and Baer-Henney, Dinah},
	booktitle = {The Sonority Controversy},
	editor = {Parker, Stephen G.},
	google_scholar_bibtex_export_key = {VuQ0Eiyqif0J},
	pages = {195--218},
	publisher = {De Gruyter Mouton},
	tags = {Phonotactics;Response Tasks;Sonority;NAP\_paper;Learnability},
	title = {Sonority intuitions are provided by the lexicon},
	year = {2012},
}

@incollection{ultan1978typological,
	address = {Stanford, CA},
	author = {Ultan, Russell},
	booktitle = {Universals of human language, volume 2: {{P}}honology},
	editor = {Greenberg, Joseph H. and Ferguson, Charles A. and Moravcsik, Edith A.},
	pages = {367--402},
	publisher = {Stanford University Press},
	tags = {NAP\_paper},
	title = {A typological view of metathesis},
	year = {1978},
}

@incollection{tupper2012sonoritysk,
	address = {Berlin \& Boston},
    doi = {10.1515/9783110261523.385},
	all_isbns = {9783110261516 3110261510},
	author = {Tupper, Paul K. and Fry, Michael},
	booktitle = {The Sonority Controversy},
	editor = {Parker, Stephen G.},
	oclcid = {879238759},
	pages = {385--409},
	publisher = {De Gruyter Mouton},
	ris_reference_number = {879238759},
	title = {Sonority and Syllabification in a Connectionist Network: {{A}}n Analysis of {{BrbrN}et}},
	year = {2012},
}

@incollection{tuller2004categorization,
	address = {Arlington, VA},
	author = {Tuller, Betty},
	booktitle = {Tutorials in Contemporary Nonlinear Methods for the Behavioral Sciences},
	editor = {Riley, Michael A. and van Orden, Guy C.},
	publisher = {National Science Foundation},
	title = {Categorization and learning in speech perception as dynamical processes},
	url = {www.nsf.gov/sbe/bcs/pac/nmbs/nmbs.jsp},
	year = {2004},
}

@incollection{shepard2001pitch,
	address = {Cambridge, MA},
	all_isbns = {0262531909 9780262531900},
	author = {Shepard, Roger},
	booktitle = {Music, cognition, and computerized sound: {{A}}n introduction to psychoacoustics},
	editor = {Cook, Perry R.},
	oclcid = {878638433},
	pages = {149--165},
	publisher = {MIT Press},
	ris_reference_number = {878638433},
	title = {Pitch Perception and Measurement},
	year = {2001},
}

@incollection{selkirk1984majorsk,
	address = {Cambridge, MA},
	author = {Selkirk, Elisabeth O.},
	booktitle = {Language sound and structure: {{S}}tudies in phonology presented to {{Morris} {Halle}} by his teacher and students},
	editor = {Aronoff, Mark and Oehrle, Richard T. and Halle, Moris},
	google_scholar_bibtex_export_key = {shI2mjESfXQJ},
	pages = {107--136},
	publisher = {The MIT Press},
	tags = {Sonority;NAP\_paper},
	title = {On the major class features and syllable theory},
	year = {1984},
}

@incollection{searle1990cognitive,
	address = {London},
	author = {Searle, John R.},
	booktitle = {Artificial Intelligence, Culture and Language: {{O}}n Education and Work},
	editor = {Gill, Karamjit S. and Göranzon, Bo and Florin, Magnus},
	pages = {23--34},
	publisher = {Springer},
	tags = {NAP\_paper;Cognition;Philosophy},
	title = {Cognitive science and the computer metaphor},
	year = {1990},
}

@incollection{schwarzwald2005modernsk,
	address = {Dordrecht; Boston; London},
	author = {Schwarzwald, Ora Rodrigue},
	booktitle = {Perspectives on Language and Language Development: {{{E}}}ssays in Honor of {Ruth A. {{B}}erman}},
	editor = {Ravid, Dorit Diskin and Shyldkrot, Hava Bat-Zeev},
	pages = {45--60},
	publisher = {Kluwer Academic Press},
	title = {{Modern {Hebrew}} consonant clusters},
	year = {2005},
}

@incollection{rialland1994phonologysk,
	address = {Cambridge},
	all_isbns = {0521452376 9780521452373},
	author = {Rialland, Annie},
	booktitle = {Phonological Structure and Phonetic Form},
	editor = {Keating, Patricia A.},
	oclcid = {473099395},
	pages = {136--159},
	publisher = {Cambridge University Press},
	ris_reference_number = {473099395},
	title = {The phonology and phonetics of extrasyllabicity in {{French}}},
	year = {1994},
}

@incollection{puppel1992sonority,
	address = {Amsterdam \& Philadelphia},
	author = {Puppel, Stanislaw},
	booktitle = {Phonological Investigations},
	editor = {Fisiak, Jacek and Puppel, Stanislaw},
	google_scholar_bibtex_export_key = {ziDUB5o8foYJ},
	pages = {467--483},
	publisher = {John Benjamins},
	tags = {Sonority;NAP\_paper},
	title = {The sonority hierarchy in a source-filter dependency framework},
	year = {1992},
}

@incollection{plack2005psychophysics,
	address = {New York},
	all_isbns = {9780387234724 0387234721},
	author = {Plack, Christopher J. and Oxenham, Andrew J.},
	booktitle = {Pitch: {{N}}eural Coding and Perception},
	editor = {Plack, Christopher J. and Oxenham, Andrew J. and Fay, Richard R. and Popper, Arthur N.},
	oclcid = {474591003},
	pages = {7--55},
	publisher = {Springer},
	ris_reference_number = {474591003},
	title = {The Psychophysics of Pitch},
	year = {2005},
}

@incollection{plack1995loudness,
	address = {San Diego},
	author = {Plack, Christopher J. and Carlyon, Robert P.},
	booktitle = {Hearing},
	edition = {2},
    doi = {10.1016/B978-012505626-7/50006-6},
	editor = {Moore, Brian C. J.},
	pages = {123--160},
	publisher = {Academic Press},
	series = {Handbook of Perception and Cognition},
	number = {6},
	title = {Loudness Perception and Intensity Coding},
	year = {1995},
}

@incollection{pattee1987instabilities,
	address = {New York; London},
	all_isbns = {0306421453 9780306421457},
	author = {Pattee, Howard H.},
	booktitle = {Self-Organizing Systems: {{T}}he Emergence of Order},
	editor = {Yates, F. Eugene},
	oclcid = {797278946},
	pages = {325--338},
	publisher = {Plenum Press},
	ris_reference_number = {797278946},
	title = {Instabilitites and Information in Biological Self-Organization},
	year = {1987},
}

@incollection{nathan1989preliminaries,
	address = {Amsterdam \& Philadelphia},
	author = {Nathan, Geoffrey S.},
	booktitle = {Linguistic Categorization},
	editor = {Corrigan, Roberta L. and Eckman, Fred R. and Noonan, Michael},
	google_scholar_bibtex_export_key = {WO3yZfY9MWMJ},
	pages = {55--67},
	publisher = {John Benjamins},
	tags = {Sonority;NAP\_paper},
	title = {Preliminaries to a theory of phonological substance: {{T}}he substance of sonority},
	year = {1989},
}

@incollection{morelli2003relative,
	address = {Cambridge},
	author = {Morelli, Frida},
	booktitle = {The syllable in optimality theory},
	editor = {Féry, Caroline and van de Vijver, Ruben},
	pages = {356--371},
	publisher = {Cambridge University Press},
	tags = {Sonority;s-clusters},
	title = {The Relative Harmony of /s+Stop/ Onsets: {{O}}bstruent Clusters and the Sonority Sequencing},
	year = {2003},
}

@incollection{miller2012sonority,
	address = {Berlin \& Boston},
	all_isbns = {9783110261516 3110261510},
	author = {Miller, Brett L. K.},
	booktitle = {The sonority controversy},
	editor = {Parker, Stephen G.},
	oclcid = {879238759},
	pages = {257--288},
	publisher = {De Gruyter Mouton},
    doi = {10.1515/9783110261523.257},
	ris_reference_number = {879238759},
	tags = {NAP\_paper},
	title = {Sonority and the larynx},
	year = {2012},
}

@incollection{lindblom1983production,
	address = {New York; Heidelberg},
	all_isbns = {0387907351 9780387907352 3540907351 9783540907350},
	author = {Lindblom, Björn},
	booktitle = {The production of speech},
	editor = {Macneilage, Peter F.},
	oclcid = {715554565},
	pages = {217--245},
	publisher = {Springer-Verlag},
	ris_reference_number = {715554565},
	title = {Economy of Speech Gestures},
	year = {1983},
}

@incollection{lindau1980storysk,
	address = {Orlando},
	author = {Lindau, Mona},
	booktitle = {Phonetic Linguistics: {{{E}}}ssays in honor of {Peter Ladefoged}},
	editor = {Fromkin, Victoria},
	google_scholar_bibtex_export_key = {ySaZjfY\_MrkJ},
	number = {S1},
	pages = {157--168},
	publisher = {Academic Press},
	tags = {Rhotics;Similarity},
	title = {The story of /r/},
	year = {1985},
}

@incollection{laufer1991phonemesk,
	address = {Jerusalem},
	author = {Laufer, Asher},
	booktitle = {{Shai} le-{Hayim Rabin}: {{A}}supat mehkere lashon li-khevodo bi-melot lo shiv`im ve-hamesh},
	editor = {Goshen-Gottstein, Moshe and Morag, Shelomo and Kogut, Simha},
	pages = {179--193},
	publisher = {Akademon},
	title = {Phoneme combinations: {Phonotactics}},
	year = {1991},
}

@incollection{ladefoged1997linguistic,
	address = {Oxford; Cambridge, MA},
	author = {Ladefoged, Peter},
	booktitle = {The handbook of phonetic sciences},
	editor = {Hardcastle, William J. and Laver, John},
	google_scholar_bibtex_export_key = {b-lyM8Rnr-4J},
	pages = {589--618},
	publisher = {Blackwell},
	tags = {Sonority;Articulatory Phon;NAP\_paper;Typology;Perceptual Phon;Segmantal Phonology},
	title = {Linguistic phonetic descriptions},
	year = {1997},
}

@incollection{ladefoged1996rhotics,
	address = {Oxford},
	all_isbns = {0631198148 9780631198147},
	author = {Ladefoged, Peter and Maddieson, Ian},
	booktitle = {The sounds of the world's languages},
	oclcid = {473224787},
	publisher = {Blackwell},
	ris_reference_number = {473224787},
	tags = {Rhotics;Similarity},
	title = {Rhotics},
	year = {1996},
}

@incollection{ladd2011phonetics,
	address = {Malden, MA},
	author = {Ladd, D. Robert},
	booktitle = {The Handbook of Phonological Theory},
	edition = {2},
	editor = {Goldsmith, John A. and Riggle, Jason and Yu, Alan C. L.},
	google_scholar_bibtex_export_key = {XxxSdzsANsAJ},
	pages = {348--373},
	publisher = {Wiley-Blackwell},
	title = {Phonetics in Phonology},
	year = {2011},
}

@incollection{kawasaki1997alternativessk,
	address = {Berlin; New York},
	author = {Ohala, John J. and Kawasaki-Fukumori, Haruko},
	booktitle = {Language and Its Ecology: {E}ssays in Memory of {Einar Haugen}},
	editor = {Eliasson, Stig and H{\aa}kon Jahr, Ernst},
	pages = {343--365},
	publisher = {Walter de Gruyter},
	title = {Alternatives to the sonority hierarchy for explaining segmental sequential constraints},
	year = {1997},
}

@incollection{houtsma1995pitch,
	address = {San Diego},
	all_isbns = {0125056265 9780125056267},
	author = {Houtsma, Adrianus J. M.},
	booktitle = {Hearing},
	edition = {2},
	editor = {Moore, Brian C. J.},
	oclcid = {260170377},
	pages = {267--295},
	publisher = {Academic Press},
	ris_reference_number = {260170377},
	series = {Handbook of Perception and Cognition},
	number = {6},
	title = {Pitch Perception},
	year = {1995},
}

@incollection{henke2012isthessp,
	address = {Berlin \& Boston},
	all_isbns = {9783110261516 3110261510},
	author = {Henke, Eric K. and Kaisse, Ellen M. and Wright, Richard},
	booktitle = {The sonority controversy},
	editor = {Parker, Stephen G.},
	oclcid = {879238759},
	pages = {65--100},
	publisher = {De Gruyter Mouton},
	ris_reference_number = {879238759},
	tags = {Sonority;NAP\_paper},
	title = {Is the Sonority Sequencing Principle an epiphenomenon?},
	year = {2012},
}

@incollection{harris2007representation,
	address = {Cambridge},
	author = {Harris, John},
	booktitle = {The {Cambridge} handbook of phonology},
	editor = {de Lacy, Paul},
	pages = {119--137},
	publisher = {Cambridge University Press},
	title = {Representation},
	year = {2007},
}

@incollection{hankamer1974sonority,
	address = {Chicago},
	author = {Hankamer, Jorge and Aissen, Judith},
	booktitle = {Papers from the parasession on Natural Phonology},
	editor = {Bruck, Anthony and Fox, Robert A. and La Galy, Michael W. L.},
	pages = {131--145},
	publisher = {Chicago Linguistic Society},
	tags = {Sonority;NAP\_paper},
	title = {The sonority hierarchy},
	year = {1974},
}

@incollection{hampton2011concepts,
	address = {Cambridge, MA},
	author = {Hampton, James A.},
	booktitle = {Concepts and Fuzzy Logic},
	editor = {Belohlávek, Radim and Klir, George J.},
	google_scholar_bibtex_export_key = {y0jlbtKsYb4J},
	pages = {233--258},
	publisher = {MIT Press},
	title = {Concepts and Natural Language},
	year = {2011},
}

@incollection{hammond1997underlying,
	author = {Hammond, Michael},
	booktitle = {Derivations and Constraints in Phonology},
	editor = {Roca, Iggy},
	google_scholar_bibtex_export_key = {r3lkxSM6tq8J},
	pages = {349--365},
	publisher = {London: Clarendon},
	tags = {Optimality Theory;Morphology},
	title = {Underlying Representations in Optimality Theory},
	year = {1997},
}

@incollection{haken1990synergeticssk,
	address = {Berlin, Heidelberg},
	author = {Haken, Hermann},
	booktitle = {Synergetics of Cognition: {{P}}roceedings of the {International Symposium at Schlo{\ss} Elmau, {Bavaria}, June} 4–8, 1989},
	editor = {Haken, Hermann and Stadler, Michael},
	publisher = {Springer},
	title = {Synergetics as a tool for the conceptualization and mathematization of cognition and behaviour:  {How} far can we go?},
	year = {1990},
}

@incollection{greenberg1978some,
	address = {Stanford, CA},
	author = {Greenberg, Joseph H.},
	booktitle = {Universals of Human Language},
	editor = {Greenberg, Joseph H. and Ferguson, Charles A. and Moravcsik, Edith A.},
	google_scholar_bibtex_export_key = {XglsaTN0ETAJ},
	pages = {243--279},
	publisher = {Stanford University Press},
	tags = {Phonotactics;NAP\_paper;Typology},
	title = {Some generalizations concerning initial and final consonant sequences},
	volume = {2: Phonology},
	year = {1978},
}

@incollection{gordon2012sonority,
	address = {Berlin \& Boston},
	author = {Gordon, Matthew and Ghushchyan, Edita and McDonnell, Bradley and Rosenblum, Daisy and Shaw, Patricia A.},
	booktitle = {The Sonority Controversy},
	editor = {Parker, Stephen G.},
    doi = {10.1515/9783110261523.219},
 	pages = {219--254},
	publisher = {De Gruyter Mouton},
	tags = {Vowels;Sonority;Auditory;NAP\_paper;Acoustic Phonetics;Elicitation Tasks},
	title = {Sonority and central vowels: {{A}} cross-linguistic phonetic study},
	year = {2012},
}

@incollection{goldsmith1992local,
	address = {Oxford; New York},
	author = {Goldsmith, John A.},
	booktitle = {Connectionism: {{T}}heory and Practice},
	editor = {Davis, Steven},
	oclcid = {868601350},
	pages = {229--246},
	publisher = {Oxford University Press},
	ris_reference_number = {868601350},
	title = {Local Modeling in Phonology},
	year = {1992},
}

@incollection{goad2016sonority,
	address = {Sheffield; Bristol},
	author = {Goad, Heather},
	booktitle = {Challenging Sonority: {{C}}ross-Linguistic Evidence},
	editor = {Ball, Martin J. and Müller, Nicole},
	pages = {21--44},
	publisher = {Equinox Publishing Ltd},
	tags = {Sonority;s-clusters},
	title = {Sonority and the unusual behaviour of /s/},
	year = {2016},
}

@incollection{goad2011representation,
	author = {Goad, Heather},
	booktitle = {The {Blackwell} companion to phonology},
	editor = {van Oostendorp, Marc and Ewen, Colin J and Hume, Elizabeth and Rice, Keren},
	google_scholar_bibtex_export_key = {mbcaZn8YoLAJ},
	pages = {898--923},
	publisher = {Oxford: Wiley-Blackwell},
	tags = {S Clusters;Sonority;s-clusters;Extra-Prosodicity},
	title = {The representation of {sC} clusters},
	volume = {2},
	year = {2011},
}

@incollection{fujimura1997acoustic,
	address = {Oxford, UK; Malden, MA},
	author = {Fujimura, Osamu and Erickson, Donna},
	booktitle = {The handbook of phonetic sciences},
	editor = {Hardcastle, William J. and Laver, John},
	google_scholar_bibtex_export_key = {g0AE-1971ioJ},
	pages = {65--115},
	publisher = {Blackwell Publishers},
	tags = {Phonotactics;Acoustic Phonetics;Segmantal Phonology},
	title = {Acoustic phonetics},
	year = {1999},
}

@incollection{foley1972rule,
	address = {Bloomington},
	author = {Foley, James},
	booktitle = {Linguistic change and generative theory},
	editor = {Stockwell, Robert P. and Macaulay, Ronald K. S.},
	pages = {96--100},
	publisher = {Indiana University Press},
	tags = {NAP\_paper},
	title = {Rule precursors and phonological change by meta-rule},
	year = {1972},
}

@incollection{demuth1996prosodic,
	address = {Mahwah, N.J.},
	author = {Demuth, Katherine},
	booktitle = {Signal to syntax: {{B}}ootstrapping from speech to grammar in early acquisition},
	editor = {Demuth, Katherine and Morgan, James L.},
	google_scholar_bibtex_export_key = {ASPRT4RZGKoJ},
	pages = {171--184},
	publisher = {Lawrence Erlbaum Associates},
	tags = {Morphology;Articulatory Phon;Prosody;Perceptual Phon;Acquisition / L2 learning},
	title = {The prosodic structure of early words},
	year = {1996},
}

@incollection{de2005pitch,
	address = {New York},
	author = {De Cheveigné, Alain},
	booktitle = {Pitch: {{N}}eural coding and perception},
	editor = {Plack, Christopher J. and Oxenham, Andrew J. and Fay, Richard R.},
	google_scholar_bibtex_export_key = {XQEU6P-TOQ0J},
	pages = {169--233},
	publisher = {Springer},
	tags = {Pitch/ f0;NAP\_paper},
	title = {Pitch perception models},
	year = {2005},
}

@incollection{cummins2015rhythm,
	address = {Malden, MA},
	all_isbns = {9780470659939 0470659939},
	author = {Cummins, Fred},
	booktitle = {The Handbook of Speech Production},
	editor = {Redford, Melissa A.},
	oclcid = {1088173973},
	publisher = {Wiley Blackwell},
	ris_reference_number = {1088173973},
	tags = {Rhythm},
	title = {Rhythm and Speech},
	year = {2015},
}

@incollection{clements2009does,
	address = {Cambridge, MA},
	author = {Clements, George N.},
	booktitle = {Contemporary Views on Architecture and Representations in Phonology},
	editor = {Raimy, Eric and Cairns, Charles E.},
	google_scholar_bibtex_export_key = {qYoBJk7foV4J},
	pages = {165--175},
	publisher = {The MIT Press},
	tags = {Pitch/ f0;Sonority;NAP\_paper;Segmantal Phonology;Acoustic Phonetics;Perceptual Phon},
	title = {Does sonority have a phonetic basis?},
	year = {2009},
}

@incollection{chowning2001perceptual,
	address = {Cambridge, MA},
	all_isbns = {0262531909 9780262531900},
	author = {Chowning, John M.},
	booktitle = {Music, cognition, and computerized sound: {{A}}n introduction to psychoacoustics},
	editor = {Cook, Perry R.},
	oclcid = {878638433},
	pages = {261--275},
	publisher = {MIT Press},
	ris_reference_number = {878638433},
	tags = {newly added},
	title = {Perceptual Fusion and Auditory Perspective},
	year = {2001},
}

@incollection{bolozky2013bgdkptsk,
	address = {Leiden},
	author = {Bolozky, Shmuel},
	booktitle = {Encyclopedia of {{Hebrew}} Language and Linguistics},
	doi = {10.1163/2212-4241_ehll_EHLL_COM_00000763},
	editor = {Khan, Geoffrey},
	pages = {262--268},
	publisher = {Brill},
	retrieval_day = {19},
	retrieval_month = {7},
	retrieval_year = {2017},
	tags = {Obstruents;Modern Heb},
	title = {\textit{{bgdkpt}} Consonants: {Modern {Hebrew}}},
	year = {2013},
}

@incollection{bolozky1978somesk,
    address = {Tel Aviv},
	author = {Bolozky, Shmuel},
	booktitle = {{Modern {Hebrew}} structure},
	editor = {Berman, Ruth Aronson},
	google_scholar_bibtex_export_key = {gu6SVYFvqBcJ},
	pages = {11--67},
	publisher = {University Publishing Projects},
	tags = {Biblical Heb;Prosody;Modern Heb;Phonetics;Segmantal Phonology},
	title = {Some aspects of {Modern {Hebrew}} phonology},
	year = {1978},
}

@incollection{bolinger1978intonation,
	address = {Stanford, CA},
	author = {Bolinger, Dwight L. J. H.},
	booktitle = {Universals of Human Language},
	editor = {Greenberg, Joseph H. and Ferguson, Charles A. and Moravcsik, Edith A.},
	google_scholar_bibtex_export_key = {XglsaTN0ETAJ},
	pages = {471--524},
	publisher = {Stanford University Press},
	tags = {Phonotactics;NAP\_paper;Typology},
	title = {Intonation across languages},
	volume = {2: Phonology},
	year = {1978},
}

@incollection{blevins1995syllable,
	address = {Cambridge, MA \& Oxford},
	author = {Blevins, Juliette},
	booktitle = {The Handbook of Phonological Theory},
	editor = {Goldsmith, John A.},
	google_scholar_bibtex_export_key = {yFlwMrNvn-sJ},
	pages = {206--244},
	publisher = {Blackwell},
	tags = {Sonority;NAP\_paper},
	title = {The syllable in phonological theory},
	year = {1995},
}

@incollection{berent2011syllable,
	address = {Leiden; Boston},
	all_isbns = {9789004190085 9004190082},
	author = {Berent, Iris and Lennertz, Tracy and Smolensky, Paul},
	booktitle = {Handbook of the Syllable},
	editor = {Raimy, Eric and Cairns, Charles E.},
	oclcid = {916508107},
	publisher = {Brill},
	ris_reference_number = {916508107},
	tags = {Phonotactics;Sonority;Sonority violations;Prosody;NAP\_Berent;Discrimination Tasks},
	title = {Syllable Markedness and Misperception: {{I}}t's a Two-Way Street},
	year = {2011},
}

@incollection{bates1993counectionism,
	address = {Oxford},
	all_isbns = {0631217363 9780631217367 0631217371 9780631217374},
	author = {Bates, Elizabeth A. and Elman, Jeffrey L.},
	booktitle = {Brain Development and Cognition: {{A}} Reader},
	edition = {2nd edn},
	editor = {Johnson, Mark H. and Munakata, Yuko and Gilmore, Rick O.},
	oclcid = {925694086},
	original_publication_year = {1993},
	publisher = {Blackwell},
	ris_reference_number = {925694086},
	title = {Connectionism and the Study of Change},
	year = {2002},
}

@incollection{batel2012sonoritysk,
	address = {Berlin \& Boston},
	all_isbns = {9783110261516 3110261510},
	author = {Bat-El, Outi},
    doi = {10.1515/9783110261523.319},
	booktitle = {The sonority controversy},
	editor = {Parker, Stephen G.},
	oclcid = {879238759},
	pages = {319--344},
	publisher = {De Gruyter Mouton},
	ris_reference_number = {879238759},
	tags = {Sonority},
	title = {The {Sonority Dispersion Principle} in the acquisition of {{Hebrew}} word final codas},
	year = {2012},
}

@incollection{bat2012prosodicsk,
	address = {Jerusalem},
	author = {Bat-El, Outi},
	booktitle = {{Studies in {Modern Hebrew} and {Jewish} languages presented to {Ora} (Rodrigue) Schwarzwald}},
	editor = {Muchnik, Malka and Sadan, Tsvi},
	pages = {116--129},
	publisher = {Carmel},
	title = {Prosodic alternations in {Modern Hebrew} segolates},
	year = {2012},
}

@incollection{anderson1986suprasegmental,
	address = {London},
	author = {Anderson, John},
	booktitle = {Dependency and non-linear phonology},
	editor = {Durand, Jacques},
	pages = {55--133},
	publisher = {Croom Helm},
	tags = {NAP\_paper},
	title = {Suprasegmental dependencies},
	year = {1986},
}

@book{weijer1996segmental,
	address = {Tübingen},
	author = {van de Weijer, Jeroen},
	publisher = {Niemeyer},
	title = {Segmental structure and complex segments},
	year = {1996},
}

@book{warren1982auditory,
	address = {New York},
	all_isbns = {008025957X 9780080259574},
	author = {Warren, Richard M.},
	oclcid = {469711633},
	publisher = {Pergamon Press},
	ris_reference_number = {469711633},
	title = {Auditory Perception: {{A}} New Synthesis},
	year = {1982},
}

@book{vennemann1988preferencesk,
	address = {Berlin, New York \& Amsterdam},
	all_isbns = {3110113759 9783110113754 089925411X 9780899254111},
	author = {Vennemann, Theo},
	oclcid = {468385464},
	publisher = {Mouton de Gruyter},
	ris_reference_number = {468385464},
	title = {Preference laws for syllable structure and the explanation of sound change: {{W}}ith special reference to {{German}, {German}ic, {Italian} and {Latin}}},
	year = {1988},
}

@book{stemberger1997handbook,
	address = {New York},
	author = {Bernhardt, Barbara Handford and Stemberger, Joseph P.},
	publisher = {Academic Press},
	tags = {NAP\_paper},
	title = {Handbook of phonological development: {{F}}rom the perspective of constraint-based nonlinear phonology},
	year = {1997},
}

@book{spivey2007continuity,
	address = {New York},
	all_isbns = {9780195370782 0195370783},
	author = {Spivey, Michael},
	oclcid = {436978016},
	publisher = {Oxford University Press},
	ris_reference_number = {436978016},
	tags = {Neuro;Continuity/Discreteness;Categorization;NAP\_paper;Simulations;Cognition;Dynamical Systems},
	title = {The Continuity of Mind},
	year = {2007},
}

@book{smolensky2006harmonic,
	address = {Cambridge, MA},
	all_isbns = {0262195275 9780262195270 0262195283 9780262195287},
	author = {Smolensky, Paul and Legendre, Géraldine},
	oclcid = {913062334},
	publisher = {MIT Press},
	ris_reference_number = {913062334},
	sortname = {Smolensky, Paul and Legendre, G{e}raldine},
	title = {The Harmonic Mind: {{F}}rom Neural Computation to Optimality-Theoretic Grammar},
	year = {2006},
}

@book{sievers1893grundzugesk,
	address = {Leipzig},
	author = {Sievers, Eduard},
	edition = {4th edn},
	endnote_reference_number = {17},
	oclcid = {876505995},
	original_publication_year = {1876},
	publisher = {Breitkopf \& Härtel},
	ris_reference_number = {876505995},
	tags = {Sonority;NAP\_paper},
	title = {{{Grundzüge} der {Phonetik} zur {Einführung} in das Studium der Lautlehere der indogermanischen {Sprachen}}},
	year = {1893},
}

@book{rumelhart1986parallel2,
	address = {Cambridge, MA},
	author = {Rumelhart, David E. and McClelland, James L. and The PDP Research Group},
	oclcid = {488797130},
	publisher = {The MIT Press},
	ris_reference_number = {488797130},
	title = {Parallel Distributed Processing: {{{E}}}xplorations in the Microstructure of Cognition. {{V}}ol. 2: {{P}}sychological and Biological Models},
	year = {1986},
}

@book{rumelhart1986parallel1,
	address = {Cambridge, MA},
	author = {Rumelhart, David E. and McClelland, James L. and The PDP Research Group},
	oclcid = {488797130},
	publisher = {The MIT Press},
	ris_reference_number = {488797130},
	title = {Parallel Distributed Processing: {{{E}}}xplorations in the Microstructure of Cognition. {{V}}ol. 1: {{F}}oundations},
	year = {1986},
}

@book{rosen1956haivritsk,
	address = {Tel-Aviv},
	author = {Rosén, Haim B.},
	publisher = {Am Oved [in Hebrew]},
	sortname = {Ros{e}n, Haim B.},
	title = {ha-ʻIvrit shelanu: {{D}}emutah be-or shi{\d t}ot ha-balshanut},
	year = {1956},
}

@book{rmarkdown2018,
	address = {Boca Raton, FL},
	author = {Yihui Xie and J. J. Allaire and Garrett Grolemund},
	note = {ISBN 59338},
	publisher = {Chapman and Hall/CRC},
	title = {{R Markdown}: {{T}}he Definitive Guide},
	url = {https://bookdown.org/yihui/rmarkdown},
	urldate = 97811383,
	year = {2018},
}

@book{pylyshyn1985computation,
	address = {Cambridge, MA},
	all_isbns = {0262160986 9780262160988},
	author = {Pylyshyn, Zenon W.},
	edition = {2nd edn},
	oclcid = {644558056},
	original_publication_year = {1984},
	publisher = {MIT Press},
	ris_reference_number = {644558056},
	title = {Computation and cognition: {{T}}oward a foundation for cognitive science},
	year = {1985},
}

@book{prince1993optimality,
	address = {Oxford},
	all_isbns = {1405119330 9781405119337 1405119322 9781405119320},
	author = {Prince, Alan S. and Smolensky, Paul},
	oclcid = {717449703},
	original_publication_year = {1993},
	publisher = {Blackwell Publishing},
	ris_reference_number = {717449703},
	title = {Optimality theory: {{C}}onstraint interaction in generative grammar},
	year = {2004},
}

@book{port1995mind,
	address = {Cambridge, MA},
	author = {Port, Robert F. and Van Gelder, Timothy},
	publisher = {MIT Press},
	tags = {Continuity/Discreteness;NAP\_paper},
	title = {Mind as motion: {E}xplorations in the dynamics of cognition},
	year = {1995},
}

@book{plomp1976aspects,
	address = {London; New York},
	all_isbns = {0125583508 9780125583503},
	author = {Plomp, Reinier},
	oclcid = {610792389},
	publisher = {Academic Press},
	ris_reference_number = {610792389},
	title = {Aspects of Tone Sensation: {{A}} Psychophysical Study},
	year = {1976},
}

@book{pike1945intonationsk,
	address = {Ann Arbor, MI},
	author = {Pike, Kenneth L.},
	oclcid = {859897168},
	publisher = {University of Michigan Press},
	ris_reference_number = {859897168},
	title = {The intonation of {{American} {English}}},
	year = {1945},
}

@book{pike1943phonetics,
	address = {Ann Arbor},
	author = {Pike, Kenneth L.},
	oclcid = {502489248},
	publisher = {University of Michigan Press},
	ris_reference_number = {502489248},
	title = {Phonetics: {{A}} critical analysis of phonetic theory and a technic for practical description of sounds},
	year = {1943},
}

@book{pattee2012lawssk,
	address = {Dordrecht},
	all_isbns = {9789400751606 9400751605 9789400751613 9400751613},
	author = {Pattee, Howard H. and Rą\-cza\-szek-Le\-o\-nar\-di, Joanna},
	oclcid = {827269584},
	publisher = {Springer},
	ris_reference_number = {827269584},
	series = {Biosemiotics},
	series_volume = {7},
	tags = {Evolution;Continuity/Discreteness;NAP\_paper;Cognition;Linguistics},
	title = {Laws, language and life: {{H}}oward {Pattee's} classic papers on the physics of symbols with contemporary commentary},
	year = {2012},
}

@book{morgan1996signal,
	address = {Mahwah, NJ},
	all_isbns = {0805812660 9780805812664 0805812652 9780805812657},
	booktitle = {Signal to syntax: {{B}}ootstrapping from speech to grammar in early acquisition},
	editor = {Morgan, James L. and Demuth, Katherine},
	oclcid = {749127729},
	publisher = {Lawrence Erlbaum},
	ris_reference_number = {749127729},
	title = {Signal to syntax: {{B}}ootstrapping from speech to grammar in early acquisition},
	year = {1996},
}

@book{moore2013anintro,
	address = {Leiden, Boston},
	all_isbns = {9789004252424 9004252428},
	author = {Moore, Brian C. J.},
	oclcid = {861783444},
	publisher = {Brill},
	ris_reference_number = {861783444},
	tags = {Neuro;Auditory;Loudness/ Intensity;Pitch/ f0;Timbre;Textbook},
	title = {An introduction to the psychology of hearing},
	year = {2013},
}

@book{mohanan1986theory,
	address = {Dordrecht},
	all_isbns = {9027722269 9789027722263},
	author = {Mohanan, Karuvannur P.},
	oclcid = {230832001},
	publisher = {Reidel},
	ris_reference_number = {230832001},
	tags = {Sonority;NAP\_paper},
	title = {The theory of lexical phonology},
	year = {1986},
}

@book{menzerath1933koartikulationsk,
	address = {Berlin; Bonn},
	author = {Menzerath, Paul and Lacerda, Armando de},
	oclcid = {490044092},
	publisher = {F. Dümmlers},
	ris_reference_number = {490044092},
	title = {{Koartikulation, Steuerung und Lautabgrenzung eine experimentelle {Untersuchung}}},
	year = {1933},
}

@book{lass1988phonology,
	address = {Cambridge},
	all_isbns = {0521237289 9780521237284 0521281830 9780521281836},
	author = {Lass, Roger},
	oclcid = {890324731},
	original_publication_year = {1984},
	publisher = {Cambridge University Press},
	ris_reference_number = {890324731},
	series = {Cambridge Textbooks in Linguistics},
	tags = {Syllabification;Phonotactics;Sonority;NAP\_paper},
	title = {Phonology: {{A}}n introduction to basic concepts},
	year = {1988},
}

@book{ladefoged1975acourse,
	address = {New York},
	all_isbns = {0155151789 9780155151789},
	author = {Ladefoged, Peter},
	oclcid = {802031360},
	publisher = {Harcourt Brace Jovanovich},
	ris_reference_number = {802031360},
	tags = {Sonority;NAP\_paper},
	title = {A course in phonetics},
	year = {1975},
}

@book{ladefoged1971preliminaries,
	address = {Chicago; London},
	all_isbns = {0226467864 9780226467863},
	author = {Ladefoged, Peter},
	oclcid = {780471512},
	publisher = {University of Chicago Press},
	ris_reference_number = {780471512},
	tags = {NAP\_paper},
	title = {Preliminaries to linguistic phonetics},
	year = {1971},
}

@book{ladd2008intonational,
	address = {Cambridge},
	all_isbns = {9780521678360 0521678366},
	author = {Ladd, D. Robert},
	oclcid = {804291224},
	publisher = {Cambridge University Press},
	ris_reference_number = {804291224},
	tags = {NAP\_paper},
	title = {Intonational phonology},
	year = {2008},
}

@book{kenstowicz1994phonology,
	address = {Cambridge, MA},
	all_isbns = {155786425X 9781557864253 1557864268 9781557864260},
	author = {Kenstowicz, Michael J.},
	oclcid = {27034691},
	publisher = {Blackwell},
	ris_reference_number = {27034691},
	title = {Phonology in generative grammar},
	year = {1994},
}

@book{kelso1997dynamic,
	address = {Cambridge, MA},
	author = {Kelso, J. A. Scott},
	publisher = {MIT Press},
	title = {Dynamic patterns: {{T}}he self-organization of brain and behavior},
	year = {1997},
}

@book{jurafsky2009speech,
	address = {Upper Saddle River, NJ; London},
	all_isbns = {9780135041963 0135041961 9780131873216 0131873210},
	author = {Jurafsky, Daniel S. and Martin, James H.},
	edition = {2nd edn},
	oclcid = {1110767861},
	publisher = {Pearson Education, Inc},
	ris_reference_number = {1110767861},
	title = {Speech and language processing: {{A}}n introduction to natural language processing, computational linguistics, and speech recognition},
	year = {2009},
}

@book{jun2015prosodicsk,
	address = {Oxford},
	all_isbns = {9780198745402 0198745400},
	booktitle = {Prosodic typology {{II}}: {{T}}he phonology of intonation and phrasing},
	editor = {Jun, Sun-Ah},
	oclcid = {926096339},
	publisher = {Oxford University Press},
	ris_reference_number = {926096339},
	title = {Prosodic typology {{II}}: {{T}}he phonology of intonation and phrasing},
	year = {2015},
}

@book{jun2005prosodicsk,
	address = {Oxford},
	all_isbns = {0199249636 9780199249633},
	booktitle = {Prosodic Typology: {{T}}he Phonology of Intonation and Phrasing},
	editor = {Jun, Sun-Ah},
	oclcid = {469322619},
	publisher = {Oxford University Press},
	ris_reference_number = {469322619},
	title = {Prosodic Typology: {{T}}he Phonology of Intonation and Phrasing},
	year = {2005},
}

@book{josephs1967thephysics,
	address = {Princeton, NJ},
	author = {Josephs, Jesse J.},
	oclcid = {83790983},
	publisher = {D. Van Nostrand Co.},
	ris_reference_number = {83790983},
	title = {The physics of musical sound},
	year = {1967},
}

@book{jespersen1899fonetiksk,
	address = {K{\o}benhavn},
	author = {Jespersen, Otto},
	oclcid = {729106205},
	publisher = {Det Sch{\o}bergse Forlag},
	ris_reference_number = {729106205},
	tags = {Sonority;NAP\_paper},
	title = {Fonetik: {{{E}}}n systematisk {Fremstilling} af {L{\ae}ren} om {Sproglyd}},
	year = {1899},
}

@book{jakobson1956fundamentals,
	address = {The Hague},
	author = {Jakobson, Roman and Halle, Morris},
	oclcid = {504621756},
	publisher = {Mouton},
	ris_reference_number = {504621756},
	tags = {NAP\_paper},
	title = {Fundamentals of language},
	year = {1956},
}

@book{hyman1984atheory,
	address = {Dordrecht},
	author = {Hyman, Larry M.},
	oclcid = {638581879},
	publisher = {Foris Publications},
	ris_reference_number = {638581879},
	tags = {NAP\_paper},
	title = {A theory of phonological weight},
	year = {1984},
}

@book{house1990tonal,
	address = {Lund},
	all_isbns = {9179661432 9789179661434},
	author = {House, David},
	oclcid = {879105901},
	publisher = {Lund University Press},
	ris_reference_number = {879105901},
	tags = {Pitch/ f0;NAP\_paper;Acoustic Phonetics;Intonation;Lexical Tone/ Pitch Accent;Discrimination Tasks},
	title = {Tonal perception in speech},
	year = {1990},
}

@book{hooper1976introduction,
	address = {New York},
	all_isbns = {0123547504 9780123547507},
	author = {Hooper, Joan B.},
	oclcid = {431959399},
	publisher = {Academic Press},
	ris_reference_number = {431959399},
	tags = {Sonority;NAP\_paper},
	title = {An introduction to natural generative phonology},
	year = {1976},
}

@book{helmholtz1863lehresk,
	address = {Braunschweig},
	author = {von Helmholtz, Hermann},
	oclcid = {873175257},
	publisher = {F. Vieweg und Sohn},
	ris_reference_number = {873175257},
	title = {Die {Lehre} von den {Tonempfindungen} als physiologische {{Grundlage}} fur die {Theorie} der {Musik}},
	year = {1863},
}

@book{heffner1969generalsk,
	address = {Madison, WI},
	author = {Heffner, Roe-Merrill},
	oclcid = {299966729},
	publisher = {University of Wisconsin Press},
	ris_reference_number = {299966729},
	tags = {NAP\_paper},
	title = {General phonetics},
	year = {1969},
}

@book{harris1983syllablesk,
	address = {Cambridge, MA},
	all_isbns = {0262081245 9780262081245 0262580608 9780262580601},
	author = {Harris, James W.},
	oclcid = {466292024},
	publisher = {MIT Press},
	ris_reference_number = {466292024},
	tags = {Sonority;NAP\_paper},
	title = {Syllable structure and stress in {{Spanish}}: {{A}} nonlinear analysis},
	year = {1983},
}

@book{gordon2006syllableweight,
	address = {New York},
	all_isbns = {9780415976091 041597609X},
	author = {Gordon, Matthew},
	oclcid = {954122203},
	publisher = {Routledge},
	ris_reference_number = {954122203},
	series = {Studies in Linguistics},
	tags = {NAP\_paper},
	title = {Syllable Weight: {{P}}honetics, Phonology, Typology},
	year = {2006},
}

@book{ggplot22016,
	address = {New York},
	author = {Hadley Wickham},
	publisher = {Springer},
	title = {{ggplot2}: {{{E}}}legant Graphics for Data Analysis},
	url = {https://ggplot2.tidyverse.org},
	year = {2016},
}

@book{gelmanBayesianDataAnalysis2013,
	address = {Boca Raton, FL},
	author = {Gelman, Andrew and Carlin, John B. and Stern, Hal S. and Dunson, David B. and Vehtari, Aki and Rubin, Donald B.},
	doi = {10.1201/b16018},
	langid = {english},
	publisher = {{Chapman and Hall/CRC}},
	title = {Bayesian Data Analysis},
	year = {2013},
}

@book{fourier1822theoriesk,
	address = {Paris},
	author = {Fourier, Jean-Baptiste Joseph},
	oclcid = {2688081},
	publisher = {F. Didot},
	ris_reference_number = {2688081},
	title = {Théorie analytique de la chaleur},
	year = {1822},
}

@book{fodor1983modularity,
	address = {Cambridge, Massachusetts},
	author = {Fodor, Jerry A.},
	oclcid = {909407275},
	publisher = {The MIT Press},
	ris_reference_number = {909407275},
	title = {The Modularity of Mind},
	year = {1983},
}

@book{fant1960acousticsk,
	address = {The Hague},
	author = {Fant, Gunnar},
	oclcid = {186428642},
	original_publication_year = {1960},
	publisher = {Mouton},
	ris_reference_number = {186428642},
	title = {Acoustic Theory of Speech Production: {{W}}ith Calculations Based on {X-ray} Studies of {{Russian}} Articulations},
	year = {1970},
}

@book{evenshoshan2003milonsk,
	address = {Jerusalem},
	all_isbns = {9655170594 9789655170597},
	author = {Even-Shoshan, Avraham},
	oclcid = {176903970},
	publisher = {ha-Milon he-Hadash b.'a.m. (The New Dictionary inc.) [Hebrew]},
	ris_reference_number = {176903970},
	title = {Milon {Even-Shoshan} ({Even-Shoshan} dictionary)},
	year = {2003},
}

@book{easterday2019highly,
	address = {Berlin},
	author = {Easterday, Shelece},
	publisher = {Language Science Press},
	series = {Studies in Laboratory Phonology},
	number = {9},
	title = {Highly complex syllable structure: {{A}} typological and diachronic study},
    doi = {10.5281/zenodo.3268721},
	year = {2019},
}

@book{debrosses1765traite,
	address = {Paris},
	author = {de Brosses, Charles},
	oclcid = {470715942},
	publisher = {Chez Saillant, Vincent, Desaint},
	ris_reference_number = {470715942},
	tags = {Sonority;NAP\_paper},
	title = {Traité de la formation méchanique des langues, et des principes physiques de l'étymologie},
	year = {1765},
}

@book{cummins1983nature,
	address = {Cambridge, MA},
	all_isbns = {0262530651 9780262530651},
	author = {Cummins, Robert},
	oclcid = {13319593},
	original_publication_year = {1983},
	publisher = {MIT Press},
	ris_reference_number = {13319593},
	title = {The Nature of Psychological Explanation},
	year = {1985},
}

@book{chomsky1968spesk,
	address = {New York},
	all_isbns = {0262031795 9780262031790},
	author = {Chomsky, Noam and Halle, Morris},
	publisher = {Harper \& Row},
	tags = {NAP\_paper},
	title = {The sound pattern of {{English}}},
	year = {1968},
}

@book{buzsaki2006rhythms,
	address = {New York},
	all_isbns = {9780195301069 0195301064},
	author = {Buzsáki, György},
	oclcid = {749254134},
	publisher = {Oxford University Press},
	ris_reference_number = {749254134},
	sortname = {Buzs{a}ki, Gyorgy},
	tags = {Neuro;Dynamical Systems;Philosophy},
	title = {Rhythms of the brain},
	year = {2006},
}

@book{brigham1988fastsk,
	address = {Engelwood Cliffs},
	all_isbns = {0133075478 9780133075472 0133075052 9780133075052},
	author = {Brigham, E. Oran},
	oclcid = {695537865},
	publisher = {Prentice-Hall},
	ris_reference_number = {695537865},
	title = {The fast {Fourier} transform and its applications},
	year = {1988},
}

@book{bolozky2020dictionarysk,
	address = {Jerusalem},
	all_isbns = {9789650903602 9650903607 9789650903619 9650903615},
	author = {Bolozky, Shmuel},
	oclcid = {1226761702},
	publisher = {Rubin Mass Publishers},
	ris_reference_number = {1226761702},
	title = {Dictionary of {{{Hebrew}}} nouns: 14,000 {{{Hebrew}}} nouns and adjectives, classified into 998 patterns, with grammatical information},
	year = {2020},
}

@book{boersma1998functional,
	address = {The Hague},
	author = {Boersma, Paul},
	google_scholar_bibtex_export_key = {lIf5xBwR7A4J},
	publisher = {Holland Academic Graphics/IFOTT},
	tags = {Sonority;NAP\_paper},
	title = {Functional phonology: {{F}}ormalizing the interactions between articulatory and perceptual drives},
	year = {1998},
}

@book{bekesy1960experiments,
	address = {New York, N.Y.},
	author = {von Békésy, Georg and Wever, Ernest Glen},
	oclcid = {797855790},
	publisher = {McGraw-Hill},
	ris_reference_number = {797855790},
	sortname = {von B{e}k{e}sy, Georg and Wever, Ernest Glen},
	title = {Experiments in Hearing},
	year = {1960},
}

@book{barkai1972problemssk,
	address = {Ann Arbor, MI.},
	author = {Barkai, Malachi},
	oclcid = {638623168},
	publisher = {University Microfilms International},
	ris_reference_number = {638623168},
	title = {Problems in the phonology of {{Israeli} {Hebrew}}},
	year = {1972},
}

@book{allen1973accentsk,
	address = {Cambridge},
	all_isbns = {0521200989 9780521200981},
	author = {Allen, William Sidney},
	oclcid = {495977246},
	publisher = {Cambridge University Press},
	ris_reference_number = {495977246},
	tags = {NAP\_paper},
	title = {Accent and rhythm: {{P}}rosodic features of {{Latin}} and {{Greek}}: {{A}} study in theory and reconstruction},
	year = {1973},
}

@book{abercrombie1967elements,
	address = {Edinburgh},
	all_isbns = {0852244517 9780852244517},
	author = {Abercrombie, David},
	oclcid = {959761391},
	publisher = {Edinburgh University Press},
	ris_reference_number = {959761391},
	title = {Elements of general phonetics},
	year = {1967},
}

@book{Parker:TheSonorityControversy:2012,
    doi = {10.1515/9783110261523},
	address = {Berlin \& Boston},
	all_isbns = {9783110261516 3110261510},
	booktitle = {The sonority controversy},
	editor = {Parker, Stephen G.},
	oclcid = {879238759},
	publisher = {De Gruyter Mouton},
	ris_reference_number = {879238759},
	tags = {Sonority},
	title = {The sonority controversy},
	year = {2012},
}

@article{zoo2005,
	author = {Achim Zeileis and Gabor Grothendieck},
	doi = {10.18637/jss.v014.i06},
	journal = {Journal of Statistical Software},
	number = {6},
	pages = {1--27},
	title = {{zoo}: {{S}}3 infrastructure for regular and irregular time series},
	volume = {14},
	year = {2005},
}

@article{zhao2015universalsk,
	author = {Zhao, Xu and Berent, Iris},
	doi = {10.1007/s10936-015-9375-1},
	journal = {Journal of Psycholinguistic Research},
	number = {4},
	organization = {Northeastern University},
	pages = {795--811},
	publisher = {Springer US},
	tags = {Sonority;NAP\_Berent},
	title = {Universal Restrictions on Syllable Structure: {{{E}}}vidence From {{Mandarin} {Chinese}}},
	volume = {45},
	year = {2015},
}

@article{zec1995sonority,
	author = {Zec, Draga},
    doi = {10.1017/S0952675700002396},
	google_scholar_bibtex_export_key = {gO2gGMHdn0gJ},
	journal = {Phonology},
	number = {1},
	pages = {85--129},
	publisher = {Cambridge Univ Press},
	tags = {Sonority;NAP\_paper},
	title = {Sonority constraints on syllable structure},
	volume = {12},
	year = {1995},
}

@article{yeverechyahu2020biblicalsk,
	author = {Yeverechyahu, Hadas and Bat-El, Outi},
	doi = {10.1163/18776930-01201002},
	journal = {Brill's Journal of Afroasiatic Languages and Linguistics},
	number = {1},
	pages = {31--73},
	publisher = {Brill},
	title = {Biblical {{Hebrew}} segholates: {{{U}}}niversal and language-specific effects},
	volume = {12},
	year = {2020},
}

@article{yeverechyahu2019consonantsk,
	author = {Yeverechyahu, Hadas},
	doi = {10.1163/18776930-01101006},
	journal = {Brill's Journal of Afroasiatic Languages and Linguistics},
	number = {1},
	pages = {57--68},
	publisher = {Brill},
	title = {Consonant co-occurrence restrictions in {Modern {Hebrew}}},
	volume = {11},
	year = {2019},
}

@article{yavacs2008sonority,
	author = {Yava{\c s}, Mehmet and Ben-David, Avivit and Gerrits, Ellen and Kristoffersen, Kristian E. and Simonsen, Hanne G.},
	journal = {Clinical Linguistics \& Phonetics},
	number = {6},
	pages = {421--441},
	publisher = {Taylor \& Francis},
	sortname = {Yava{\c s}, Mehmet and Ben-David, Avivit and Gerrits, Ellen and Kristoffersen, Kristian E. and Simonsen, Hanne G.},
	tags = {Sonority;s-clusters},
	title = {Sonority and cross-linguistic acquisition of initial s-clusters},
	volume = {22},
	year = {2008},
}

@article{wilson2014effects,
	author = {Wilson, Colin and Davidson, Lisa and Martin, Sean},
	doi = {10.1016/j.jml.2014.08.001},
	journal = {Journal of Memory and Language},
	pages = {1--24},
	publisher = {Elsevier},
	title = {Effects of acoustic--phonetic detail on cross-language speech production},
	volume = {77},
	year = {2014},
}

@article{wickelgren1969context,
	author = {Wickelgren, Wayne A.},
	doi = {10.1037/h0026823},
	journal = {Psychological Review},
	number = {1},
	pages = {1--15},
	publisher = {American Psychological Association},
	title = {Context-sensitive coding, associative memory, and serial order in (speech) behavior.},
	volume = {76},
	year = {1969},
}

@article{whitney1865relation,
	author = {Whitney, William Dwight},
	google_scholar_bibtex_export_key = {rBeJwlSSv4wJ},
	journal = {Journal of the American Oriental Society},
	pages = {357--73},
	tags = {Sonority;NAP\_paper},
	title = {The relation of vowel and consonant},
	volume = {8},
	year = {1865},
}

@article{wever1930nature,
	author = {Wever, Ernest Glen and Bray, Charles William},
	doi = {10.1037/h0075820},
	journal = {Journal of Experimental Psychology},
	number = {5},
	pages = {373--387},
	publisher = {Psychological Review Company},
	title = {The nature of acoustic response: {{T}}he relation between sound frequency and frequency of impulses in the auditory nerve.},
	volume = {13},
	year = {1930},
}

@article{warren1981perception,
	author = {Warren, Richard M. and Bashford, James A.},
	doi = {10.3758/BF03207350},
	journal = {Perception \& Psychophysics},
	number = {4},
	organization = {Department of Psychology, University of Wisconsin, Milwaukee},
	pages = {395--402},
	publisher = {Springer},
	title = {Perception of acoustic iterance: {{P}}itch and infrapitch},
	volume = {29},
	year = {1981},
}

@article{ward1954subjective,
	author = {Ward, W. Dixon},
	doi = {10.1121/1.1907344},
	journal = {The Journal of the Acoustical Society of America},
	number = {3},
	pages = {369--380},
	publisher = {Acoustical Society of America},
	title = {Subjective musical pitch},
	volume = {26},
	year = {1954},
}

@article{wang2007robust,
	author = {Wang, Dagen and Narayanan, S. S.},
	doi = {10.1109/TASL.2007.905178},
	journal = {IEEE Transactions on Audio, Speech, and Language Processing},
	number = {8},
	organization = {IBM T. J. Watson Res. Center, Yorktown Heights, NY},
	pages = {2190--2201},
	tags = {NAP\_paper},
	title = {Robust Speech Rate Estimation for Spontaneous Speech},
	volume = {15},
	year = {2007},
}

@article{vitevitch2004webbasedsk,
	author = {Vitevitch, Michael S. and Luce, Paul A.},
	doi = {10.3758/BF03195594},
	journal = {Behavior Research Methods, Instruments, \& Computers},
	medium_consulted = {Web},
	number = {3},
	organization = {State University of New York},
	pages = {481--487},
	publisher = {Springer-Verlag},
	tags = {NAP\_Berent},
	title = {A web-based interface to calculate phonotactic probability for words and nonwords in {{English}}},
	volume = {36},
	year = {2004},
}

@article{verschooten2019upper,
	author = {Verschooten, Eric and Shamma, Shihab and Oxenham, Andrew J. and Moore, Brian C. J. and Joris, Philip X. and Heinz, Michael G. and Plack, Christopher J.},
	journal = {Hearing Research},
	pages = {109--121},
	publisher = {Elsevier},
	title = {The upper frequency limit for the use of phase locking to code temporal fine structure in humans: {{A}} compilation of viewpoints},
	volume = {377},
	year = {2019},
}

@article{vehtariPracticalBayesianModel2017,
	author = {Vehtari, Aki and Gelman, Andrew and Gabry, Jonah},
	doi = {10.1007/s11222-016-9696-4},
	journal = {Statistics and Computing},
	number = {5},
	pages = {1413--1432},
	title = {Practical {{{Bayesian}}} Model Evaluation Using Leave-{One}-out Cross-Validation and {{{WAIC}}}},
	volume = {27},
	year = {2017},
}

@article{vehtariParetoSmoothedImportance2015,
	author = {Vehtari, Aki and Gelman, Andrew and Gabry, Jonah},
	journal = {arXiv preprint},
	title = {Pareto Smoothed Importance Sampling},
	url = {http://arxiv.org/abs/1507.02646},
	urldate = {2019-05-17},
	volume = {1507.02646},
	year = {2015},
}

@article{turk2013speechsk,
	author = {Turk, Alice E. and Shattuck-Hufnagel, Stefanie},
	google_scholar_bibtex_export_key = {znXdWfXgJy8J},
	journal = {Laboratory Phonology},
	number = {1},
	pages = {93--118},
	tags = {Rhythm;PCCM6},
    doi = {10.1515/lp-2013-0005},
	title = {What is speech rhythm? {{A}} commentary on {Arvaniti and Rodriquez, Krivokapić, and Goswami and Leong}},
	volume = {4},
	year = {2013},
}

@article{turk1996processing,
	author = {Turk, Alice E. and Sawusch, James R.},
    doi = {10.1121/1.414995},
	journal = {The Journal of the Acoustical Society of America},
	number = {6},
	pages = {3782--3790},
	publisher = {ASA},
	tags = {Loudness/ Intensity;NAP\_paper},
	title = {The processing of duration and intensity cues to prominence},
	volume = {99},
	year = {1996},
}

@article{tuller2008dynamical,
	author = {Tuller, Betty and Jantzen, McNeel G. and Jirsa, Viktor K.},
	doi = {10.1016/j.newideapsych.2007.07.002},
	journal = {New Ideas in Psychology},
	number = {2},
	pages = {208--226},
	publisher = {Elsevier},
	title = {A dynamical approach to speech categorization: {{T}}wo routes to learning},
	volume = {26},
	year = {2008},
}

@article{tuller1994nonlinear,
	author = {Tuller, Betty and Case, Pamela and Ding, Mingzhou and Kelso, J. A. Scott},
	journal = {Journal of Experimental Psychology: Human Perception and Performance},
	number = {1},
	pages = {3--16},
    doi = {10.1037/0096-1523.20.1.3},
	publisher = {American Psychological Association},
	title = {The nonlinear dynamics of speech categorization},
	volume = {20},
	year = {1994},
}

@article{tremblay2013processing,
	author = {Tremblay, Pascale and Baroni, Marco and Hasson, Uri},
    doi = {10.1016/j.neuroimage.2012.10.055},
	google_scholar_bibtex_export_key = {i2elDc0gEboJ},
	journal = {NeuroImage},
	pages = {318--332},
	publisher = {Elsevier},
	tags = {Perception Tasks;Auditory;Neuro;Phonology},
	title = {Processing of speech and non-speech sounds in the supratemporal plane: {{A}}uditory input preference does not predict sensitivity to statistical structure},
	volume = {66},
	year = {2013},
}

@article{tilsen2013speech,
	author = {Tilsen, Sam and Arvaniti, Amalia},
    doi = {10.1121/1.4807565},
	journal = {The Journal of the Acoustical Society of America},
	number = {1},
	pages = {628--639},
	publisher = {ASA},
	tags = {newly added},
	title = {Speech rhythm analysis with decomposition of the amplitude envelope: {{C}}haracterizing rhythmic patterns within and across languages},
	volume = {134},
	year = {2013},
}

@article{tang2020dcdc2sk,
	author = {Tang, Kevin and DeMille, Mellissa M. C. and Frijters, Jan C. and Gruen, Jeffrey R.},
	doi = {10.1098/rspb.2019.2712},
	journal = {Proceedings of the Royal Society B},
	number = {1928},
	pages = {20192712},
	publisher = {The Royal Society},
	title = {{{DCDC}2 {READ}1} regulatory element: {{H}}ow temporal processing differences may shape language},
	volume = {287},
	year = {2020},
}

@article{tamasi2014sensitivity,
	author = {Tamási, Katalin and Berent, Iris},
	doi = {10.1007/s10936-014-9289-3},
	journal = {Journal of Psycholinguistic Research},
	medium_consulted = {Web},
	number = {4},
	organization = {Northeastern University},
	pages = {359--381},
	publisher = {Springer US},
	sortname = {Tam{a}si, Katalin and Berent, Iris},
	tags = {Sonority;NAP\_Berent},
	title = {Sensitivity to Phonological Universals: {{T}}he Case of Stops and Fricatives},
	volume = {44},
	year = {2014},
}

@article{tal2017neural,
	author = {Tal, Idan and Large, Edward W. and Rabinovitch, Eshed and Wei, Yi and Schroeder, Charles E. and Poeppel, David and Golumbic, Elana Zion},
	doi = {10.1523/JNEUROSCI.2500-16.2017},
	gca_id = {jneuro;37/26/6331},
	journal = {Journal of Neuroscience},
	number = {26},
	pages = {6331--6341},
	publisher = {Society for Neuroscience},
	pubmedid = {28559379},
	tags = {Rhythm},
	title = {Neural Entrainment to the Beat: {{T}}he ``Missing-Pulse'' Phenomenon},
	volume = {37},
	year = {2017},
}

@article{suzuki2004equal,
	author = {Suzuki, Yoiti and Takeshima, Hisashi},
    doi = {10.1121/1.1763601},
	journal = {The Journal of the Acoustical Society of America},
	number = {2},
	pages = {918--933},
	publisher = {ASA},
	tags = {Loudness/ Intensity;NAP\_paper},
	title = {Equal-loudness-level contours for pure tones},
	volume = {116},
	year = {2004},
}

@article{surprenant1998perception,
    doi = {10.1121/1.423253},
	author = {Surprenant, Aimée M. and Goldstein, Louis},
	google_scholar_bibtex_export_key = {VnU3GpiCm44J},
	journal = {The Journal of the Acoustical Society of America},
	number = {1},
	pages = {518--529},
	publisher = {Acoustical Society of America},
	sortname = {Surprenant, Aim{e}e M. and Goldstein, Louis},
	title = {The perception of speech gestures},
	volume = {104},
	year = {1998},
}

@article{sung2016perceptionsk,
	author = {Sung, Eunkyung},
	journal = {Studies in Phonetics, Phonology and Morphology},
	number = {3},
	pages = {477--498},
	tags = {Sonority;NAP\_Berent},
	title = {Perception of onset clusters by {{English}} and {{Korean}} listeners: {{{U}}}niversal markedness and {L2} phonotactic knowledge},
	volume = {22},
	year = {2016},
}

@article{stockhausen1959how,
	author = {Stockhausen, Karlheinz},
	journal = {Die Reihe},
	note = {English translation by Cornelius Cardew},
	pages = {10--40},
	tags = {Repetitive patterns},
	title = {How time passes by},
	volume = {3},
	year = {1959},
}

@article{stevens1972perceivedsk,
	author = {Stevens, S. S.},
	doi = {10.1121/1.1912880},
	journal = {The Journal of the Acoustical Society of America},
	number = {2B},
	pages = {575--601},
	publisher = {Acoustical Society of AmericaASA},
	title = {Perceived Level of Noise by {Mark {VII}} and Decibels {({E})}},
	volume = {51},
	year = {1972},
}

@article{smolensky2014optimization,
	author = {Smolensky, Paul and Goldrick, Matthew and Mathis, Donald},
	doi = {10.1111/cogs.12047},
	journal = {Cognitive Science},
	number = {6},
	pages = {1102--1138},
	publisher = {John Wiley \& Sons, Ltd},
	title = {Optimization and Quantization in Gradient Symbol Systems: {{A}} Framework for Integrating the Continuous and the Discrete in Cognition},
	volume = {38},
	year = {2014},
}

@article{sigurd1955rank,
	author = {Sigurd, Bengt},
	google_scholar_bibtex_export_key = {j\_sUWAAhnrkJ},
	journal = {Studia Linguistica},
	number = {1–2},
	pages = {8--20},
	publisher = {Wiley Online Library},
	title = {Rank order of consonants established by distributional criteria},
	volume = {9},
	year = {1955},
}

@article{shiffrinSurveyModelEvaluation2008,
	author = {Shiffrin, Richard and Lee, Michael D. and Kim, Woojae and Wagenmakers, Eric-Jan},
	doi = {10.1080/03640210802414826},
	journal = {Cognitive Science},
	langid = {english},
	number = {8},
	pages = {1248--1284},
	title = {A Survey of model evaluation approaches With a tutorial on hierarchical {Bayesian} methods},
	volume = {32},
	year = {2008},
}

@article{shaw2009syllabificationsk,
	author = {Shaw, Jason A. and Gafos, Adamantios I. and Hoole, Philip and Zeroual, Chakir},
    doi = {10.1017/S0952675709001754},
	google_scholar_bibtex_export_key = {YhpuygSIh3IJ},
	journal = {Phonology},
	number = {1},
	pages = {187--215},
	publisher = {Cambridge Univ Press},
	tags = {Phonotactics;Articulatory Phon;Prosody;Acoustic Phonetics;Elicitation Tasks},
	title = {Syllabification in {{Moroccan} {Arabic}}: {{{E}}}vidence from patterns of temporal stability in articulation},
	volume = {26},
	year = {2009},
}

@article{sharma2018significance,
	author = {Sharma, Bidisha and Prasanna, S. R. Mahadeva},
	doi = {10.1016/j.specom.2018.04.002},
	journal = {Speech Communication},
	pages = {201--210},
	publisher = {North-Holland},
	tags = {Sonority;NAP\_paper},
	title = {Significance of sonority information for voiced/unvoiced decision in speech synthesis},
	volume = {99},
	year = {2018},
}

@article{seshadri2009perceived,
	address = {United States},
	author = {Seshadri, Guruprasad and Yegnanarayana, B.},
	doi = {10.1121/1.3203668},
	journal = {The Journal of the Acoustical Society of America},
	number = {4},
	organization = {Dept. of Computer Science and Engineering, Indian Institute of Technology Madras, Chennai 600036, India. gurus\@cse.iitm.ernet.in},
	pages = {2061--2071},
	pubmedid = {19813815},
	tags = {Loudness/ Intensity;NAP\_paper},
	title = {Perceived loudness of speech based on the characteristics of glottal excitation source.},
	us_nlm_id = {7503051},
	volume = {126},
	year = {2009},
}

@article{seewave2008,
	author = {J. Sueur and T. Aubin and C. Simonis},
	doi = {10.1080/09524622.2008.9753600},
	journal = {Bioacoustics},
	pages = {213--226},
	title = {Seewave: {{A}} free modular tool for sound analysis and synthesis},
	volume = {18},
	year = {2008},
}

@article{seebeck1841annalensk,
	author = {Seebeck, August},
	doi = {10.1002/andp.18411290702},
	journal = {Annalen der Physik},
	number = {7},
	pages = {417--436},
	publisher = {WILEY‐VCH Verlag},
	title = {{Beobachtungen} über einige {Bedingungen} der {{Entstehung}} von {Tönen}},
	volume = {129},
	year = {1841},
}

@article{searle1980minds,
	author = {Searle, John R.},
	doi = {10.1017/S0140525X00005756},
	journal = {Behavioral and Brain Sciences},
	number = {3},
	pages = {417--424},
	publisher = {Cambridge University Press},
	title = {Minds, brains, and programs},
	volume = {3},
	year = {1980},
}

@article{schouten1938perception,
	author = {Schouten, Jan Frederik},
	journal = {Proceedings of the Koninklijke Akademie van Wetenschappen},
	pages = {1086--1093},
	title = {The perception of subjective tones},
	volume = {41},
	year = {1938},
}

@article{rubach1990edgesk,
	author = {Rubach, Jerzy and Booij, Geert E.},
	endnote_reference_number = {9},
	google_scholar_bibtex_export_key = {TrQcMtmsrkUJ},
	journal = {Natural Language \& Linguistic Theory},
	number = {3},
	pages = {427--463},
	publisher = {Springer},
	tags = {Sonority;Sonority violations;Prosody;Experimental Research;NAP\_paper},
	title = {Edge of constituent effects in {{Polish}}},
	volume = {8},
	year = {1990},
}

@article{rouse2016beat,
	author = {Rouse, Andrew A. and Cook, Peter F. and Large, Edward W. and Reichmuth, Colleen},
	doi = {10.3389/fnins.2016.00257},
	journal = {Frontiers in Neuroscience},
	number = {257},
	title = {Beat keeping in a sea lion as coupled oscillation: {{I}}mplications for comparative understanding of human rhythm},
	volume = {10},
	year = {2016},
}

@article{rosen1992temporal,
	author = {Rosen, Stuart},
	google_scholar_bibtex_export_key = {wgHDFUTMWD4J},
	journal = {Philosophical Transactions: Biological Sciences},
	number = {1278},
	pages = {367--373},
	publisher = {The Royal Society},
	tags = {NAP\_paper;Acoustic Phonetics;Perceptual Phon},
	title = {Temporal information in speech: {{A}}coustic, auditory and linguistic aspects},
	volume = {336},
	year = {1992},
}

@article{rose1967phase,
	author = {Rose, Jerzy E. and Brugge, John F. and Anderson, David J. and Hind, Joseph E.},
	doi = {10.1152/jn.1967.30.4.769},
	journal = {Journal of Neurophysiology},
	number = {4},
	pages = {769--793},
	title = {Phase-locked response to low-frequency tones in single auditory nerve fibers of the squirrel monkey.},
	volume = {30},
	year = {1967},
}

@article{roettger2019tune,
	author = {Roettger, Timo B. and Grice, Martine},
	doi = {10.1163/22105832-00902006},
	journal = {Language Dynamics and Change},
	number = {2},
	pages = {265--298},
	publisher = {Brill},
	tags = {newly added},
	title = {The tune drives the text: {{C}}ompeting information channels of speech shape phonological systems},
	volume = {9},
	year = {2019},
}

@article{roessig2022tracing,
	author = {Roessig, Simon and Winter, Bodo and Mücke, Doris},
	doi = {10.3389/frai.2022.842546},
	journal = {Frontiers in Artificial Intelligence},
	sortname = {Roessig, Simon and Winter, Bodo and Mucke, Doris},
	title = {Tracing the Phonetic Space of Prosodic Focus Marking},
	volume = {5},
	year = {2022},
}

@article{roessig2019modeling,
	author = {Roessig, Simon and Mücke, Doris},
    doi = {10.3389/fcomm.2019.00044},
	journal = {Frontiers in Communication},
	pages = {Article 44},
	publisher = {Frontiers},
	sortname = {Roessig, Simon and Mucke, Doris},
	title = {Modeling dimensions of prosodic prominence},
	volume = {4},
	year = {2019},
}

@article{roessig2019dynamics,
	author = {Roessig, Simon and Mücke, Doris and Grice, Martine},
	doi = {10.1371/journal.pone.0216859},
	journal = {PLoS ONE},
	number = {5},
	organization = {IfL--Phonetics, University of Cologne, Cologne, Germany},
	pages = {e0216859},
	sortname = {Roessig, Simon and Mucke, Doris and Grice, Martine},
	tags = {newly added},
	title = {The dynamics of intonation: {{C}}ategorical and continuous variation in an attractor-based model},
	volume = {14},
	year = {2019},
}

@article{rimmele2021acousticallysk,
	author = {Rimmele, Johanna M. and Poeppel, David and Ghitza, Oded},
	doi = {10.1523/eneuro.0562-20.2021},
	journal = {eNeuro},
	publisher = {Cold Spring Harbor Laboratory},
	title = {Acoustically driven cortical delta oscillations underpin perceptual chunking},
	volume = {8},
	number = {4},
	year = {2021},
}

@article{repp2005sensorimotor,
	author = {Repp, Bruno H.},
	journal = {Psychonomic Bulletin \& Review},
	number = {6},
	pages = {969--992},
	publisher = {Springer},
	tags = {Time},
	title = {Sensorimotor synchronization: {{A}} review of the tapping literature},
	volume = {12},
	year = {2005},
}

@article{rasanen2018pre,
	author = {Räsänen, Okko and Doyle, Gabriel and Frank, Michael C.},
	journal = {Cognition},
    doi = {10.1016/j.cognition.2017.11.003},
	pages = {130--150},
	publisher = {Elsevier},
	sortname = {Rasanen, Okko and Doyle, Gabriel and Frank, Michael C.},
	tags = {Sonority;NAP\_paper},
	title = {Pre-linguistic segmentation of speech into syllable-like units},
	volume = {171},
	year = {2018},
}

@article{ramus1999correlates,
	author = {Ramus, Franck and Nespor, Marina and Mehler, Jacques},
	doi = {10.1016/S0010-0277(00)00101-3},
	journal = {Cognition},
	number = {3},
	pages = {265--292},
	publisher = {Elsevier},
	title = {Correlates of linguistic rhythm in the speech signal},
	volume = {73},
	year = {1999},
}

@article{raczaszek2008reconciling,
	author = {Rą\-cza\-szek-Le\-o\-nar\-di, Joanna and Kelso, J. A. Scott},
	doi = {10.1016/j.newideapsych.2007.07.003},
	journal = {New Ideas in Psychology},
	number = {2},
	pages = {193--207},
	publisher = {Pergamon},
	sortname = {Raczaszek-Leonardi, Joanna and Kelso, J. A. Scott},
	title = {Reconciling symbolic and dynamic aspects of language: {{T}}oward a dynamic psycholinguistics},
	volume = {26},
	year = {2008},
}

@article{raczaszek1999categorization,
	author = {Rączaszek, Joanna and Tuller, Betty and Shapiro, Lewis P. and Case, Pamela and Kelso, Scott},
	doi = {10.1023/A:1023289031747},
	journal = {Journal of Psycholinguistic Research},
	number = {4},
	pages = {367--393},
	publisher = {Springer},
	sortname = {Raczaszek, Joanna and Tuller, Betty and Shapiro, Lewis P. and Case, Pamela and Kelso, Scott},
	title = {Categorization of Ambiguous Sentences as a Function of a Changing Prosodic Parameter: {{A}} Dynamical Approach},
	volume = {28},
	year = {1999},
}

@article{prince1990quantitative,
	author = {Prince, Alan S.},
	journal = {Papers from the annual regional meeting of the Chicago Linguistic Society},
	number = {2},
	pages = {355--398},
	tags = {NAP\_paper},
	title = {Quantitative consequences of rhythmic organization},
	volume = {26},
	year = {1990},
}

@article{price1980sonority,
	author = {Price, Patti Jo},
	google_scholar_bibtex_export_key = {UsLPvxAdI7AJ},
	journal = {Phonetica},
	number = {5-6},
	pages = {327--343},
	tags = {Perception Tasks;Sonority;NAP\_paper;Acoustic Phonetics;Perceptual Phon;Approximants},
	title = {Sonority and syllabicity: {{A}}coustic correlates of perception},
	volume = {37},
	year = {1980},
}

@article{poeppel2020speech,
	author = {Poeppel, David and Assaneo, M. Florencia},
	doi = {10.1038/s41583-020-0304-4},
	journal = {Nature Reviews Neuroscience},
	number = {6},
	pages = {322--334},
	publisher = {Nature Publishing Group},
	title = {Speech rhythms and their neural foundations},
	volume = {21},
	year = {2020},
}

@article{pinker1988onlanguage,
	author = {Pinker, Steven and Prince, Alan S.},
	doi = {10.1016/0010-0277(88)90032-7},
	journal = {Cognition},
	number = {1–2},
	pages = {73--193},
	publisher = {Elsevier},
	title = {On language and connectionism: {{A}}nalysis of a parallel distributed processing model of language acquisition},
	volume = {28},
	year = {1988},
}

@incollection{pierrehumbert1992lenition,
	author = {Pierrehumbert, Janet and Talkin, David},
	editor = {Gerard J. Docherty and Robert Ladd},
	booktitle = {Papers in laboratory Phonology {II}: {Gesture}, segment, prosody},
	pages = {90--117},
	title = {Lenition of /h/ and glottal stop},
	publisher = {Cambridge University Press},
	location = {Cambridge, UK},
	year = {1992},
}

@article{parker2017sounding,
	author = {Parker, Stephen G.},
	doi = {10.1111/lnc3.12248},
	journal = {Language and Linguistics Compass},
	number = {9},
	organization = {Graduate Institute of Applied Linguistics and SIL International USA},
	pages = {e12248},
	tags = {Sonority;NAP\_paper},
	title = {Sounding out Sonority},
	volume = {11},
	year = {2017},
}

@article{parker2008sound,
	author = {Parker, Stephen G.},
	doi = {10.1016/j.wocn.2007.09.003},
	google_scholar_bibtex_export_key = {C08x071gRVwJ},
	journal = {Journal of Phonetics},
	number = {1},
	pages = {55--90},
	publisher = {Elsevier},
	tags = {Loudness/ Intensity;Sonority;NAP\_paper;Segmantal Phonology;Acoustic Phonetics;Elicitation Tasks},
	title = {Sound level protrusions as physical correlates of sonority},
	volume = {36},
	year = {2008},
}

@article{oxenham2013revisiting,
	author = {Oxenham, Andrew J.},
	doi = {10.1250/ast.34.388},
	journal = {Acoustical Science and Technology},
	number = {6},
	pages = {388--396},
	publisher = {Acoustical Society of Japan},
	title = {Revisiting place and temporal theories of pitch},
	volume = {34},
	year = {2013},
}

@article{olsen2010loudness,
	author = {Olsen, Kirk N. and Stevens, Catherine J. and Tardieu, Julien},
	google_scholar_bibtex_export_key = {Aoyro2-LJ\_oJ},
	journal = {Journal of Experimental Psychology: Human Perception and Performance},
	number = {6},
	pages = {1631},
	publisher = {American Psychological Association},
	tags = {Loudness/ Intensity;NAP\_paper},
	title = {Loudness change in response to dynamic acoustic intensity.},
	volume = {36},
	year = {2010},
}

@article{ohm1843annalensk,
	author = {Ohm, Georg Simon},
	doi = {10.1002/andp.18431350802},
	journal = {Annalen der Physik},
	number = {8},
	pages = {513--565},
	title = {Ueber die {Definition} des {Tones}, nebst daran geknüpfter {Theorie} der {Sirene} und ähnlicher tonbildender {Vorrichtungen}},
	volume = {135},
	year = {1843},
}

@article{ohala1984prosodic,
	author = {Ohala, John J. and Kawasaki, Haruko},
	google_scholar_bibtex_export_key = {gicr2tx6dL8J},
	journal = {Phonology Yearbook},
	pages = {113--127},
	publisher = {JSTOR},
	tags = {NAP\_paper},
	title = {Prosodic Phonology and Phonetics},
	volume = {1},
	year = {1984},
}

@article{nolan2014speechsk,
	author = {Nolan, Francis and Jeon, Hae-Sung},
	journal = {Philosophical Transactions of the Royal Society B: Biological Sciences},
	number = {1658},
	pages = {20130396},
	publisher = {The Royal Society},
	tags = {Repetitive patterns},
	title = {Speech rhythm: {{A}} metaphor?},
	volume = {369},
	year = {2014},
}

@article{nicenboim2018exploratorysk,
	author = {Nicenboim, Bruno and Vasishth, Shravan and Engelmann, Felix and Suckow, Katja},
	doi = {10.1111/cogs.12589},
	journal = {Cognitive Science},
	medium_consulted = {Web},
	organization = {Department of German Studies University of Göttingen},
	pages = {1075--1100},
	publisher = {John Wiley \& Sons, Ltd (10.1111)},
	title = {Exploratory and Confirmatory Analyses in Sentence Processing: {{A}} Case Study of Number Interference in {{German}}},
	volume = {42},
	year = {2018},
}

@incollection{nam2009self,
	author = {Nam, Hosung and Goldstein, Louis and Saltzman, Elliot},
	google_scholar_bibtex_export_key = {zeGJGLxczgYJ},
    doi = {10.1515/9783110223958.297},
	booktitle = {Approaches to phonological complexity},
	editor = {François Pellegrino and Egidio Marsico and Ioana Chitoran and Christophe Coupé},
	pages = {297--328},
	publisher = {Mouton de Gruyter},
	location = {Berlin},
	title = {Self-organization of syllable structure: {{A}} coupled oscillator model},
	year = {2009},
}

@article{nakajima2017english,
	author = {Nakajima, Yoshitaka and Ueda, Kazuo and Fujimaru, Shota and Motomura, Hirotoshi and Ohsaka, Yuki},
	doi = {10.1038/srep46049},
	journal = {Scientific {Reports}},
	pages = {46049},
	publisher = {Nature Publishing Group},
	tags = {Sonority;NAP\_paper},
	title = {{English} phonology and an acoustic language universal},
	volume = {7},
	year = {2017},
}

@article{myhill2004parameterized,
	author = {Myhill, John},
	journal = {Multilingua},
	number = {4},
	pages = {389--416},
	publisher = {Mouton de Gruyter},
	title = {A parameterized view of the concept of “correctness”},
	volume = {23},
	year = {2004},
}

@article{myers2019pushing,
	author = {Myers, Brett R. and Lense, Miriam D. and Gordon, Reyna L.},
	journal = {Brain Sciences},
	number = {3},
	pages = {70},
	publisher = {Multidisciplinary Digital Publishing Institute},
	tags = {Neuro;Pitch/ f0;Prosody;NAP\_paper;Perceptual Phon},
	title = {Pushing the Envelope: {{D}}evelopments in Neural Entrainment to Speech and the Biological Underpinnings of Prosody Perception},
	volume = {9},
	year = {2019},
}

@article{murray1983sound,
	author = {Murray, Robert W. and Vennemann, Theo},
	endnote_reference_number = {19},
	google_scholar_bibtex_export_key = {wn7ieh2vw2cJ},
	journal = {Language},
	number = {3},
	pages = {514--528},
	publisher = {JSTOR},
	title = {Sound change and syllable structure in {Germanic} phonology},
	volume = {59},
	year = {1983},
}

@article{muller2018cortical,
	author = {Muller, Lyle and Chavane, Frédéric and Reynolds, John and Sejnowski, Terrence J.},
	doi = {10.1038/nrn.2018.20},
	journal = {Nature Reviews Neuroscience},
	number = {5},
	pages = {255--268},
	publisher = {Nature Publishing Group},
	sortname = {Muller, Lyle and Chavane, Fr{e}d{e}ric and Reynolds, John and Sejnowski, Terrence J.},
	tags = {Neuro;Neural Networks},
	title = {Cortical travelling waves: {{M}}echanisms and computational principles},
	volume = {19},
	year = {2018},
}

@article{morey2016peer,
	author = {Morey, Richard D. and Chambers, Christopher D. and Etchells, Peter J. and Harris, Christine R. and Hoekstra, Rink and Lakens, Dani{\"e}l and Lewandowsky, Stephan and Morey, Candice Coker and Newman, Daniel P. and Schönbrodt, Felix D.},
	journal = {Royal Society Open Science},
	number = {1},
	pages = {150547},
	publisher = {The Royal Society Publishing},
	sortname = {Morey, Richard D. and Chambers, Christopher D. and Etchells, Peter J. and Harris, Christine R. and Hoekstra, Rink and Lakens, Dani{e}l and Lewandowsky, Stephan and Morey, Candice Coker and Newman, Daniel P. and Schonbrodt, Felix D.},
	title = {The Peer Reviewers' Openness Initiative: {{I}}ncentivizing open research practices through peer review},
	volume = {3},
	year = {2016},
}

@article{morag1959plannedsk,
	author = {Morag, Shelmo},
	doi = {10.1016/0024-3841(59)90025-7},
	journal = {Lingua},
	pages = {247--263},
	publisher = {Elsevier},
	title = {Planned and unplanned development in {Modern {Hebrew}}},
	volume = {8},
	year = {1959},
}

@article{mizrachi2019notesk,
	author = {Mizrachi, Avi},
	journal = {Brill's Journal of Afroasiatic Languages and Linguistics},
	number = {1},
	pages = {49--56},
	publisher = {Brill},
    doi = {10.1163/18776930-01101004},
	title = {A note on {Modern {Hebrew}} voicing assimilation},
	volume = {11},
	year = {2019},
}

@article{miller1948perception,
	author = {Miller, George A. and Taylor, Walter G.},
	google_scholar_bibtex_export_key = {5ZN5nU-JNvUJ},
    doi = {10.1121/1.1906360},
	journal = {The Journal of the Acoustical Society of America},
	number = {2},
	pages = {171--182},
	publisher = {ASA},
	title = {The perception of repeated bursts of noise},
	volume = {20},
	year = {1948},
}

@article{miller1947sensitivity,
	author = {Miller, George A.},
	journal = {The Journal of the Acoustical Society of America},
	number = {4},
	pages = {609--619},
	publisher = {ASA},
	tags = {Loudness/ Intensity;newly added},
	title = {Sensitivity to changes in the intensity of white noise and its relation to masking and loudness},
	volume = {19},
	year = {1947},
}

@article{meyer2019synchronous,
	author = {Meyer, Lars and Sun, Yue and Martin, Andrea E.},
	doi = {10.1080/23273798.2019.1693050},
	journal = {Language, Cognition and Neuroscience},
	pages = {1089--1099},
	title = {Synchronous, but not entrained: {{{E}}}xogenous and endogenous cortical rhythms of speech and language processing},
	volume = {35},
	number = {9},
	year = {2020},
}

@article{meyer2017linguistic,
	author = {Meyer, Lars and Henry, Molly J. and Gaston, Phoebe and Schmuck, Noura and Friederici, Angela D.},
	doi = {10.1093/cercor/bhw228},
	journal = {Cerebral Cortex},
	number = {9},
	organization = {Department of Neuropsychology, Max Planck Institute for Human Cognitive and Brain Sciences, 04303 Leipzig, Germany},
	pages = {4293--4302},
	publisher = {Oxford Academic},
	title = {Linguistic Bias Modulates Interpretation of Speech via Neural Delta-Band Oscillations},
	volume = {27},
	year = {2017},
}

@article{mcpherson2018diversity,
	author = {McPherson, Malinda J. and McDermott, Josh H.},
	doi = {10.1038/s41562-017-0261-8},
	journal = {Nature Human Behaviour},
	number = {1},
	pages = {52--66},
	publisher = {Nature Publishing Group},
	tags = {Perception Tasks;Pitch/ f0;NAP\_paper;Perceptual Phon;Intonation;Lexical Tone/ Pitch Accent},
	title = {Diversity in pitch perception revealed by task dependence},
	volume = {2},
	year = {2018},
}

@article{mccarthy1990footsk,
	author = {McCarthy, John J. and Prince, Alan S.},
	journal = {Natural Language \& Linguistic Theory},
	number = {2},
	pages = {209--283},
	publisher = {Springer},
	tags = {NAP\_paper},
	title = {Foot and word in prosodic morphology: {{T}}he {{Arabic}} broken plural},
	volume = {8},
	year = {1990},
}

@article{mathot2012opensesame,
	author = {Math{\^o}t, Sebastiaan and Schreij, Daniel and Theeuwes, Jan},
	journal = {Behavior Research Methods},
	number = {2},
	pages = {314--324},
	publisher = {Springer},
	sortname = {Math{o}t, Sebastiaan and Schreij, Daniel and Theeuwes, Jan},
	title = {{OpenS}esame: {{A}}n open-source, graphical experiment builder for the social sciences},
	volume = {44},
	year = {2012},
}

@article{maionchi2015sonoritysk,
	author = {Ma{\"\i}onchi-Pino, Norbert and Taki, Yasuyuki and Magnan, Annie and Yokoyama, Satoru and Écalle, Jean and Takahashi, Kei and Hashizume, Hiroshi and Kawashima, Ryuta},
	journal = {L'Année psychologique},
	number = {2},
	pages = {197--222},
	publisher = {NecPlus},
	sortname = {Ma{\"\i}onchi-Pino, Norbert and Taki, Yasuyuki and Magnan, Annie and Yokoyama, Satoru and {E}calle, Jean and Takahashi, Kei and Hashizume, Hiroshi and Kawashima, Ryuta},
	tags = {Sonority;NAP\_Berent},
	title = {Sonority-related markedness drives the misperception of unattested onset clusters in {{French}} listeners},
	volume = {115},
	year = {2015},
}

@article{mai2016deltask,
	author = {Mai, Guangting and Minett, James W. and Wang, William S-Y},
	doi = {10.1016/j.neuroimage.2016.02.064},
	journal = {NeuroImage},
	pages = {516--528},
	publisher = {Elsevier},
	title = {Delta, theta, beta, and gamma brain oscillations index levels of auditory sentence processing},
	volume = {133},
	year = {2016},
}

@article{macdougall1903structure,
	author = {MacDougall, R.},
	journal = {The Psychological Review: Monograph Supplements},
	number = {1},
	pages = {309--412},
	publisher = {American Psychological Association},
	title = {The structure of simple rhythm forms.},
	volume = {4},
	year = {1903},
}

@article{luo2010auditory,
	author = {Luo, Huan and Liu, Zuxiang and Poeppel, David},
	journal = {PLoS Biology},
	number = {8},
	pages = {e1000445},
	publisher = {Public Library of Science San Francisco, USA},
	title = {Auditory cortex tracks both auditory and visual stimulus dynamics using low-frequency neuronal phase modulation},
	volume = {8},
	year = {2010},
}

@article{lowit2014quantification,
	author = {Lowit, Anja},
	doi = {10.1098/rstb.2013.0404},
	journal = {Philosophical Transactions of the Royal Society B: Biological Sciences},
	number = {1658},
	pages = {20130404},
	publisher = {The Royal Society},
	tags = {Rhythm},
	title = {Quantification of rhythm problems in disordered speech: {{A}} re-evaluation},
	volume = {369},
	year = {2014},
}

@article{lowenstamm1981maximal,
	author = {Lowenstamm, Jean},
	journal = {Linguistic Inquiry},
	pages = {575--604},
	title = {On the maximal cluster approach to syllable structure},
	volume = {12},
	number = {4},
	year = {1981},
}

@article{lombardi1995laryngeal,
	author = {Lombardi, Linda},
	google_scholar_bibtex_export_key = {L36-jKoXpX4J},
	journal = {Natural Language \& Linguistic Theory},
	number = {1},
	pages = {39--74},
	publisher = {Springer},
	title = {Laryngeal neutralization and syllable wellformedness},
	volume = {13},
	year = {1995},
}

@article{liberman1985motor,
	author = {Liberman, Alvin M. and Mattingly, Ignatius G.},
	doi = {10.1016/0010-0277(85)90021-6},
	google_scholar_bibtex_export_key = {5OFhk5xYVjgJ},
	journal = {Cognition},
	number = {1},
	pages = {1--36},
	publisher = {Elsevier},
	title = {The motor theory of speech perception revised},
	volume = {21},
	year = {1985},
}

@article{levitt1991syllable,
	author = {Levitt, Andrea and Healy, Alice F. and Fendrich, David W.},
	google_scholar_bibtex_export_key = {89LoTFHOl9YJ},
	journal = {Journal of Psycholinguistic Research},
	number = {4},
	pages = {337--363},
	publisher = {Springer},
	title = {Syllable-internal structure and the sonority hierarchy: {{D}}ifferential evidence from lexical decision, naming, and reading},
	volume = {20},
	year = {1991},
}

@article{lennertz2015onthesonority,
	author = {Lennertz, Tracy and Berent, Iris},
	doi = {10.1075/ml.10.1.04len},
	journal = {The Mental Lexicon},
	number = {1},
	pages = {88--132},
	publisher = {John Benjamins},
	tags = {Sonority;NAP\_Berent},
	title = {On the sonority levels of fricatives and stops},
	volume = {10},
	year = {2015},
}

@article{lehiste1990phonetic,
	author = {Lehiste, Ilse},
	doi = {10.1016/S0095-4470(19)30397-3},
	journal = {Journal of Phonetics},
	number = {2},
	pages = {123--133},
	publisher = {Elsevier},
	title = {Phonetic investigation of metrical structure orally produced poetry},
	volume = {18},
	year = {1990},
}

@article{lancia2013interaction,
	author = {Lancia, Leonardo and Winter, Bodo},
	google_scholar_bibtex_export_key = {IAuY4ngJUc0J},
	journal = {Laboratory Phonology},
	number = {1},
	pages = {221--257},
	tags = {Response Tasks;Continuity/Discreteness;NAP\_paper;Perceptual Phon;Simulations;Dynamical Systems},
	title = {The interaction between competition, learning, and habituation dynamics in speech perception},
    doi = {10.1515/lp-2013-0009},
	volume = {4},
	year = {2013},
}

@article{laks2015paradigmsk,
	author = {Laks, Lior and Cohen, Evan-Gary and Azulay-Amar, Stav},
	doi = {10.1016/j.lingua.2015.10.004},
	google_scholar_bibtex_export_key = {75ffUggmXVwJ},
	journal = {Lingua},
	pages = {1--22},
	publisher = {Elsevier},
	title = {Paradigm uniformity and the locus of derivation: {{T}}he case of vowel epenthesis in {{Hebrew}} verbs},
	volume = {170},
	year = {2016},
}

@article{laks1995connectionistsk,
	author = {Laks, Bernard},
	google_scholar_bibtex_export_key = {s4zvZZDLSx8J},
	journal = {Lingua},
	number = {1},
	pages = {51--76},
	publisher = {Elsevier},
	tags = {Syllabification;NAP\_paper;Connectionism/ NN},
	title = {A connectionist account of {{French}} syllabification},
	volume = {95},
	year = {1995},
}

@article{krishnan2005encoding,
	author = {Krishnan, Ananthanarayan and Xu, Yisheng and Gandour, Jackson and Cariani, Peter},
	google_scholar_bibtex_export_key = {I\_4oOavwrYQJ},
	journal = {Cognitive Brain Research},
	number = {1},
	pages = {161--168},
	publisher = {Elsevier},
	tags = {Response Tasks;Neuro;Pitch/ f0;Perceptual Phon;Lexical Tone/ Pitch Accent},
	title = {Encoding of pitch in the human brainstem is sensitive to language experience},
	volume = {25},
	year = {2005},
}

@article{kreitman2010mixed,
	author = {Kreitman, Rina},
	endnote_reference_number = {7},
	google_scholar_bibtex_export_key = {7VSsgEJ9JNkJ},
	journal = {Laboratory Phonology},
	pages = {169--200},
	publisher = {Walter de Gruyter},
	title = {Mixed voicing word-initial onset clusters},
	volume = {10},
    doi = {10.1515/9783110224917.2.169},
	year = {2010},
}

@article{kotz2018evolution,
	author = {Kotz, Sonja A. and Ravignani, Andrea and Fitch, William T.},
	doi = {10.1016/j.tics.2018.08.002},
	journal = {Trends in Cognitive Sciences},
	number = {10},
	pages = {896--910},
	publisher = {Elsevier},
	tags = {Rhythm},
	title = {The evolution of rhythm processing},
	volume = {22},
	year = {2018},
}

@article{koppl1997phasesk,
	author = {Köppl, Christine},
	doi = {10.1523/JNEUROSCI.17-09-03312.1997},
	gca_id = {jneuro;17/9/3312},
	journal = {Journal of Neuroscience},
	number = {9},
	pages = {3312--3321},
	publisher = {Society for Neuroscience},
	pubmedid = {9096164},
	sortname = {Koppl, Christine},
	title = {Phase Locking to High Frequencies in the Auditory Nerve and Cochlear Nucleus Magnocellularis of the Barn Owl, {Tyto} alba},
	volume = {17},
	year = {1997},
}

@article{koppl1997phase,
	author = {Köppl, Christine},
	doi = {10.1523/JNEUROSCI.17-09-03312.1997},
	gca_id = {jneuro;17/9/3312},
	journal = {Journal of Neuroscience},
	number = {9},
	pages = {3312--3321},
	publisher = {Society for Neuroscience},
	pubmedid = {9096164},
	sortname = {Koppl, Christine},
	title = {Phase Locking to High Frequencies in the Auditory Nerve and Cochlear Nucleus Magnocellularis of the Barn Owl, Tyto alba},
	volume = {17},
	year = {1997},
}

@article{klatt1979speech,
	author = {Klatt, Dennis H.},
	doi = {10.1016/S0095-4470(19)31059-9},
	journal = {Journal of Phonetics},
	number = {3},
	pages = {279--312},
	publisher = {Elsevier},
	title = {Speech perception: {{A}} model of acoustic--phonetic analysis and lexical access},
	volume = {7},
	year = {1979},
}

@article{kiparsky1979metrical,
	author = {Kiparsky, Paul},
	journal = {Linguistic Inquiry},
	number = {3},
	pages = {421--441},
	publisher = {JSTOR},
	tags = {Sonority;NAP\_paper},
	title = {Metrical structure assignment is cyclic},
	volume = {10},
	year = {1979},
}

@article{kenstowicz1997quality,
	author = {Kenstowicz, Michael J.},
	journal = {Rivista di linguistica},
	pages = {157--188},
	tags = {NAP\_paper},
	title = {Quality-sensitive stress},
	volume = {9},
	year = {1997},
}

@article{keitel2018perceptually,
	author = {Keitel, Anne and Gross, Joachim and Kayser, Christoph},
	journal = {PLoS Biology},
	number = {3},
	pages = {e2004473},
	publisher = {Public Library of Science},
	title = {Perceptually relevant speech tracking in auditory and motor cortex reflects distinct linguistic features},
	volume = {16},
	year = {2018},
}

@article{keitel2017auditory,
	author = {Keitel, Anne and Ince, Robin A.A. and Gross, Joachim and Kayser, Christoph},
	doi = {10.1016/j.neuroimage.2016.11.062},
	journal = {NeuroImage},
	pages = {32--42},
	publisher = {Elsevier},
	title = {Auditory cortical delta-entrainment interacts with oscillatory power in multiple fronto-parietal networks},
	volume = {147},
	year = {2017},
}

@article{karlin2014articulatorysk,
	author = {Karlin, Robin},
	journal = {Cornell Working Papers in Phonetics and Phonology},
	pages = {124--149},
	tags = {Articulatory Phon;NAP\_paper;Production Tasks;Lexical Tone/ Pitch Accent},
	title = {The Articulatory {{TBU}}: {{G}}estural Coordination of Lexical Tone in {{Thai}}},
	volume = {\biberror{no volume}},
	year = {2014},
}

@article{jarosz2017inputsk,
	author = {Jarosz, Gaja and Calamaro, Shira and Zentz, Jason},
	journal = {Language Acquisition},
	number = {4},
	pages = {361--399},
	publisher = {Taylor \& Francis},
	title = {Input frequency and the acquisition of syllable structure in {{Polish}}},
	volume = {24},
	year = {2017},
}

@article{ito1989prosodic,
	author = {It{\^o}, Junko},
	journal = {Natural Language \& Linguistic Theory},
	number = {2},
	pages = {217--259},
	publisher = {Springer},
	sortname = {It{o}, Junko},
	tags = {NAP\_paper},
	title = {A prosodic theory of epenthesis},
	volume = {7},
	year = {1989},
}

@article{inbar2020sequencessk,
	author = {Inbar, Maya and Grossman, Eitan and Landau, Ayelet N.},
	doi = {10.1038/s41598-020-72739-4},
	journal = {Scientific {Reports}},
	number = {1},
	pages = {1--9},
	publisher = {Nature Publishing Group},
	title = {Sequences of {Intonation Units} form a \textasciitilde 1 {Hz} rhythm},
	volume = {10},
	year = {2020},
}

@article{inbar2020sequences,
	author = {Inbar, Maya and Grossman, Eitan and Landau, Ayelet N.},
	doi = {10.1038/s41598-020-72739-4},
	journal = {Scientific reports},
	number = {1},
	pages = {1--9},
	publisher = {Nature Publishing Group},
	title = {Sequences of Intonation Units form a ~1 Hz rhythm},
	volume = {10},
	year = {2020},
}

@article{howe2004harmonic,
	author = {Howe, Darin and Pulleyblank, Douglas George},
	google_scholar_bibtex_export_key = {ngi8Cc4ppuYJ},
	journal = {The Canadian Journal of Linguistics/La revue canadienne de linguistique},
	number = {1},
	pages = {1--49},
	publisher = {Cambridge University Press},
	title = {Harmonic scales as faithfulness},
	volume = {49},
	year = {2004},
}

@article{hock2003dynamical,
	author = {Hock, Howard S. and Schöner, Gregor and Giese, Martin},
	doi = {10.3758/BF03194574},
	journal = {Perception \& Psychophysics},
	number = {3},
	pages = {429--457},
	publisher = {Springer},
	sortname = {Hock, Howard S. and Schoner, Gregor and Giese, Martin},
	title = {The dynamical foundations of motion pattern formation: {{S}}tability, selective adaptation, and perceptual continuity},
	volume = {65},
	year = {2003},
}

@article{hirsh1959auditory,
	author = {Hirsh, Ira J.},
	doi = {10.1121/1.1907782},
	journal = {The Journal of the Acoustical Society of America},
	number = {6},
	pages = {759--767},
	publisher = {Acoustical Society of America ASA},
	tags = {Repetitive patterns},
	title = {Auditory Perception of Temporal Order},
	volume = {31},
	year = {1959},
}

@article{heselwood1998unusual,
	author = {Heselwood, Barry},
	google_scholar_bibtex_export_key = {8T-hjCNg2uEJ},
	journal = {{Working Papers in Linguistics and Phonetics}},
	pages = {68--80},
	publisher = {University of Leeds Leeds},
	tags = {Sonority;NAP\_paper},
	title = {An unusual kind of sonority and its implications for phonetic theory},
	volume = {6},
	year = {1998},
}

@article{hermes2017variabilitysk,
	author = {Hermes, Anne and Mücke, Doris and Auris, Bastian},
	doi = {10.1016/j.wocn.2017.05.004},
	google_scholar_bibtex_export_key = {kWlm1cKxUf4J},
	journal = {Journal of Phonetics},
	pages = {127-144},
	sortname = {Hermes, Anne and Mucke, Doris and Auris, Bastian},
	title = {The variability of syllable patterns in {{Tashlhiyt} {Berber} and {Polish}}},
	volume = {64},
	year = {2017},
}

@article{hermes2013phonologysk,
	author = {Hermes, Anne and Mücke, Doris and Grice, Martine},
	doi = {10.1017/s095267571300002x},
	journal = {Phonology},
	number = {1},
	pages = {1--25},
	publisher = {Cambridge University Press (CUP)},
	sortname = {Hermes, Anne and Mucke, Doris and Grice, Martine},
	tags = {Sonority;S Clusters;Phonotactics;Articulatory Phon;s-clusters;Prosody;Elicitation Tasks},
	title = {Gestural coordination of {{Italian}} word-initial clusters: {{T}}he case of “impure s”},
	volume = {30},
	year = {2013},
}

@article{hellman1972asymmetry,
	author = {Hellman, Rhona P.},
	journal = {Perception \& Psychophysics},
	number = {3},
	pages = {241--246},
	publisher = {Springer},
	tags = {Loudness/ Intensity;NAP\_paper},
	title = {Asymmetry of masking between noise and tone},
	volume = {11},
	year = {1972},
}

@article{hayes2008maximum,
	author = {Hayes, Bruce and Wilson, Colin},
	journal = {Linguistic Inquiry},
	number = {3},
	pages = {379--440},
	publisher = {MIT Press},
	tags = {NAP\_Berent},
	title = {A maximum entropy model of phonotactics and phonotactic learning},
	volume = {39},
	year = {2008},
}

@article{hayes1989compensatory,
	author = {Hayes, Bruce},
	journal = {Linguistic Inquiry},
	number = {2},
	pages = {253--306},
	publisher = {MIT press},
	tags = {NAP\_paper},
	title = {Compensatory lengthening in Moraic phonology},
	volume = {20},
	year = {1989},
}

@article{harnad1990symbol,
	author = {Harnad, Stevan},
	doi = {10.1016/0167-2789(90)90087-6},
	journal = {Physica D: Nonlinear Phenomena},
	number = {1-3},
	pages = {335--346},
	publisher = {North-Holland},
	title = {The symbol grounding problem},
	volume = {42},
	year = {1990},
}

@article{halle1954strategy,
	author = {Halle, Morris},
	journal = {Word},
	number = {2-3},
	pages = {197--209},
	publisher = {Taylor \& Francis},
	tags = {Continuity/Discreteness;NAP\_paper;Phonology},
	title = {The strategy of phonemics},
	volume = {10},
	year = {1954},
}

@article{haken1985theoretical,
	author = {Haken, Hermann and Kelso, J. A. Scott and Bunz, Heinz},
	google_scholar_bibtex_export_key = {YZBsRIzmD2UJ},
	journal = {Biological Cybernetics},
	number = {5},
	pages = {347--356},
	publisher = {Springer},
	title = {A theoretical model of phase transitions in human hand movements},
	volume = {51},
	year = {1985},
}

@article{haegens2018rhythmic,
	author = {Haegens, Saskia and Golumbic, Elana Zion},
	doi = {10.1016/j.neubiorev.2017.12.002},
	journal = {Neuroscience \& Biobehavioral Reviews},
	pages = {150--165},
	publisher = {Elsevier},
	tags = {Rhythm},
	title = {Rhythmic facilitation of sensory processing: {{A}} critical review},
	volume = {86},
	year = {2018},
}

@article{guttman1963lower,
	author = {Guttman, Newman and Julesz, Bela},
	doi = {10.1121/1.1918551},
	journal = {The Journal of the Acoustical Society of America},
	number = {4},
	pages = {610},
	publisher = {Acoustical Society of AmericaASA},
	title = {Lower Limits of Auditory Periodicity Analysis},
	volume = {35},
	year = {1963},
}

@article{gross2013speech,
	author = {Gross, Joachim and Hoogenboom, Nienke and Thut, Gregor and Schyns, Philippe and Panzeri, Stefano and Belin, Pascal and Garrod, Simon},
	doi = {10.1371/journal.pbio.1001752},
	journal = {PLoS Biology},
	number = {12},
	pages = {e1001752},
	publisher = {Public Library of Science San Francisco, USA},
	title = {Speech rhythms and multiplexed oscillatory sensory coding in the human brain},
	volume = {11},
	year = {2013},
}

@article{greenberg2003temporal,
	author = {Greenberg, Steven and Carvey, Hannah and Hitchcock, Leah and Chang, Shuangyu},
	journal = {Journal of Phonetics},
	number = {3-4},
	pages = {465--485},
	publisher = {Elsevier},
	tags = {NAP\_paper;ghitza2011linking},
	title = {Temporal properties of spontaneous speech: {A} syllable-centric perspective},
	volume = {31},
	year = {2003},
}

@incollection{grabe2002durational,
    address = {Berlin, New York},
    publisher = {De Gruyter Mouton},
	author = {Grabe, Esther and Low, Ee Ling},
	booktitle = {Laboratory Phonology},
	volume = {7},
	pages = {515-546},
	title = {Durational variability in speech and the rhythm class hypothesis},
	editor = {Carlos Gussenhoven and Natasha Warner},
	year = {2002},
	doi = {10.1515/9783110197105.2.515}
}

@article{gouskova2013nonce,
	author = {Gouskova, Maria and Becker, Michael},
	journal = {Natural Language \& Linguistic Theory},
	number = {3},
	pages = {735--765},
	publisher = {Springer},
	title = {Nonce words show that {Russian} yer alternations are governed by the grammar},
	volume = {31},
	year = {2013},
}

@article{goswami2013speech,
	author = {Goswami, Usha and Leong, Victoria},
	journal = {Laboratory Phonology},
	doi = {10.1515/lp-2013-0004},
	number = {1},
	pages = {67--92},
	publisher = {De Gruyter},
	tags = {PCCM6},
	title = {Speech rhythm and temporal structure: {{C}}onverging perspectives?},
	volume = {4},
	year = {2013},
}

@article{gomez2014language,
	author = {Gómez, David Maximiliano and Berent, Iris and Benavides-Varela, Silvia and Bion, Ricardo A. H. and Cattarossi, Luigi and Nespor, Marina and Mehler, Jacques},
	doi = {10.1073/pnas.1318261111},
	gca_id = {pnas;111/16/5837},
	journal = {Proceedings of the National Academy of Sciences},
	medium_consulted = {Web},
	number = {16},
	pages = {5837--5841},
	pnasid = {pnas;111/16/5837},
	publisher = {National Academy of Sciences},
	pubmedid = {24706790},
	sortname = {G{o}mez, David Maximiliano and Berent, Iris and Benavides-Varela, Silvia and Bion, Ricardo A. H. and Cattarossi, Luigi and Nespor, Marina and Mehler, Jacques},
	tags = {Phonotactics;Sonority;Neuro;NAP\_Berent},
	title = {Language universals at birth},
	volume = {111},
	year = {2014},
}

@incollection{goldstein2009coupled,
	author = {Goldstein, Louis and Nam, Hosung and Saltzman, Elliot and Chitoran, Ioana},
	google_scholar_bibtex_export_key = {wg\_xzoK5al4J},
	booktitle = {Frontiers in phonetics and speech science},
	pages = {239--250},
	publisher = {The Commercial Press},
	location = {Beijing},
	title = {Coupled oscillator planning model of speech timing and syllable structure},
	editor = {Fant, C. and Gunnar, M. and Fujisaki, Hiroya and Shen, Jiaxuan},
	year = {2009},
}

@article{ghitza2017acoustic,
	author = {Ghitza, Oded},
	doi = {10.1080/23273798.2016.1232419},
	journal = {Language, Cognition and Neuroscience},
	number = {5},
	pages = {545--561},
	publisher = {Taylor \& Francis},
	title = {Acoustic-driven delta rhythms as prosodic markers},
	volume = {32},
	year = {2017},
}

@article{ghitza2013theta,
	author = {Ghitza, Oded},
	google_scholar_bibtex_export_key = {sbtIAAWeDA0J},
	journal = {Frontiers in Psychology},
	pages = {138},
	publisher = {Frontiers},
	title = {The theta-syllable: {{A}} unit of speech information defined by cortical function},
	volume = {4},
	year = {2013},
}

@article{gafter2019modernsk,
	author = {Gafter, Roey J.},
	journal = {Brill's Journal of Afroasiatic Languages and Linguistics},
	number = {1},
	pages = {226--242},
	publisher = {Brill},
    doi = {10.1163/18776930-01101014},
	title = {{Modern {Hebrew}} Sociophonetics},
	volume = {11},
	year = {2019},
}

@article{gafosbenus2006dynamics,
	author = {Gafos, Adamantios I. and Štefan Beňuš},
	google_scholar_bibtex_export_key = {oFvUxsrksg4J},
	journal = {Cognitive Science},
	number = {5},
	pages = {905--943},
	publisher = {Wiley Online Library},
	title = {Dynamics of phonological cognition},
	volume = {30},
	year = {2006},
}

@article{gafos2014stochastic,
	author = {Gafos, Adamantios I. and Charlow, Simon and Shaw, Jason A. and Hoole, Philip},
	doi = {10.1016/j.wocn.2013.11.007},
	journal = {Journal of Phonetics},
	number = {1},
	pages = {152--166},
	tags = {NAP\_paper},
	title = {Stochastic time analysis of syllable-referential intervals and simplex onsets},
	volume = {44},
	year = {2014},
}

@article{gafos2006dynamics,
	author = {Gafos, Adamantios I.},
	google_scholar_bibtex_export_key = {uPenYgyc6eMJ},
	journal = {Laboratory Phonology},
    doi = {10.1515/9783110197211.1.51},
	pages = {51--79},
	title = {Dynamics in grammar: {{C}}omment on {Ladd and Ernestus \& Baayen}},
	volume = {8},
	year = {2006},
}

@article{fyk1987duration,
	author = {Fyk, Janina},
	journal = {Bulletin of the Council for Research in Music Education},
	pages = {38--44},
	title = {Duration of tones required for satisfactory precision of pitch matching},
	volume = {91},
	year = {1987},
}

@article{futrell2017generative,
	author = {Futrell, Richard and Albright, Adam and Graff, Peter and O'Donnell, Timothy J.},
	journal = {Transactions of the Association for Computational Linguistics},
	pages = {73--86},
	publisher = {MIT Press},
	sortname = {Futrell, Richard and Albright, Adam and Graff, Peter and O'Donnell, Timothy J.},
	title = {A generative model of phonotactics},
	volume = {5},
	year = {2017},
}

@article{fujimura1978perception,
	author = {Fujimura, Osamu and Macchi, Marian J. and Streeter, Lynn A.},
	doi = {10.1177/002383097802100408},
	google_scholar_bibtex_export_key = {fadjkcd2cAIJ},
	journal = {Language and Speech},
	number = {4},
	pages = {337--346},
	publisher = {SAGE Publications},
	tags = {Perception Tasks;Prosody;Acoustic Phonetics;Stops},
	title = {Perception of stop consonants with conflicting transitional cues: {{A}} cross-linguistic study},
	volume = {21},
	year = {1978},
}

@article{fujimura1975syllable,
	author = {Fujimura, Osamu},
	google_scholar_bibtex_export_key = {i3jXQvKKyQoJ},
	journal = {IEEE Transactions on Acoustics, Speech, and Signal Processing},
	number = {1},
	pages = {82--87},
	publisher = {IEEE},
	tags = {Syllabification;Sonority;NAP\_paper},
	title = {Syllable as a unit of speech recognition},
	volume = {23},
	year = {1975},
}

@article{fudge1969syllables,
	author = {Fudge, Erik C.},
	google_scholar_bibtex_export_key = {E7xKMNhdLHAJ},
	journal = {Journal of Linguistics},
	number = {2},
	pages = {253--286},
	publisher = {Cambridge Univ Press},
	title = {Syllables},
	volume = {5},
	year = {1969},
}

@article{frisch2001psychologicalsk,
	author = {Frisch, Stefan A. and Zawaydeh, Bushra Adnan},
	google_scholar_bibtex_export_key = {QEkVQJR7GakJ},
	journal = {Language},
	pages = {91--106},
	tags = {Perception Tasks;NAP\_Berent;Phonotactics;Segmantal Phonology},
	title = {The psychological reality of {{OCP}-Place} in {{Arabic}}},
	volume = {77},
	number = {1},
	year = {2001},
}

@article{fraisse1984perception,
	author = {Fraisse, Paul},
	journal = {Annual Review of Psychology},
	number = {1},
	pages = {1--37},
	publisher = {Annual Reviews 4139 El Camino Way, PO Box 10139, Palo Alto, CA 94303-0139, USA},
	tags = {Time},
	title = {Perception and estimation of time},
	volume = {35},
	year = {1984},
}

@article{fowler1986event,
	author = {Fowler, Carol A.},
	doi = {10.1016/S0095-4470(19)30607-2},
	journal = {Journal of Phonetics},
	number = {1},
	pages = {3--28},
	publisher = {Elsevier},
	title = {An event approach to the study of speech perception from a direct--realist perspective},
	volume = {14},
	year = {1986},
}

@article{fowler1980coarticulation,
	author = {Fowler, Carol A.},
	doi = {10.1016/S0095-4470(19)31446-9},
	journal = {Journal of Phonetics},
	number = {1},
	pages = {113--133},
	publisher = {Academic Press},
	title = {Coarticulation and theories of extrinsic timing},
	volume = {8},
	year = {1980},
}

@article{fodor1988connectionism,
	author = {Fodor, Jerry A. and Pylyshyn, Zenon W.},
	journal = {Cognition},
	number = {1–2},
	pages = {3--71},
	publisher = {Elsevier},
	title = {Connectionism and cognitive architecture: {{A}} critical analysis},
	volume = {28},
	year = {1988},
}

@article{fletcher1933loudness,
	author = {Fletcher, Harvey and Munson, Wilden A.},
	endnote_reference_number = {27},
	google_scholar_bibtex_export_key = {4vOJfTzzBl8J},
	journal = {Bell System Technical Journal},
	number = {4},
	pages = {377--430},
	publisher = {Wiley Online Library},
    doi = {10.1002/j.1538-7305.1933.tb00403.x},
    title = {Loudness, Its Definition, Measurement and Calculation},
	volume = {12},
	year = {1933},
}

@article{flanagan1960pitch,
	author = {Flanagan, James L. and Guttman, Newman},
	doi = {10.1121/1.1907900},
	journal = {The Journal of the Acoustical Society of America},
	number = {10},
	pages = {1308--1319},
	publisher = {Acoustical Society of America},
	title = {On the pitch of periodic pulses},
	volume = {32},
	year = {1960},
}

@article{fellman1973concerningsk,
	author = {Fellman, Jack},
	journal = {Anthropological Linguistics},
	pages = {250--257},
	title = {Concerning the “Revival” of the {{Hebrew}} Language},
	url = {https://www.jstor.org/stable/30029347},
	volume = {15},
	number = {5},
	year = {1973},
}

@article{faust2019gutturalssk,
	author = {Faust, Noam},
	journal = {Brill's Journal of Afroasiatic Languages and Linguistics},
	number = {1},
	pages = {162--181},
	publisher = {Brill},
	title = {Gutturals in General {{Israeli} {Hebrew}}},
    doi = {10.1163/18776930-01101011},
	volume = {11},
	year = {2019},
}

@article{faust2015novelsk,
	author = {Faust, Noam},
	doi = {10.1093/jss/fgv001},
	journal = {Journal of Semitic Studies},
	number = {2},
	pages = {287--316},
	publisher = {Oxford University Press},
	title = {A novel, combined approach to {{Semitic}} word-formation},
	volume = {60},
	year = {2015},
}

@article{faust2014wheresk,
	author = {Faust, Noam},
	doi = {10.1016/j.lingua.2014.08.001},
	journal = {Lingua},
	pages = {315--331},
	publisher = {North-Holland},
	title = {Where it's [at]: {{A}} phonological effect of phasal boundaries in the construct state of {Modern {Hebrew}}},
	volume = {150},
	year = {2014},
}

@article{farbood2013temporal,
	author = {Farbood, Morwaread Mary and Marcus, Gary and Poeppel, David},
	doi = {10.1037/a0031087},
	journal = {Journal of Experimental Psychology: Human Perception and Performance},
	number = {4},
	pages = {911},
	publisher = {American Psychological Association},
	title = {Temporal dynamics and the identification of musical key.},
	volume = {39},
	year = {2013},
}

@article{fant2000source,
	author = {Fant, Gunnar and Kruckenberg, Anita and Liljencrants, Johan},
	google_scholar_bibtex_export_key = {MhjAGvC-3NsJ},
	journal = {Phonetica},
	number = {2-4},
	pages = {113--127},
	publisher = {Karger Publishers},
	tags = {Sonority;Articulatory Phon;NAP\_paper;Acoustic Phonetics;Perceptual Phon;Hyperarticulation;Prominence;Phonation/ Voicing},
	title = {The source-filter frame of prominence},
	volume = {57},
	year = {2000},
}

@article{efron1973conversation,
	author = {Efron, Robert},
	doi = {10.3758/BF03211193},
	journal = {Perception \& Psychophysics},
	number = {3},
	organization = {Neurophysiology-Biophysics Research Laboratory, Veterans Administration Hospital, Martinez},
	pages = {518--530},
	publisher = {Springer},
	tags = {Repetitive patterns},
	title = {Conservation of temporal information by perceptual systems},
	volume = {14},
	year = {1973},
}

@article{dupoux1999epentheticsk,
	author = {Dupoux, Emmanuel and Kakehi, Kazuhiko and Hirose, Yuki and Pallier, Christophe and Mehler, Jacques},
	doi = {10.1037/0096-1523.25.6.1568},
	google_scholar_bibtex_export_key = {DZfplcGKkYcJ},
	journal = {Journal of Experimental Psychology: Human Perception and Performance},
	number = {6},
	pages = {1568--1578},
	publisher = {American Psychological Association},
	tags = {Perception Tasks;Vowels;Phonotactics;Prosody},
	title = {Epenthetic vowels in {{Japanese}}: {{A}} perceptual illusion?},
	volume = {25},
	year = {1999},
}

@article{ding2017temporal,
	author = {Ding, Nai and Patel, Aniruddh D. and Chen, Lin and Butler, Henry and Luo, Cheng and Poeppel, David},
	doi = {10.1016/j.neubiorev.2017.02.011},
	journal = {Neuroscience \& Biobehavioral Reviews},
	pages = {181--187},
	publisher = {Elsevier},
	title = {Temporal modulations in speech and music},
	volume = {81},
	year = {2017},
}

@article{ding2014robust,
	author = {Ding, Nai and Chatterjee, Monita and Simon, Jonathan Z.},
	doi = {10.1016/j.neuroimage.2013.10.054},
	journal = {NeuroImage},
	pages = {41--46},
	publisher = {Elsevier},
	title = {Robust cortical entrainment to the speech envelope relies on the spectro-temporal fine structure},
	volume = {88},
	year = {2014},
}

@article{deshmukh2005use,
	author = {Deshmukh, Om and Espy-Wilson, Carol Y. and Salomon, Ariel and Singh, Jawahar},
	endnote_reference_number = {11},
	google_scholar_bibtex_export_key = {praHFeX5GtEJ},
	journal = {IEEE Transactions on Speech and Audio Processing},
    doi = {10.1109/TSA.2005.851910},
	number = {5},
	pages = {776--786},
	publisher = {IEEE},
	tags = {Pitch/ f0;NAP\_paper;Acoustic Phonetics;Speech Analysis;Phonation/ Voicing},
	title = {Use of temporal information: {{D}}etection of periodicity, aperiodicity, and pitch in speech},
	volume = {13},
	year = {2005},
}

@article{davidson2012sources,
	author = {Davidson, Lisa and Shaw, Jason A.},
	doi = {10.1016/j.wocn.2011.11.005},
	journal = {Journal of Phonetics},
	number = {2},
	pages = {234--248},
	title = {Sources of illusion in consonant cluster perception},
	volume = {40},
	year = {2012},
}

@article{davidson2010phoneticsk,
	author = {Davidson, Lisa},
	google_scholar_bibtex_export_key = {Cwss\_lbzuykJ},
	journal = {Journal of Phonetics},
	number = {2},
	pages = {272--288},
	publisher = {Elsevier},
	title = {Phonetic bases of similarities in cross-language production: {{{E}}}vidence from {{E}nglish and {Catalan}}},
	volume = {38},
	year = {2010},
}

@article{dauer1983stress,
	author = {Dauer, Rebecca M.},
	journal = {Journal of Phonetics},
	doi = {10.1016/S0095-4470(19)30776-4},
	number = {1},
	pages = {51--62},
	publisher = {Elsevier},
	tags = {Time},
	title = {Stress-timing and syllable-timing reanalyzed},
	volume = {11},
	year = {1983},
}

@article{daland2011explaining,
	author = {Daland, Robert and Hayes, Bruce and White, James and Garellek, Marc and Davis, Andrea and Norrmann, Ingrid},
	doi = {10.1017/s0952675711000145},
	journal = {Phonology},
	number = {2},
	pages = {197--234},
	publisher = {Cambridge University Press},
	tags = {Computation;Perception Tasks;Sonority;NAP\_Berent;Phonotactics;Prosody},
	title = {Explaining sonority projection effects},
	volume = {28},
	year = {2011},
}

@article{cutler1997prosody,
	author = {Cutler, Anne and Dahan, Delphine and Van Donselaar, Wilma},
	journal = {Language and Speech},
	number = {2},
	pages = {141--201},
	publisher = {SAGE Publications Sage UK: London, England},
	tags = {newly added},
	title = {Prosody in the comprehension of spoken language: {{A}} literature review},
	volume = {40},
	year = {1997},
}

@article{cummins2012oscillators,
	author = {Cummins, Fred},
	doi = {10.3389/fpsyg.2012.00364},
	journal = {Frontiers in Psychology},
	pages = {364},
	publisher = {Frontiers},
	title = {Oscillators and syllables: {{A}} cautionary note},
	volume = {3},
	year = {2012},
}

@article{cummins2009rhythm,
	author = {Cummins, Fred},
	doi = {10.1159/000208928},
	journal = {Phonetica},
	number = {1–2},
	pages = {15--28},
	publisher = {Karger Publishers},
	tags = {Rhythm},
	title = {Rhythm as an affordance for the entrainment of movement},
	volume = {66},
	year = {2009},
}

@article{cohen2015syllablesk,
	author = {Cohen-Gross, Dalia},
	doi = {10.1353/hbr.2015.0000},
	journal = {Hebrew Studies},
	pages = {175--190},
	publisher = {JSTOR},
	title = {The syllable structure in the {Modern {Hebrew}} noun and adjective system},
	volume = {56},
	year = {2015},
}

@inbook{clements1990role,
	Address = {Cambridge},
	Author = {Clements, George N.},
	Booktitle = {Papers in Laboratory Phonology I: Between the Grammar and the Physics of Speech},
	Citation_Identifier = {Clements 1990},
	Editor = {Kingston, John and Beckman, Mary E.},
	Endnote_Reference_Number = {5},
	Google_Scholar_Bibtex_Export_Key = {M6cGqVdmfdoJ},
	Pages = {283-333},
	Publicationstatus = {Published},
	Publisher = {Cambridge University Press},
	Title = {The role of the sonority cycle in core syllabification},
	Year = {1990}}


@article{chomsky2021simplicity,
	author = {Chomsky, Noam},
	journal = {Journal of Language Modelling},
	doi = {10.15398/jlm.v9i1.257},
	number = {1},
	pages = {5-15},
	title = {Simplicity and the form of grammars},
	volume = {9},
	year = {2021},
}

@article{chandrasekaran2009natural,
	author = {Chandrasekaran, Chandramouli and Trubanova, Andrea and Stillittano, Sébastien and Caplier, Alice and Ghazanfar, Asif A.},
	doi = {10.1371/journal.pcbi.1000436},
	journal = {PLoS Computational Biology},
	number = {7},
	pages = {e1000436},
	publisher = {Public Library of Science San Francisco, USA},
	sortname = {Chandrasekaran, Chandramouli and Trubanova, Andrea and Stillittano, S{e}bastien and Caplier, Alice and Ghazanfar, Asif A.},
	title = {The natural statistics of audiovisual speech},
	volume = {5},
	year = {2009},
}

@article{case1995evaluation,
	author = {Case, Pamela and Tuller, Betty and Ding, Mingzhou and Kelso, J. A. Scott},
	google_scholar_bibtex_export_key = {tpV3v1Lb5xQJ},
	journal = {Attention, Perception, \& Psychophysics},
	number = {7},
	pages = {977--988},
	publisher = {Springer},
	tags = {Perceptual Phon;Dynamical Systems},
	title = {Evaluation of a dynamical model of speech perception},
	volume = {57},
	year = {1995},
}

@article{cariani2001symbols,
	author = {Cariani, Peter},
	doi = {10.1016/S0303-2647(01)00108-3},
	journal = {Biosystems},
	number = {1-3},
	pages = {59--83},
	publisher = {Elsevier},
	title = {Symbols and dynamics in the brain},
	volume = {60},
	year = {2001},
}

@article{cairns1982markedness,
	author = {Cairns, Charles E. and Feinstein, Mark H.},
	journal = {Linguistic Inquiry},
	pages = {193--225},
	publisher = {JSTOR},
	tags = {NAP\_paper},
	title = {Markedness and the theory of syllable structure},
	volume = {13},
	number = {2},
	year = {1982},
}

@article{browman1992articulatorysk,
	author = {Browman, Catherine P. and Goldstein, Louis},
	endnote_reference_number = {3},
	google_scholar_bibtex_export_key = {sLYnLlX610kJ},
	journal = {Phonetica},
	number = {3-4},
	pages = {155--180},
	publisher = {Karger Publishers},
	tags = {Phonotactics;NAP\_paper;Articulatory Phon;Prosody;Segmantal Phonology},
	title = {Articulatory {Phonology}: {{A}}n overview},
	volume = {49},
	year = {1992},
}

@article{broadbent1959auditory,
	author = {Broadbent, Donald E. and Ladefoged, Peter},
	doi = {10.1121/1.1907662},
	journal = {The Journal of the Acoustical Society of America},
	number = {11},
	pages = {1539},
	publisher = {Acoustical Society of America ASA},
	tags = {Repetitive patterns},
	title = {Auditory Perception of Temporal Order},
	volume = {31},
	year = {1959},
}

@article{bolozky2009colloquialsk,
	author = {Bolozky, Shmuel},
	google_scholar_bibtex_export_key = {BPZVle6TCcUJ},
	journal = {Language Sciences},
	number = {2},
	pages = {136--143},
	publisher = {Elsevier},
	title = {Colloquial {{Hebrew}} imperatives revisited},
	volume = {31},
	year = {2009},
}

@article{bolozky2006notesk,
	author = {Bolozky, Shmuel},
	doi = {10.1353/hbr.2006.0017},
	journal = {Hebrew Studies},
	number = {1},
	pages = {227--235},
	publisher = {National Association of Professors of Hebrew},
	title = {A note on initial consonant clusters in {{Israeli} {Hebrew}}},
	volume = {47},
	year = {2006},
}

@article{blanc1957hebrewsk,
	author = {Blanc, Haim},
	journal = {Middle East Journal},
	number = {4},
	pages = {397--409},
	publisher = {JSTOR},
	title = {{Hebrew} in {{Israel}}: {{T}}rends and problems},
	url = {https://www.jstor.org/stable/4322951},
	volume = {11},
	year = {1957},
}

@article{bidelman2009neural,
	author = {Bidelman, Gavin M. and Krishnan, Ananthanarayan},
	google_scholar_bibtex_export_key = {uVZR84YQT8IJ},
	journal = {The Journal of Neuroscience},
	number = {42},
	pages = {13165--13171},
	publisher = {Soc Neuroscience},
	tags = {Neuro;Pitch/ f0;Perceptual Phon;Lexical Tone/ Pitch Accent},
	title = {Neural correlates of consonance, dissonance, and the hierarchy of musical pitch in the human brainstem},
	volume = {29},
	year = {2009},
}

@article{berent2017origins,
	author = {Berent, Iris},
	journal = {Current Directions in Psychological Science},
	number = {2},
	pages = {132--139},
	publisher = {SAGE Publications Sage CA: Los Angeles, CA},
	tags = {Sonority;NAP\_Berent},
	title = {On the Origins of Phonology},
	doi = {10.1177/0963721416688891},
	volume = {26},
	year = {2017},
}

@article{berent2015role,
	author = {Berent, Iris and Brem, Anna-Katharine and Zhao, Xu and Seligson, Erica and Pan, Hong and Epstein, Jane and Stern, Emily and Galaburda, Albert M. and Pascual-Leone, Alvaro},
	doi = {10.1073/pnas.1416851112},
	gca_id = {pnas;112/7/1983},
	journal = {Proceedings of the National Academy of Sciences},
	medium_consulted = {Web},
	number = {7},
	pages = {1983--1988},
	pnasid = {pnas;112/7/1983},
	publisher = {National Academy of Sciences},
	pubmedid = {25646465},
	tags = {Sonority;NAP\_Berent},
	title = {Role of the motor system in language knowledge},
	volume = {112},
	year = {2015},
}

@article{berent2014languagesk,
	author = {Berent, Iris and Pan, Hong and Zhao, Xu and Epstein, Jane and Bennett, Monica L. and Deshpande, Vibhas and Seethamraju, Ravi Teja and Stern, Emily},
	database = {Academic Search Complete},
	doi = {10.1371/journal.pone.0095155},
	ebscohost_accession = {95819646},
	journal = {PLoS ONE},
	number = {4},
	pages = {1--10},
	tags = {Sonority;NAP\_Berent},
	title = {Language Universals Engage {{Broca}'s} Area.},
	volume = {9},
	year = {2014},
}

@article{berent2013phnological,
	address = {England},
	author = {Berent, Iris and Vaknin-Nusbaum, Vered and Balaban, Evan and Galaburda, Albert M.},
	doi = {10.1080/02643294.2013.863182},
	journal = {Cognitive Neuropsychology},
	number = {5},
	pages = {285--310},
	pubmedid = {24344815},
	tags = {Sonority;NAP\_Berent},
	title = {Phonological generalizations in dyslexia: {{T}}he phonological grammar may not be impaired.},
	us_nlm_id = {8411889},
	volume = {30},
	year = {2013},
}

@article{berent2012universalsk,
	author = {Berent, Iris and Lennertz, Tracy and Rosselli, Monica},
	doi = {10.1075/ml.7.3.02ber},
	journal = {The Mental Lexicon},
	medium_consulted = {Web},
	number = {3},
	organization = {Florida Atlantic University},
	pages = {275--305},
	publisher = {John Benjamins},
	tags = {Sonority;NAP\_Berent},
	title = {Universal linguistic pressures and their solutions: {{{E}}}vidence from {{Spanish}}},
	volume = {7},
	year = {2012},
}

@article{berent2012language,
	author = {Berent, Iris and Lennertz, Tracy and Balaban, Evan},
	doi = {10.1177/0023830911417804},
	journal = {Language and Speech},
	number = {3},
	pages = {311--330},
	publisher = {NIH Public Access},
	pubmedid = {23094317},
	tags = {Sonority;NAP\_Berent},
	title = {Language universals and misidentification: {{A}} two way street},
	volume = {55},
	year = {2012},
}

@article{berent2010phonological,
	author = {Berent, Iris and Balaban, Evan and Lennertz, Tracy and Vaknin-Nusbaum, Vered},
	doi = {10.1037/a0020094},
	journal = {Journal of Experimental Psychology: General},
	medium_consulted = {Web},
	number = {3},
	pages = {418--435},
	publisher = {Journal of Experimental Psychology: General},
	pubmedid = {00004785-201007000-00003},
	tags = {Sonority;NAP\_Berent},
	title = {Phonological Universals Constrain the Processing of Nonspeech Stimuli},
	volume = {139},
	year = {2010},
}

@article{berent2009listeners,
	address = {England},
	author = {Berent, Iris and Lennertz, Tracy and Smolensky, Paul and Vaknin, Vered},
	doi = {10.1017/S0952675709001729},
	journal = {Phonology},
	number = {1},
	pages = {75--108},
	pmcid = {3160771},
	pubmedid = {21874095},
	tags = {Sonority;NAP\_Berent},
	title = {Listeners' knowledge of phonological universals: {{{E}}}vidence from nasal clusters},
	us_nlm_id = {101304023},
	volume = {26},
	year = {2009},
}

@article{berent2008language,
	author = {Berent, Iris and Lennertz, Tracy and Jun, Jongho and Moreno, Miguel A. and Smolensky, Paul},
	google_scholar_bibtex_export_key = {Eo-yaAdnW\_8J},
	journal = {Proceedings of the National Academy of Sciences},
	number = {14},
	pages = {5321--5325},
	publisher = {National Acad Sciences},
	tags = {Perception Tasks;Sonority;NAP\_Berent;Phonotactics;Auditory;Prosody;Perceptual Phon},
	title = {Language universals in human brains},
	doi = {10.1073/pnas.0801469105},
	volume = {105},
	year = {2008},
}

@article{berent2007we,
	author = {Berent, Iris and Steriade, Donca and Lennertz, Tracy and Vaknin, Vered},
	google_scholar_bibtex_export_key = {kcO\_YaUnFJQJ},
	journal = {Cognition},
	number = {3},
	pages = {591--630},
	publisher = {Elsevier},
	tags = {Response Tasks;Sonority;NAP\_Berent;Phonotactics;Auditory;Discrimination Tasks;Perceptual Phon},
	title = {What we know about what we have never heard: {{{E}}}vidence from perceptual illusions},
	volume = {104},
	year = {2007},
}

@article{benichov2016finding,
	author = {Benichov, Jonathan I. and Globerson, Eitan and Tchernichovski, Ofer},
	doi = {10.3389/fnhum.2016.00255},
	journal = {Frontiers in Human Neuroscience},
	number = {255},
	title = {Finding the beat: {{F}}rom socially coordinated vocalizations in songbirds to rhythmic entrainment in humans},
	volume = {10},
	year = {2016},
}

@article{batel2005phonologysk,
	author = {Bat-El, Outi},
	doi = {10.1017/s0952675705000515},
	journal = {Phonology},
	number = {2},
	pages = {115--143},
	publisher = {Cambridge University Press (CUP)},
	tags = {Optimality Theory;Prosody;Modern Heb},
	title = {The emergence of the trochaic foot in {{Hebrew}} hypocoristics},
	volume = {22},
	year = {2005},
}

@inbook{bat2008morphologicallysk,
	Address = {Amsterdam},
	Author = {Bat-El, Outi},
	Booktitle = {Current issues in generative Hebrew linguistics},
	Citation_Identifier = {BatEl 2008},
	Editor = {Armon-Lotem, Sharon and Rothstein, Susan and Danon, Gabi},
	Pages = {27-59},
	Publicationstatus = {Published},
	Publisher = {John Benjamins Publishing},
	Title = {Morphologically conditioned V--{\O} alternation in {Hebrew}},
	Year = {2008}}




@article{bat2002truesk,
	author = {Bat-El, Outi},
	google_scholar_bibtex_export_key = {nGlt6pRnFcQJ},
	journal = {Language},
	number = {4},
	pages = {651--683},
	publisher = {Linguistic Society of America},
	title = {True truncation in colloquial {{Hebrew}} imperatives},
	volume = {78},
	year = {2002},
}

@article{bat1996selectingsk,
	author = {Bat-El, Outi},
	google_scholar_bibtex_export_key = {l3AKnS0I\_78J},
    doi = {10.1017/S0952675700002657},
	journal = {Phonology},
	number = {3},
	pages = {283--328},
	publisher = {Cambridge Univ Press},
	tags = {Sonority;Optimality Theory;Morphology;NAP\_paper;Prosody;Modern Heb},
	title = {Selecting the best of the worst: {{T}}he grammar of {{Hebrew}} blends},
	volume = {13},
	year = {1996},
}

@article{bat1994stemsk,
	author = {Bat-El, Outi},
	google_scholar_bibtex_export_key = {r7opPG9MX68J},
	journal = {Natural Language \& Linguistic Theory},
	number = {4},
	pages = {571--596},
	publisher = {Springer},
	tags = {Morphology;Phonotactics;Prosody;Modern Heb;Segmantal Phonology},
	title = {Stem modification and cluster transfer in {Modern {Hebrew}}},
	volume = {12},
	year = {1994},
}

@article{barry1984place,
	author = {Barry, William J.},
	doi = {10.1121/1.391375},
	journal = {The Journal of the Acoustical Society of America},
	number = {4},
	pages = {1245--1247},
	publisher = {Acoustical Society of AmericaASA},
	title = {Place‐of‐articulation information in the closure voicing of plosives},
	volume = {76},
	year = {1984},
}

@article{baroni2014language,
	author = {Baroni, Antonio},
	doi = {10.1016/j.langsci.2014.06.004},
	journal = {Language Sciences},
	pages = {18--36},
	tags = {Sonority;Nasals;NAP\_paper},
	title = {On the importance of being noticed: {{T}}he role of acoustic salience in phonotactics (and casual speech)},
	volume = {46},
	year = {2014},
}

@article{barnes2012tonal,
	author = {Barnes, Jonathan and Veilleux, Nanette and Brugos, Alejna and Shattuck-Hufnagel, Stefanie},
	doi = {10.1515/lp-2012-0017},
	endnote_reference_number = {4},
	journal = {Laboratory Phonology},
	number = {2},
	pages = {337--383},
	publisher = {Walter de Gruyter GmbH},
	tags = {Pitch/ f0;NAP\_paper;Intonation;Elicitation Tasks},
	title = {Tonal Center of Gravity: {{A}} global approach to tonal implementation in a level-based intonational phonology},
	volume = {3},
	year = {2012},
}

@article{barkai1975phonological,
	author = {Barkai, Malachi},
	google_scholar_bibtex_export_key = {qWk4\_D2nc\_kJ},
	journal = {Lingua},
	number = {4},
	pages = {363--376},
	publisher = {Elsevier},
	title = {On phonological representations, rules, and opacity},
	volume = {37},
	year = {1975},
}

@article{bailey2001determinants,
	author = {Bailey, Todd M. and Hahn, Ulrike},
	journal = {Journal of Memory and Language},
	number = {4},
	pages = {568--591},
	publisher = {Elsevier},
	tags = {NAP\_Berent},
	title = {Determinants of wordlikeness: {{P}}honotactics or lexical neighborhoods?},
	volume = {44},
	year = {2001},
}

@article{attneave1971pitch,
	author = {Attneave, Fred and Olson, Richard K.},
	journal = {The American Journal of Psychology},
	pages = {147--166},
	publisher = {JSTOR},
	tags = {NAP\_paper},
	title = {Pitch as a medium: {{A}} new approach to psychophysical scaling},
	volume = {84},
	number = {2},
	year = {1971},
}

@article{asherov2019syllablesk,
	author = {Asherov, Daniel and Bat-El, Outi},
	doi = {10.1163/18776930-01101007},
	journal = {Brill's Journal of Afroasiatic Languages and Linguistics},
	number = {1},
	pages = {69--95},
	publisher = {Brill},
	title = {Syllable structure and complex onsets in {Modern {Hebrew}}},
	volume = {11},
	year = {2019},
}

@article{arvaniti2012usefulness,
	author = {Arvaniti, Amalia},
	doi = {10.1016/j.wocn.2012.02.003},
	journal = {Journal of Phonetics},
	number = {3},
	pages = {351--373},
	publisher = {Academic Press},
	tags = {Rhythm},
	title = {The usefulness of metrics in the quantification of speech rhythm},
	volume = {40},
	year = {2012},
}

@article{arvaniti2009rhythm,
	author = {Arvaniti, Amalia},
	doi = {10.1159/000208930},
	journal = {Phonetica},
	number = {1–2},
	pages = {46--63},
	publisher = {Karger Publishers},
	tags = {Rhythm},
	title = {Rhythm, timing and the timing of rhythm},
	volume = {66},
	year = {2009},
}

@article{arvaniti2006tonalsk,
	author = {Arvaniti, Amalia and Ladd, D. Robert and Mennen, Ineke},
	journal = {Language and Speech},
	number = {4},
	pages = {421--450},
	publisher = {SAGE Publications Sage UK: London, England},
	title = {Tonal association and tonal alignment: {{{E}}}vidence from {{Greek}} polar questions and contrastive statements},
	volume = {49},
	year = {2006},
}

@article{albright2009feature,
	author = {Albright, Adam},
	doi = {10.1017/s0952675709001705},
	journal = {Phonology},
	number = {1},
	pages = {9},
	publisher = {Cambridge University Press (CUP)},
	tags = {Perception Tasks;NAP\_Berent;Phonotactics;Segmantal Phonology},
	title = {Feature-based generalisation as a source of gradient acceptability},
	volume = {26},
	year = {2009},
}

@article{albertIPsonoritysk,
	author = {Albert, Aviad},
	journal = {Radical: A Journal of Phonology},
	pages = {531-594},
	title = {Sonority in {Modern {Hebrew}}},
	volume = {4},
	year = {2022},
	ids = {albertIPsonority,albert2022sonority}
}

@article{albert2022modeling,
	author = {Albert, Aviad and Nicenboim, Bruno},
	doi = {10.1111/cogs.13161},
	journal = {Cognitive Science},
	number = {7},
	pages = {e13161},
	publisher = {John Wiley \& Sons, Ltd},
	title = {Modeling Sonority in Terms of Pitch Intelligibility With the {Nucleus Attraction Principle}},
	volume = {46},
	year = {2022},
}

@article{albert2019statesk,
	author = {Albert, Aviad},
	doi = {10.1163/18776930-01101010},
	journal = {Brill's Journal of Afroasiatic Languages and Linguistics},
	number = {1},
	pages = {135--161},
	publisher = {Brill},
	title = {The state of stop--fricative alternation in {Modern {Hebrew}}},
	volume = {11},
	year = {2019},
}

@article{albert2013hebrewsk,
	author = {Albert, Aviad and MacWhinney, Brian and Nir, Bracha and Wintner, Shuly},
    doi = {10.1007/s10579-012-9214-z},
	journal = {Language Resources and Evaluation},
	number = {4},
	pages = {973--1005},
	publisher = {Springer},
	title = {The {{Hebrew} {CHILDES}} corpus: {{T}}ranscription and morphological analysis},
	volume = {47},
	year = {2013},
}

@article{SchielzethForstmeier2009,
	author = {Schielzeth, Holger and Forstmeier, Wolfgang},
	doi = {10.1093/beheco/arn145},
	journal = {Behavioral Ecology},
	number = {2},
	pages = {416--420},
	pmid = {19461866},
	title = {{Conclusions beyond support: {Overconfident} estimates in mixed models.}},
	volume = {20},
	year = {2009},
}

@article{Raczaszek2018language,
	author = {Rą\-cza\-szek-Le\-o\-nar\-di, Joanna and Nomikou, Iris and Rohlfing, Katharina J. and Deacon, Terrence W.},
	journal = {Ecological Psychology},
	number = {1},
	pages = {39--73},
	publisher = {Taylor \& Francis},
	sortname = {Raczaszek-Leonardi, Joanna and Nomikou, Iris and Rohlfing, Katharina J. and Deacon, Terrence W.},
	title = {Language development from an ecological perspective: {{{E}}}cologically valid ways to abstract symbols},
	volume = {30},
	year = {2018},
}

@article{R-loo_b,
	author = {Yuling Yao and Aki Vehtari and Daniel Simpson and Andrew Gelman},
	doi = {10.1214/17-BA1091},
	journal = {Bayesian Analysis},
	pages = {917-1007},
	title = {Using stacking to average {{Bayesian}} predictive distributions},
	volume = {13},
	number = {3},
	year = {2017},
}

@article{R-brms_b,
	author = {{Paul-Christian} Bürkner},
	encoding = {UTF-8},
	journal = {The R Journal},
	number = {1},
	pages = {395--411},
	sortname = {{Paul-Christian} Burkner},
	title = {Advanced {{Bayesian}} Multilevel Modeling with the {R} Package {brms}},
	volume = {10},
	year = {2018},
}

@article{R-brms_a,
	author = {{Paul-Christian} Bürkner},
	doi = {10.18637/jss.v080.i01},
	encoding = {UTF-8},
	journal = {Journal of Statistical Software},
	number = {1},
	pages = {1--28},
	sortname = {{Paul-Christian} Burkner},
	title = {{brms}: {{A}}n {R} Package for {{Bayesian}} Multilevel Models Using {Stan}},
	volume = {80},
	year = {2017},
}

@article{R-Rcpp_b,
	author = {Dirk Eddelbuettel and James Joseph Balamuta},
	doi = {10.7287/peerj.preprints.3188v1},
	journal = {PeerJ Preprints},
	pages = {e3188v1},
	title = {{Extending extit{R} with extit{C++}: {{A}} brief introduction to extit{Rcpp}}},
	volume = {5},
	year = {2017},
}

@article{NicenboimVasishth2016,
	author = {Bruno Nicenboim and Shravan Vasishth},
	doi = {10.1111/lnc3.12207},
	journal = {Language and Linguistics Compass},
	number = {11},
	pages = {591--613},
	title = {Statistical methods for linguistic research: {Foundational} ideas – {Part II}},
	volume = {10},
	year = {2016},
}

@article{MoreyEtAl2015,
	author = {Morey, Richard D. and Hoekstra, Rink and Rouder, Jeffrey N. and Lee, Michael D. and Wagenmakers, Eric-Jan},
	doi = {10.3758/s13423-015-0947-8},
	journal = {Psychonomic Bulletin \& Review},
	pages = {103--123},
	title = {The Fallacy of Placing Confidence in Confidence Intervals},
	volume = {23},
	year = {2016},
}

@article{GelmanEtAl2017,
	adsnote = {Provided by the SAO/NASA Astrophysics Data System},
	adsurl = {http://adsabs.harvard.edu/abs/2017Entrp..19..555G},
	archiveprefix = {arXiv},
	author = {Gelman, Andrew and Simpson, Daniel and Betancourt, Michael},
	doi = {10.3390/e19100555},
	eprint = {1708.07487},
	journal = {Entropy},
	pages = {555},
	primaryclass = {stat.ME},
	title = {The Prior Can Often Only Be Understood in the Context of the Likelihood},
	volume = {19},
	year = {2017},
}
