@book{langsci-current-book, editor = {Mojmír Dočekal and Marcin Wągiel}, title = {{Formal approaches to number in Slavic and beyond}}, year = {2021}, series = {Open Slavic Linguistics}, number = {5}, location = {Berlin}, publisher = {Language Science Press}, options = {dataonly=true} } 
