% Encoding: UTF-8

@incollection{WenEtAl2019Researching,
    author = {Wen, Zhisheng (Edward) and Skehan, Peter and Sparks, Richard L. and Biedroń, Adriana and Li, Shaofeng},
    year = {2019},
    title = {Researching language aptitude: {From} prediction to explanation},
    crossref = {WenEtAl2019}
}


@misc{BarcelonaEuropeanCouncil2002,
	author = {{Barcelona European Council}},
	title = {Presidency conclusions},
	options = {indexing=false},
	year = {2002}
}

@Article{BaumertEtAl2020,
  author   = {Baumert, Jürgen and Fleckenstein, Johanna and Leucht, Michael and Köller, Olaf and Möller, Jens},
  journal  = {Language Learning},
  title    = {The long-term proficiency of early, middle, and late starters learning {English} as a foreign language at school: {{A}} narrative review and empirical study},
  year     = {2020},
  number   = {4},
  pages    = {1091--1135},
  volume   = {70},
  doi      = {10.1111/lang.12414},
  sortname = {Baumert, Jurgen and Fleckenstein, Johanna and Leucht, Michael and Koller, Olaf and Moller, Jens},
}


@inbook{Carroll1964,
	booktitle = {Training research and education},
	author = {Carroll, John B.},
	publisher = {University of Pittsburgh Press},
	address = {Pittsburgh},
	title = {The prediction of success in intensive foreign language training},
	year = {1964},
	pages = {87--136}
}


@article{ChristinerReiterer2015,
	journal = {Frontiers in Human Neuroscience},
	volume = {9},
	issue = {482},
	author = {Christiner, Markus and Reiterer, Susanne M.},
	doi = {10.3389/fnhum.2015.00482},
	title = {A {Mozart} is not {Pavarotti}: {{S}}ingers outperform instrumentalists on foreign accent imitation},
	year = {2015}
}

@Article{DaleEtAl2010,
  author  = {Dale, Philip S. and Harlaar, Nicole and Haworth, Claire M. A and Plomin, Robert},
  journal = {Psychological Science},
  title   = {Two by two: {{A}} twin study of second-language acquisition},
  year    = {2010},
  number  = {5},
  pages   = {635--640},
  volume  = {21},
}


@misc{EdelenbosEtAl2006,
	author = {Edelenbos, Peter and Johnstone, Richard and Kubanek, Angelika},
	publisher = {European Commission, Education and Culture, Culture and Communication ….},
	title = {The main pedagogical principles underlying the teaching of languages to very young learners},
	year = {2006}
}


@misc{EducationAgency2012,
	author = {Education, Audiovisual and Culture Executive Agency},
	title = {{Key} data on teaching languages at school in {Europe}},
	year = {2012}
}


@misc{Enever2011,
	author = {Enever, Janet},
	publisher = {British Council},
	title = {{ELLiE} early language learning in {Europe}},
	year = {2011}
}


@book{Erard2012,
	address = {New York},
	author = {Erard, Michael},
	publisher = {Free Press},
	title = {{Babel} no more: {{T}}he search for the world’s most extraordinary language learners},
	year = {2012}
}


@misc{EuropeanCommission2004,
	author = {{European Commission}},
	note = {Office for Official Publications of the European Communities.},
	title = {Promoting language learning and linguistic diversity},
	year = {2004},
	options = {indexing=false}
}


@incollection{FlegeMackay2011,
    author = {Flege, James and Mackay, Ian R.A.},
    year = {2011},
    title = {What accounts for “age” effects on overall degree of foreign accent?},
    editor = {Wrembel, Magdalena and Kul, Malgorzata and Dziubalska-Kolaczyk, Katarzyna},
    booktitle = {Achievements and perspectives in the acquisition of second language speech},
    volume = {2},
    pages = {62--82},
    address = {Bern},
    publisher = {Peter Lang}
}

@Article{GiudiciGrizelj2016,
  author  = {Giudici, Anja and Grizelj, Sandra},
  journal = {Paedagogica Historica},
  title   = {National unity in cultural diversity: {{H}}ow national and linguistic identities affected {Swiss} language curricula (1914-1961},
  year    = {2016},
  number  = {1/2},
  pages   = {137--154},
  volume  = {53},
  doi = {10.1080/00309230.2016.1229348},
}

@Article{JaekelEtAl2017,
  author  = {Jaekel, Nils and Schurig, Michael and Florian, Merle and Ritter, Markus},
  journal = {Language Learning},
  title   = {From early starters to late finishers? {{A}} longitudinal study of early foreign language learning in school},
  year    = {2017},
  number  = {3},
  pages   = {631--664},
  volume  = {67},
  doi     = {10.1111/lang.12242},
}

@InCollection{Johnstone2009,
  author    = {Johnstone, Richard},
  booktitle = {Young learner {English} language policy and implementation: {International} perspectives},
  publisher = {Garnet Education},
  title     = {An early start: {What} are the key conditions for generalized success?},
  year      = {2009},
  address   = {Reading},
  editor    = {Janet Enever and Jayne Moon and Uma Raman},
  pages     = {31--41},
}


@book{Muñoz2006,
	address = {Bristol},
	author = {Muñoz, Carmen},
	publisher = {Multilingual Matters},
	sortname = {Munoz, Carmen},
	title = {Age and rate of foreign language learning},
	year = {2006}
}

@Article{NikolovCsapó2010,
  author   = {Nikolov, Marianne and Csapó, Benő},
  journal  = {International Journal of Bilingualism},
  title    = {The relationship between reading skills in early {English} as a foreign language and {Hungarian} as a first language},
  year     = {2010},
  number   = {3},
  pages    = {315--329},
  volume   = {14},
  sortname = {Nikolov, Marianne and Csapo, Beno},
  doi = {10.1177/1367006910367854},
}

@Article{Pfenninger2016,
  author  = {Pfenninger, Simone},
  journal = {International Journal of Bilingual Education and Bilingualism},
  title   = {The literacy factor in the optimal age discussion: {{A}} five-year longitudinal study},
  year    = {2016},
  number  = {3},
  pages   = {217--234},
  volume  = {19},
  doi     = {10.1080/13670050.2014.972334},
}


@book{Pinker2003,
	address = {UK},
	author = {Pinker, Steven},
	publisher = {Penguin},
	title = {The blank slate: {{T}}he modern denial of human nature},
	year = {2003}
}

@InCollection{Reiterer2009,
  author    = {Reiterer, Susanne M.},
  booktitle = {Language Talent and Brain Activity},
  publisher = {Walter de Gruyter},
  title     = {Brain and language talent: {{A}} synopsis},
  year      = {2009},
  address   = {Berlin},
  editor    = {Reiterer, Susanne M. and Dogil, Grzegorz},
  number    = {1},
  pages     = {155--191},
  series    = {Trends in Applied Linguistics},
}


@book{Reiterer2019,
	number = {16},
	series = {English Language Education},
	address = {Cham},
	author = {Reiterer, Susanne M.},
	publisher = {Springer},
	title = {Exploring language aptitude: {{V}}iews from psychology, the language sciences, and cognitive neuroscience},
	year = {2019}
}


@misc{SchweizerischeAkademiederGeisteswissenschaften2015,
	author = {{Schweizerische Akademie der Geisteswissenschaften}},
	options   = {indexing=false},
	publisher = {Akademien der Wissenschaften Schweiz},
	title = {{Schulischer Fremdsprachenunterricht in der {Schweiz}: Argumente zur Debatte}},
	year = {2015}
}

@InCollection{Skehan2002,
  author    = {Skehan, Peter},
  booktitle = {Individual differences and instructed language learning},
  publisher = {John Benjamins},
  title     = {Theorising and updating aptitude},
  year      = {2002},
  address   = {Amsterdam/Philadelphia},
  editor    = {Robinson, Peter},
  pages     = {69--93},
}

@Article{Stotz2006,
  author  = {Stotz, Daniel},
  journal = {Language Policy},
  title   = {Breaching the peace: {S}truggles around multilingualism in {Switzerland}},
  year    = {2006},
  number  = {3},
  pages   = {247--265},
  volume  = {5},
  doi     = {10.1007/s10993-006-9025-4},
}


@book{WenEtAl2019,
	address = {New York},
	editor = {Wen, Zhisheng (Edward) and Skehan, Peter and Biedroń, Adriana and Li, Shaofeng and Sparks, Richard L.},
	publisher = {Routledge},
	title = {Language Aptitude: {Advancing} theory, testing, research and practice},
	booktitle = {Language Aptitude: {Advancing} theory, testing, research and practice},
	year = {2019},
	series = {Second Language Acquisition and Research Series}
}

@Article{KissNikolov2005,
  author  = {Kiss, Csilla and Nikolov, Marianne},
  journal = {Language Learning},
  title   = {Developing, piloting, and validating an instrument to measure young learners' aptitude},
  year    = {2005},
  number  = {1},
  pages   = {99--150},
  volume  = {55},
}

@Article{Guilford1950,
  author  = {Guilford, Joy Paul},
  journal = {American Psychologist},
  title   = {Creativity},
  year    = {1950},
  pages   = {444--454},
  volume  = {5},
}

@InCollection{Robinson2002,
  author       = {Robinson, Peter},
  booktitle    = {Individual differences and instructed language learning},
  publisher    = {Benjamins},
  title        = {Learning conditions, aptitude complexes and {SLA}: {A} framework for research and pedagogy},
  year         = {2002},
  address      = {Amsterdam},
  pages        = {113--136},
  collaborator = {Robinson, Peter},
}

@InCollection{Ranta2002,
  author    = {Ranta, Leila},
  booktitle = {Individual differences and instructed language learning},
  publisher = {Benjamins},
  title     = {The role of learners' language analytic ability in the communicative classroom},
  year      = {2002},
  address   = {Amsterdam},
  editor    = {Robinson, Peter},
  pages     = {159--180},
}

@Article{Jessner2008,
  author  = {Jessner, Ulrike},
  journal = {The Modern Language Journal},
  title   = {A {DST} model of multilingualism and the role of metalinguistic awareness},
  year    = {2008},
  number  = {2},
  pages   = {270--283},
  volume  = {92},
  doi     = {10.1111/j.1540-4781.2008.00718.x},
}

@InCollection{Sternberg2002,
  author    = {Sternberg, Robert J.},
  booktitle = {Individual differences and instructed language learning},
  publisher = {Benjamins},
  title     = {The theory of successful intelligence and its implications for language aptitude testing},
  year      = {2002},
  address   = {Amsterdam},
  editor    = {Robinson, Peter},
  pages     = {13--44},
  volume    = {2},
}

@Article{Zhang2004,
  author  = {Zhang, Li-fang},
  title   = {Field-dependence/independence: {Cognitive} style or perceptual ability? {Validating} against thinking styles and academic achievement},
  doi     = {10.1016/j.paid.2003.12.015},
  number  = {6},
  pages   = {1295--1311},
  volume  = {37},
  journal = {Personality and Individual Differences},
  year    = {2004},
}

@Article{MiyakeEtAl2001,
  author  = {Miyake, Akira and Witzki, Alexander H. and Emerson, Michael J.},
  title   = {Field dependence--independence from a working memory perspective: {A} dual-task investigation of the {Hidden} {Figures} {Test}},
  doi     = {10.1080/09658210143000029},
  number  = {4-6},
  pages   = {445--457},
  volume  = {9},
  journal = {Memory},
  pmid    = {11594363},
  year    = {2001},
}

@Article{EvansEtAl2013,
  author  = {Evans, Carol and Richardson, John T. E. and Waring, Michael},
  title   = {Field independence: {Reviewing} the evidence},
  doi     = {10.1111/bjep.12015},
  number  = {2},
  pages   = {210--224},
  volume  = {83},
  journal = {British Journal of Educational Psychology},
  year    = {2013},
}

@Article{RichardsonTurner2000,
  author  = {Richardson, Julie A. and Turner, Tony E.},
  title   = {Field dependence revisited {I}: {Intelligence}},
  doi     = {10.1080/713663747},
  number  = {3},
  pages   = {255--270},
  volume  = {20},
  journal = {Educational Psychology},
  year    = {2000},
}

@InCollection{Wesche1981,
  author    = {Wesche, Marjorie},
  booktitle = {Individual differences and universals in language learning aptitude},
  publisher = {Newbury House Publishers},
  title     = {Language aptitude measures in streaming, matching students with methods, and diagnosis of learning problems},
  year      = {1981},
  address   = {Rowley},
  editor    = {Diller, Karl C.},
  pages     = {119--154},
  keywords  = {Aptitude, Lernerprofile learner profile, Selektion Differenzierung},
}

@Article{LinckEtAl2013,
  author  = {Linck, Jared A. and Hughes, Meredith M. and Campbell, Susan G. and Silbert, Noah H. and Tare, Medha and Jackson, Scott R. and Smith, Benjamin K. and Bunting, Michael F. and Doughty, Catherine J.},
  title   = {Hi-{LAB}: {A} new measure of aptitude for high-level language proficiency},
  doi     = {10.1111/lang.12011},
  number  = {3},
  pages   = {530--566},
  volume  = {63},
  annote  = {Prädiktoren for high proficiency: language related? General ability?},
  journal = {Language Learning},
  year    = {2013},
}

@Article{KormosSafar2008,
  author   = {Kormos, Judit and Sáfár, Anna},
  title    = {Phonological short-term memory, working memory and foreign language performance in intensive language learning},
  doi      = {10.1017/S1366728908003416},
  number   = {2},
  pages    = {261--271},
  volume   = {11},
  annote   = {phonological loop (non-word repetition) and working memory = unrelated. Assumption: develop independently and might cause different types of learning difficulties},
  journal  = {Bilingualism: Language and Cognition},
  keywords = {stabilität, Trainierbarkeit, memory, learning difficulties},
  year     = {2008},
}

@PhdThesis{Granena2012,
  author   = {Grañena, Gisela},
  school   = {University of Maryland},
  title    = {Age differences and cognitive aptitudes for implicit and explicit learning in ultimate second language attainment},
  year     = {2012},
  address  = {College Park, MA},
  type     = {Doctoral {Dissertation}},
  keywords = {learner profiles},
}

@Article{Erlam2005,
  author   = {Erlam, Rosemary},
  title    = {Language aptitude and its relationship to instructional effectiveness in second language acquisition},
  doi      = {10.1191/1362168805lr161oa},
  number   = {2},
  pages    = {147--171},
  volume   = {9},
  journal  = {Language Teaching Research},
  keywords = {learner profiles, intervention, ATI},
  year     = {2005},
}

@Article{Graaff1997,
  author   = {Graaff, Rick de},
  title    = {The {Experanto} experiment: {Effects} of explicit instruction on second language acquisition},
  number   = {2},
  pages    = {249--276},
  doi      = {10.1017/S0272263197002064},
  volume   = {19},
  journal  = {Studies in Second Language Acquisition},
  keywords = {intervention},
  year     = {1997},
}

@InCollection{Ellis2004,
  author    = {Ellis, Rod},
  booktitle = {The handbook of applied linguistics},
  publisher = {Blackwell Publishing},
  title     = {Individual differences in second language learning},
  year      = {2004},
  address   = {Oxford},
  editor    = {Davies, Alan and Elder, Catherine},
  pages     = {525--551},
}

@Article{SafarKormos2008,
  author  = {Sáfár, Anna and Kormos, Judit},
  journal = {International Review of Applied Linguistics in Language Teaching},
  title   = {Revisiting problems with foreign language aptitude},
  year    = {2008},
  number  = {2},
  pages   = {113--136},
  volume  = {46},
}

@Article{Singleton2017,
  author   = {Singleton, David},
  title    = {Language aptitude: {Desirable} trait or acquirable attribute?},
  number   = {1},
  pages    = {89--103},
  volume   = {7},
  journal  = {Studies in Second Language Learning and Teaching},
  keywords = {stabilität, Trainierbarkeit},
  year     = {2017},
}

@InCollection{Doernyei2005ErsterEintrag,
  author    = {Dörnyei, Zoltán},
  booktitle = {The psychology of the language learner individual differences in second language acquisition},
  publisher = {Lawrence Erlbaum Associates},
  title     = {Motivation and “self-motivation”},
  year      = {2005},
  address   = {Mahwah, NJ},
  editor    = {Dörnyei, Zoltán},
  pages     = {65--118},
}

@Article{ChapelleGreen1992,
  author  = {Chapelle, Carol A. and Green, Pat},
  title   = {Field independence/dependence in second-language acquisition research},
  doi     = {10.1111/j.1467-1770.1992.tb00700.x},
  number  = {1},
  pages   = {47--83},
  volume  = {42},
  journal = {Language Learning},
  year    = {1992},
}

@Book{Sasaki1996,
  author    = {Sasaki, Miyuki},
  publisher = {Peter Lang},
  title     = {Second language proficiency, foreign language aptitude, and intelligence: {Quantitative} and qualitative analyses},
  year      = {1996},
  address   = {New York},
}

@InCollection{Witkin1949,
  author    = {Witkin, Herman A.},
  booktitle = {Psychological {Monographs}: {General} and {Applied}},
  publisher = {The American Psychological Association},
  title     = {Perception of body position and of the position of the visual field},
  year      = {1949},
  address   = {Massachusetts},
  pages     = {1--46},
  volume    = {63},
}

@Article{Spolsky1995,
  author  = {Spolsky, Bernard},
  journal = {Language Testing},
  title   = {Prognostication and language aptitude testing},
  year    = {1995},
  number  = {3},
  pages   = {321--340},
  volume  = {12},
}

@Article{StansfieldReed2004,
  author  = {Stansfield, Charles W. and Reed, Daniel J.},
  journal = {Language Assessment Quarterly: An International Journal},
  title   = {The story behind the {Modern} {Language} {Aptitude} {Test}: {An} interview with {John} {B}. {Carroll} (1916--2003)},
  year    = {2004},
  number  = {1},
  pages   = {43--56},
  volume  = {1},
}

@Book{Pimsleur1966,
  author    = {Pimsleur, Paul},
  publisher = {Harcourt Brace, \& Co.},
  title     = {Pimsleur language aptitude battery (form {S}.)},
  year      = {1966},
  address   = {San Diego},
}

@Misc{PimsleurQuinn1971,
  author    = {Pimsleur, Paul and Quinn, Terence},
  title     = {The psychology of second language learning: {Papers} from the second {International} {Congress} of {Applied} {Linguistics}, {Cambridge}, 8--12 {September}},
  year      = {1971},
  editor    = {Quinn, Terence},
  publisher = {Cambridge University Press},
  url       = {http://www.eric.ed.gov/ERICWebPortal/recordDetail?accno=ED058773},
}

@PhdThesis{SuarezVilagran2010,
  author  = {Suárez Vilagran, Maria Del Mar},
  school  = {Universitat de Barcelona},
  title   = {Language aptitude in young learners: {The} elementary modern language aptitude test in {Spanish} and {Catalan}},
  year    = {2010},
  address = {Barcelona},
  type    = {Doctoral {Dissertation}},
}

@InCollection{Alexiou2009,
  author    = {Alexiou, Thomaï},
  booktitle = {Second language acquisition: {Early} learning of modern foreign languages: {Processes} and outcomes},
  publisher = {Multilingual Matters},
  title     = {Young learners' cognitive skills and their role in foreign language vocabulary learning},
  year      = {2009},
  address   = {Bristol},
  editor    = {Nikolov, Marianne},
  pages     = {46--61},
}

@InCollection{Skehan1986,
  author    = {Skehan, Peter},
  booktitle = {Experimental approaches to second language acquisition},
  publisher = {Pergamon Press},
  title     = {Cluster analysis and the identification of learner types},
  year      = {1986},
  address   = {Oxford},
  editor    = {Cook, Vivian J.},
  pages     = {81--94},
}

@InCollection{Doughty2013,
  author    = {Doughty, Catherine J.},
  booktitle = {Sensitive periods, language aptitude, and ultimate {L2} attainment},
  publisher = {John Benjamins Publishing},
  title     = {Optimizing post-critical-period language learning},
  year      = {2013},
  address   = {Amsterdam},
  editor    = {Grañena, Gisela and Long, Mike},
  number    = {25},
  pages     = {153--178},
}

@InProceedings{DoughtyEtAl2010,
  author    = {Doughty, Catherine J. and Campbell, Susan G. and Mislevy, Meredith A. and Bunting, Michael F. and Bowles, Anita R. and Koeth, Joel T.},
  booktitle = {Selected proceedings of the 2008 {Second} {Language} {Research} {Forum}},
  title     = {Predicting near-native ability: {The} factor structure and reliability of {Hi}-{LAB}},
  editor    = {Prior, Matthew T. and Watanabe, Yukiko and Lee, Sang-Ki},
  pages     = {10--31},
  publisher = {Cascadilla Proceedings Project},
  address   = {Somerville, MA, USA},
  year      = {2010},
}

@InCollection{Granena2013,
  author    = {Grañena, Gisela},
  booktitle = {Sensitive periods, language aptitude, and ultimate {L2} attainment},
  publisher = {John Benjamins},
  title     = {Cognitive aptitudes for second language learning and the {LLAMA} language aptitude test},
  year      = {2013},
  address   = {Amsterdam},
  editor    = {Grañena, Gisela and Long, Michael},
  number    = {35},
  pages     = {105--130},
  series    = {Language {Learning} and {Language} {Teaching}},
}

@Article{BialystokFroehlich1978,
  author  = {Bialystok, Ellen and Fröhlich, Maria},
  journal = {The Modern Language Journal},
  title   = {Variables of classroom achievement in second language learning},
  year    = {1978},
  number  = {7},
  pages   = {327--336},
  volume  = {62},
}

@Article{StansfieldHansen1983,
  author  = {Stansfield, Charles W. and Hansen, Jacqueline},
  journal = {TESOL Quarterly},
  title   = {Field dependence-independence as a variable in second language cloze test performance},
  year    = {1983},
  number  = {1},
  pages   = {29--38},
  volume  = {17},
}

@Article{JohnsonEtAl2000,
  author  = {Johnson, Janice and Prior, Suzanne and Artuso, Mariangela},
  journal = {Language Learning},
  title   = {Field dependence as a factor in second language communicative production},
  year    = {2000},
  number  = {3},
  pages   = {529--567},
  volume  = {50},
}

@Article{Carter1988,
  author  = {Carter, Elaine Fuller},
  journal = {The Modern Language Journal},
  title   = {The relationship of field dependent/independent cognitive style to {Spanish} language achievement and proficiency: {A} preliminary report},
  year    = {1988},
  number  = {1},
  pages   = {21--30},
  volume  = {72},
}

@Article{ChapelleRoberts1986,
  author  = {Chapelle, Carol A. and Roberts, Cheryl},
  journal = {Language Learning},
  title   = {Ambiguity tolerance and field independence as predictors of proficiency in {English} as a second language},
  year    = {1986},
  number  = {1},
  pages   = {27--45},
  volume  = {36},
}

@Article{FarsiEtAl2014,
  author  = {Farsi, Mitra and Bagheri, Mohamed S. and Sharif, Maryan and Nematollahi, Fateme},
  journal = {International Journal of Language Learning and Applied Linguistics World},
  title   = {Relationship between field dependence/independence and language proficiency of female {EFL} students},
  year    = {2014},
  number  = {3},
  pages   = {208--220},
  volume  = {6},
}

@Article{YaghoubiEtAl2014,
  author  = {Yaghoubi, Maryam and Inanloo, Azam and Hamedi, AliAkbar},
  journal = {Journal of Educational and Management Studies},
  title   = {Field dependence-independence, cognitive styles, {English} reading comprehension skill, {English} language learning, and educational achievement},
  year    = {2014},
  number  = {2},
  pages   = {460--464},
  volume  = {4},
}

@Article{RienerWillingham2010,
  author  = {Riener, Cedar and Willingham, Daniel},
  journal = {Change: The Magazine of Higher Learning},
  title   = {The myth of learning styles},
  year    = {2010},
  number  = {5},
  pages   = {32--35},
  volume  = {42},
  doi     = {https://doi.org/10.1080/00091383.2010.503139},
}

@InCollection{Carroll1981,
  author    = {Carroll, John B.},
  booktitle = {Individual differences and universals in language learning aptitude},
  publisher = {Newbury House},
  title     = {Twenty-five years of research on foreign language aptitude},
  year      = {1981},
  address   = {Rowley},
  editor    = {Diller, Karl C.},
  pages     = {83--118},
}

@Article{DeKeyser2000,
  author  = {DeKeyser, Robert},
  journal = {Studies in Second Language Acquisition},
  title   = {The robustness of critical period effects in second language acquisition},
  year    = {2000},
  number  = {4},
  pages   = {499--533},
  volume  = {22},
}

@InCollection{DeKeyserKoeth2011,
  author    = {DeKeyser, Robert and Koeth, Joel},
  booktitle = {Handbook of research in second language teaching and learning},
  publisher = {Routledge},
  title     = {Cognitive aptitudes for second language learning},
  year      = {2011},
  address   = {New York},
  editor    = {Hinkel, Eli},
  pages     = {395--407},
}

@Article{GranenaLong2012,
  author  = {Grañena, Gisela and Long, Michael H},
  title   = {Age of onset, length of residence, language aptitude, and ultimate {L2} attainment in three linguistic domains},
  doi     = {10.1177/0267658312461497},
  number  = {3},
  pages   = {311--343},
  volume  = {29},
  journal = {Second Language Research},
  year    = {2012},
}

@Article{AbrahamssonHyltenstam2008,
  author  = {Abrahamsson, Niclas and Hyltenstam, Kenneth},
  journal = {Studies in Second Language Acquisition},
  title   = {The robustness of aptitude effects in near-native second language acquisition},
  year    = {2008},
  number  = {4},
  pages   = {481--509},
  volume  = {30},
}

@Article{AldersonEtAl1997,
  author  = {Alderson, J. Charles and Clapham, Caroline and Steel, David},
  journal = {Language Teaching Research},
  title   = {Metalinguistic knowledge, language aptitude and language proficiency},
  year    = {1997},
  number  = {2},
  pages   = {93--121},
  volume  = {1},
}

@Article{Williams1999,
  author  = {Williams, J. N.},
  journal = {Studies in Second Language Acquisition},
  title   = {Memory, attention, and inductive learning},
  year    = {1999},
  number  = {01},
  pages   = {1--48},
  volume  = {21},
}

@Article{LinckEtAl2014,
  author   = {Linck, Jared A. and Osthus, Peter and Koeth, Joel T. and Bunting, Michael F.},
  title    = {Working memory and second language comprehension and production: {A} meta-analysis},
  doi      = {10.3758/s13423-013-0565-2},
  number   = {4},
  pages    = {861--883},
  volume   = {21},
  journal  = {Psychonomic Bulletin \& Review},
  keywords = {review working memory L2 learning},
  year     = {2014},
}

@Article{GardnerLambert1965,
  author  = {Gardner, Robert C. and Lambert, Wallace E.},
  journal = {Journal of Educational Psychology},
  title   = {Language aptitude, intelligence, and second-language achievement},
  year    = {1965},
  number  = {4},
  pages   = {191},
  volume  = {56},
}

@InCollection{MiyakeFriedman1998,
  author    = {Miyake, Akira and Friedman, Naomi P.},
  booktitle = {Foreign language learning: {Psycholinguistic} studies on training and retention},
  publisher = {Lawrence Erlbaum Associates},
  title     = {Individual differences in second language proficiency: {Working} memory as language aptitude},
  year      = {1998},
  address   = {Mahwah, NJ},
  pages     = {339--364},
}

@Article{Granena2016,
  author  = {Grañena, Gisela},
  title   = {Cognitive aptitudes for implicit and explicit learning and information-processing styles: {An} individual differences study},
  number  = {3},
  pages   = {577--600},
  volume  = {37},
  journal = {Applied Psycholinguistics},
  year    = {2016},
}

@Article{Robinson1997,
  author  = {Robinson, Peter},
  journal = {Language Learning},
  title   = {Individual differences and the fundamental similarity of implicit and explicit adult second language learning},
  year    = {1997},
  number  = {1},
  pages   = {45--99},
  volume  = {47},
}

@PhdThesis{Carpenter2008,
  author  = {Carpenter, Helen},
  school  = {Georgetown University},
  title   = {A behavioral and electrophysiological investigation of different aptitudes for {L2} grammar in learners equated for proficiency level},
  year    = {2008},
  address = {Washington},
  annote  = {explanation of how MLAT was developed, mentions all tests and dimensions considered and the choices that were made.},
}

@Article{SparksEtAl2011,
  author  = {Sparks, Richard L. and Patton, John and Ganschow, Leonore and Humbach, Nancy},
  journal = {The Modern Language Journal},
  title   = {Subcomponents of second-language aptitude and second-language proficiency},
  year    = {2011},
  pages   = {253--273},
  volume  = {95},
}

@Article{PekrunEtAl2002,
  author  = {Pekrun, Reinhard and Goetz, Thomas and Titz, Wolfram and Perry, Raymond P.},
  journal = {Educational Psychologist},
  title   = {Academic emotions in students’ self-regulated learning and achievement: {A} program of qualitative and quantitative research},
  year    = {2002},
  number  = {2},
  pages   = {91--106},
  volume  = {37},
}

@Article{KormosCsizer2008,
  author  = {Kormos, Judit and Csizér, Kata},
  title   = {Age-related differences in the motivation of learning {English} as a foreign language: {Attitudes}, selves, and motivated learning behavior},
  doi     = {10.1111/j.1467-9922.2008.00443.x},
  number  = {2},
  pages   = {327--355},
  volume  = {58},
  journal = {Language Learning},
  year    = {2008},
}

@Article{Horwitz2001,
  author  = {Horwitz, Elaine},
  title   = {Language anxiety and achievement},
  doi     = {10.1017/S0267190501000071},
  pages   = {112--126},
  volume  = {21},
  journal = {Annual Review of Applied Linguistics},
  year    = {2001},
}

@Article{LiuHuang2011,
  author  = {Liu, Meihua and Huang, Wenhong},
  journal = {Education Research International},
  title   = {An exploration of foreign language anxiety and {English} learning motivation},
  year    = {2011},
  pages   = {1--8},
  volume  = {2011},
}

@Article{NoelsEtAl2000,
  author  = {Noels, Kimberly A. and Pelletier, Luc G. and Clément, Richard and Vallerand, Robert J.},
  title   = {Why are you learning a second language? {Motivational} orientations and self-determination theory},
  number  = {1},
  pages   = {57--85},
  volume  = {50},
  journal = {Language Learning},
  year    = {2000},
}

@Article{Robinson2001,
  author  = {Robinson, Peter},
  title   = {Task complexity, task difficulty, and task production: {Exploring} interactions in a componential framework},
  doi     = {10.1093/applin/22.1.27},
  number  = {1},
  pages   = {27--57},
  volume  = {22},
  journal = {Applied Linguistics},
  year    = {2001},
}

@Article{MorganShortEtAl2014,
  author  = {Morgan-Short, Kara and Faretta-Stutenberg, Mandy and Brill-Schuetz, Katherine A. and Carpenter, Helen and Wong, Patrick C. M.},
  title   = {Declarative and procedural memory as individual differences in second language acquisition},
  doi     = {10.1017/S1366728912000715},
  number  = {1},
  pages   = {56--72},
  volume  = {17},
  journal = {Bilingualism: Language and Cognition},
  year    = {2014},
}

@Article{Peek2016,
  author  = {Peek, Ron},
  title   = {Exploring learner autonomy: language learning locus of control in multilinguals},
  doi     = {10.1080/14790718.2015.1090991},
  number  = {2},
  pages   = {230--248},
  volume  = {13},
  journal = {International Journal of Multilingualism},
  year    = {2016},
}

@InCollection{Ranta2008,
  author    = {Ranta, Leila},
  booktitle = {Lessons from good language learners},
  publisher = {Cambridge University Press},
  title     = {Aptitude and good language learners},
  year      = {2008},
  address   = {New York},
  editor    = {Griffiths, Carol},
  pages     = {142--156},
}

@InCollection{Li2018,
  author    = {Li, Shaofeng},
  booktitle = {The {Cambridge} guide to learning {English} as a second language},
  publisher = {Cambridge University Press},
  title     = {Language aptitude},
  year      = {2018},
  address   = {Cambridge},
  editor    = {Burns, Anne and Richards, Jack C.},
  pages     = {63--72},
}

@Article{Singleton2014,
  author  = {Singleton, David},
  title   = {Apt to change: {The} problematic of language awareness and language aptitude in age-related research},
  number  = {3},
  pages   = {557--571},
  volume  = {4},
  journal = {Studies in Second Language Learning and Teaching},
  year    = {2014},
}

@InCollection{AmeringerEtAl2019,
  author    = {Ameringer, Victoria and Green, Luke and Leisser, Daniel and Turker, Sabrina},
  booktitle = {Exploring language aptitude: {Views} from psychology, the language sciences, and cognitive science},
  publisher = {Springer},
  title     = {Introduction: {Towards} an interdisciplinary understanding of language aptitude},
  year      = {2019},
  address   = {Cham},
  editor    = {Reiterer, Susanne M.},
  pages     = {1--19},
  series    = {English {Language} {Education}},
  volume    = {16},
}

@InCollection{Munoz2014,
  author    = {Muñoz, Carmen},
  booktitle = {Essential topics in applied linguistics and multilingualism},
  publisher = {Springer},
  title     = {The association between aptitude components and language skills in young learners},
  year      = {2014},
  address   = {Cham},
  editor    = {Pawlak, Miroslaw and Aronin, Larissa},
  pages     = {51--68},
}

@InCollection{Christiner2018,
  author    = {Christiner, Markus},
  booktitle = {Exploring language aptitude: {Views} from psychology, the language sciences, and cognitive neuroscience},
  title     = {Let the music speak: {Examining} the relationship between music and language aptitude in pre-school children.},
  doi       = {10.1007/978-3-319-91917-1_8},
  editor    = {Reiterer, Susanne M.},
  isbn      = {978-3-319-91917-1},
  pages     = {149--166},
  publisher = {Springer},
  series    = {English {Language} {Education}},
  address   = {Cham},
  year      = {2018},
}

@Article{ChristinerReiterer2018,
  author  = {Christiner, Markus and Reiterer, Susanne M.},
  title   = {Early influence of musical abilities and working memory on speech imitation abilities: {Study} with pre-school children.},
  doi     = {10.3390/brainsci8090169},
  number  = {9},
  pages   = {169},
  volume  = {8},
  journal = {Brain Sciences},
  year    = {2018},
}

@Misc{CarrollSapon1976,
  author    = {Carroll, John B. and Sapon, Stanley M.},
  title     = {Modern language aptitude test -- {Elementary}},
  year      = {1976},
  publisher = {Psychological Corporation},
}

@Misc{StansfieldReed2005,
  author    = {Stansfield, Charles W. and Reed, Daniel J.},
  title     = {Modern {Language} {Aptitude} {Test} -- {Elementary}: {Spanish} {Version} -- {MLAT}-{ES}},
  year      = {2005},
  publisher = {Second Language Testing Foundation},
}

@Article{RoehrBrackinTellier2019,
  author  = {Roehr-Brackin, Karen and Tellier, Angela},
  journal = {Studies in Second Language Acquisition},
  title   = {The role of language-analytic ability in children's instructed second language learning},
  year    = {2019},
  pages   = {1111--1131},
  volume  = {41},
}

@InCollection{Li2017,
  author    = {Li, Shaofeng},
  booktitle = {Expanding individual difference research in the interaction approach: {Investigating} learners, instructors, and other interlocutors},
  publisher = {John Benjamins Publishing Company},
  title     = {The effects of cognitive aptitudes on the process and product of {L2} interaction: {A} synthetic review},
  year      = {2017},
  address   = {Amsterdam/Philadelphia},
  editor    = {Gurzynski-Weiss, Laura},
  number    = {16},
  pages     = {41--70},
  series    = {Aila {Applied} {Linguistics} {Series}},
}

@Article{Snow1991,
  author  = {Snow, Richard},
  journal = {Journal of Consulting and Clinical Psychology},
  title   = {Aptitude-{Treatment} {Interaction} as a framework for research on individual differences in psychotherapy},
  year    = {1991},
  number  = {2},
  pages   = {205--216},
  volume  = {59},
}

@Article{PashlerEtAl2008,
  author  = {Pashler, Harold and McDaniel, Mark and Rohrer, Doug and Bjork, Robert},
  title   = {Learning styles: {Concepts} and evidence},
  doi     = {10.1111/j.1539-6053.2009.01038.x},
  number  = {3},
  pages   = {105--119},
  volume  = {9},
  journal = {Psychological Science in the Public Interest},
  year    = {2008},
}

@InCollection{BleyVroman1989,
  author    = {Bley-Vroman, Robert},
  booktitle = {Linguistic perspectives on second language acquisition},
  publisher = {Cambridge University Press},
  title     = {What is the logical problem of foreign language learning?},
  year      = {1989},
  address   = {New York},
  editor    = {Gass, S. M. and Schachter, J.},
  pages     = {41--68},
}

@Article{JohnsonNewport1989,
  author  = {Johnson, Jacqueline S. and Newport, Elissa},
  journal = {Cognitive Psychology},
  title   = {Critical period effects in second language learning: {The} influence of the maturational state on the acquisition of {English} as a second language},
  year    = {1989},
  number  = {21},
  pages   = {60--99},
}

@Article{Vanhove2013,
  author  = {Vanhove, Jan},
  title   = {The critical period hypothesis in second language acquisition: {A} statistical critique and a reanalysis},
  doi     = {https://doi.org/10.1371/journal.pone.0069172},
  number  = {7},
  volume  = {8},
  journal = {PLOS {One}},
  year    = {2013},
}

@Article{Biedron2010,
  author  = {Biedroń, Adriana},
  journal = {Beyond Philology},
  title   = {Awareness, responsibility and control as prerequisites of autonomy in second language acquisition},
  year    = {2010},
  number  = {7},
  pages   = {305--326},
}

@InCollection{StansfieldReed2019,
  author    = {Stansfield, Charles W. and Reed, Daniel J.},
  booktitle = {Rethinking language aptitude: {Contemporary} insights and emerging trends},
  publisher = {Routledge},
  title     = {The {MLAT} at 60 {Years}},
  year      = {2019},
  address   = {New York},
  editor    = {Wen, Zhisheng (Edward) and Skehan, Peter and Biedroń, Adriana and Sparks, Richard L. and Li, Shaofeng},
}

@Article{Winke2013,
  author  = {Winke, P.},
  journal = {The Modern Language Journal},
  title   = {An investigation into second language aptitude for advanced {Chinese} language learning},
  year    = {2013},
  number  = {1},
  pages   = {109--130},
  volume  = {97},
}

@Article{Ehrman1998,
  author  = {Ehrman, Madeline E.},
  journal = {Applied Language Learning},
  title   = {The modern language aptitude test for predicting learning success and advising students},
  year    = {1998},
  number  = {1},
  pages   = {33--70},
  volume  = {9},
}

@InCollection{Skehan2019,
  author    = {Skehan, Peter},
  booktitle = {Language aptitude advancing theory, testing, research and practice},
  publisher = {Routledge},
  title     = {Language aptitude implicates language and cognitive skills},
  year      = {2019},
  address   = {New York},
  editor    = {Skehan, Peter and Biedroń, Adriana and Sparks, Richard L. and Wen, Zhisheng (Edward) and Li, Shaofeng},
  pages     = {53--75},
}

@InCollection{Li2019,
  author    = {Li, Shaofeng},
  booktitle = {Rethinking language aptitude: {Contemporary} insights and emerging trends},
  publisher = {Routledge},
  title     = {Six decades of language aptitude research: {A} comprehensive and critical review},
  year      = {2019},
  address   = {New York},
  editor    = {Wen, Zhisheng (Edward) and Skehan, Peter and Biedroń, Adriana and Sparks, Richard L. and Li, Shaofeng},
}

@InCollection{Wen2019,
  author    = {Wen, Zhisheng (Edward)},
  booktitle = {Language aptitude: {Advancing} theory, testing, research and practice},
  publisher = {Routledge},
  title     = {Working memory as language aptitude: {The} {Phonological}/{Executive} {Model}},
  year      = {2019},
  address   = {New York},
  editor    = {Wen, Zhisheng (Edward) and Skehan, Peter and Biedroń, Adriana and Sparks, Richard L. and Li, Shaofeng},
}

@InCollection{Birdsong2014,
  author    = {Birdsong, David},
  booktitle = {Essential topics in {Applied} {Linguistics} and {Multilingualism}: {Studies} in honor of {David} {Singleton}},
  publisher = {Springer},
  title     = {The {Critical} {Period} {Hypothesis} for second language acquisition: {Tailoring} the coat of many colors},
  year      = {2014},
  address   = {Cham},
  editor    = {Pawlak, Miroslaw and Aronin, Larissa},
  pages     = {43--50},
  series    = {Second {Language} {Learning} and {Teaching}},
}

@Article{PetersenAlHaik1976,
  author  = {Petersen, Calvin R. and Al-Haik, Antoine R.},
  title   = {The development of the {Defense} {Language} {Aptitude} {Battery} ({Dlab})},
  doi     = {10.1177/001316447603600216},
  number  = {2},
  pages   = {369--380},
  volume  = {36},
  annote  = {text not free of charge sagepub},
  journal = {Educational and Psychological Measurement},
  year    = {1976},
}

@InCollection{ParryChild1990,
  author    = {Parry, Thomas S. and Child, James R.},
  booktitle = {Language aptitude reconsidered},
  publisher = {Center for Applied Linguistics},
  title     = {Preliminary investigation of the relationship between {VORD}, {MLAT} and language proficiency},
  year      = {1990},
  address   = {New Jersey},
  editor    = {Parry, Thomas S. and Stansfield, Charles W.},
  number    = {74},
  pages     = {30--67},
}

@Article{Stansfield1989,
  author  = {Stansfield, Charles W.},
  title   = {Language aptitude reconsidered},
  url     = {https://eric.ed.gov/?id=ED318226},
  urldate = {2020-03-24},
  journal = {Eric Digest},
  year    = {1989},
}

@InCollection{Kiss2009,
  author    = {Kiss, Csilla},
  booktitle = {The age factor and early language learning},
  publisher = {De Gruyter Mouton},
  title     = {The role of aptitude in young learners' foreign language learning},
  year      = {2009},
  address   = {Berlin},
  editor    = {Nikolov, Marianne},
  pages     = {253--276},
}

@Article{GardnerLambert1959,
  author  = {Gardner, Robert C. and Lambert, Wallace E.},
  journal = {Canadian Journal of Psychology},
  title   = {Motivational variables in second language acquisition},
  year    = {1959},
  number  = {13},
  pages   = {266--272},
}

@InCollection{MiltonAlexiou2006,
  author    = {Milton, James and Alexiou, Thomaï},
  booktitle = {Age in {L2}: {Acquisition} and teaching},
  title     = {Language aptitude development in young learners},
  editor    = {Abello-Contesse, C. and Chacón-Beltrán, R. and López-Chiménez, M. D.},
  isbn      = {978-3-03910-668-4},
  pages     = {177--192},
  publisher = {Peter Lang},
  address   = {New York},
  year      = {2006},
}

@InCollection{EsserKossling1986,
  author    = {Esser, U. and Kossling, B.},
  booktitle = {Experimental approaches to second language learning},
  publisher = {Pergamon},
  title     = {A general psychological approach to the diagnosis of foreign language aptitude},
  year      = {1986},
  address   = {Oxford},
  editor    = {Cook, Vivian J.},
  pages     = {95--100},
}

@Article{Carroll1973,
  author  = {Carroll, John B.},
  journal = {Linguistics},
  title   = {Implications of aptitude test research and psycholinguistic theory for foreign-language teaching},
  year    = {1973},
  number  = {112},
  pages   = {5--14},
  volume  = {11},
}

@Article{JuffsHarrington2011,
  author  = {Juffs, Alan and Harrington, Michael},
  title   = {Aspects of working memory in {L2} learning},
  doi     = {10.1017/S0261444810000509},
  number  = {2},
  pages   = {137--166},
  volume  = {44},
  journal = {Language Teaching},
  year    = {2011},
}

@Book{Lenneberg1967,
  author    = {Lenneberg, Eric Heinz},
  publisher = {Wiley},
  title     = {Biological foundations of language},
  year      = {1967},
  address   = {New York},
}

@InCollection{TellierRoehrBrackin2017,
  author    = {Tellier, Angela and Roehr-Brackin, Karen},
  booktitle = {Learning foreign languages in primary school},
  title     = {Raising children’s metalinguistic awareness to enhance classroom second language learning},
  doi       = {10.21832/9781783098118-004},
  editor    = {García Mayo, María del Pilar},
  pages     = {22--48},
  publisher = {Multilingual Matters},
  address   = {Bristol, Blue Ridge Summit},
  year      = {2017},
}

@Article{SparksGanschow1991,
  author  = {Sparks, Richard L. and Ganschow, Leonore},
  title   = {Foreign language learning differences: {Affective} or native language aptitude differences?},
  doi     = {10.2307/329830},
  number  = {1},
  pages   = {3--16},
  volume  = {75},
  journal = {The Modern Language Journal},
  year    = {1991},
}

@InCollection{Wen2015,
  author    = {Wen, Zhisheng (Edward)},
  booktitle = {Working memory in second language acquisition and processing},
  publisher = {Multilingual Matters},
  title     = {Working memory in second language acquisition and processing: {The} phonological/executive model},
  year      = {2015},
  address   = {Bristol},
  editor    = {Wen, Zhisheng (Edward) and Borges Mota, Mailce and McNeill, Arthur},
  pages     = {41--62},
}

@Article{GolestaniEtAl2011,
  author  = {Golestani, Narly and Price, Cathy J. and Scott, Sophie K.},
  title   = {Born with an ear for dialects? {Structural} plasticity in the expert phonetician brain},
  doi     = {10.1523/JNEUROSCI.3891-10.2011},
  number  = {11},
  pages   = {4213--4220},
  volume  = {31},
  journal = {Journal of Neuroscience},
  pmid    = {21411662},
  year    = {2011},
}

@Article{ReitererEtAl2013,
  author  = {Reiterer, Susanne M. and Hu, Xiaochen and Sumathi, T. A. and Singh, Nandini Chatterjee},
  title   = {Are you a good mimic? {Neuro}-acoustic signatures for speech imitation ability},
  doi     = {10.3389/fpsyg.2013.00782},
  volume  = {4},
  journal = {Frontiers in Psychology},
  year    = {2013},
}

@Article{EllisLarsenFreeman2006,
  author   = {Ellis, Nick C. and Larsen-Freeman, Diane},
  title    = {Language emergence: {Implications} for applied linguistics. {Introduction} to the special issue},
  doi      = {10.1093/applin/aml028},
  number   = {4},
  pages    = {558--589},
  volume   = {27},
  journal  = {Applied Linguistics},
  keywords = {IA},
  year     = {2006},
}

@InCollection{LarsenFreeman2017,
  author    = {Larsen-Freeman, Diane},
  booktitle = {Complexity theory and language development. {In} celebration of {Diane} {Larsen}-{Freeman}},
  publisher = {John Benjamins},
  title     = {Complexity theory: {The} lessons continue},
  year      = {2017},
  address   = {Amsterdam},
  editor    = {Ortega, Lourdes and Han, ZhaoHong},
  number    = {48},
  pages     = {11--50},
  series    = {Language {Learning} and {Language} {Teaching}},
  keywords  = {IA, CDS},
}

@Book{DoernyeiEtAl2015,
  editor    = {Dörnyei, Zoltán and MacIntyre, Peter D. and Henry, Alastair},
  publisher = {Multilingual Matters},
  title     = {Motivational dynamics in language learning},
  year      = {2015},
  address   = {Bristol, Buffalo, Toronto},
}

@Book{VerspoorEtAl2011,
  editor    = {Verspoor, Marjolijn H. and de Bot, Kees and Lowie, Wander},
  publisher = {Benjamins},
  title     = {A dynamic approach to second language development: {Methods} and techniques},
  year      = {2011},
  address   = {Amsterdam},
  keywords  = {IA, CDS},
}

@InCollection{Waninge2015,
  author    = {Waninge, Frea},
  booktitle = {Motivational dynamics in language learning},
  publisher = {Multilingual Matters},
  title     = {Motivation, emotion and cognition: {Attractor} states in the classroom},
  year      = {2015},
  address   = {Bristol},
  editor    = {Dörnyei, Zoltán},
  number    = {81},
  pages     = {195--213},
  series    = {Second language acquisition},
  annote    = {OCLC: 881206824},
  keywords  = {IA, CDS},
}

@Article{Doernyei2014,
  author   = {Dörnyei, Zoltán},
  title    = {Researching complex dynamic systems: ``{Retrodictive} qualitative modelling'' in the language classroom},
  doi      = {10.1017/S0261444811000516},
  number   = {1},
  pages    = {80--91},
  volume   = {47},
  journal  = {Language Teaching},
  keywords = {IA, CDS},
  year     = {2014},
}

@Article{LarsenFreeman1997,
  author   = {Larsen-Freeman, Diane},
  title    = {Chaos/complexity science and second language acquisition},
  doi      = {10.1093/applin/18.2.141},
  number   = {2},
  pages    = {141--165},
  volume   = {18},
  journal  = {Applied Linguistics},
  keywords = {IA, CDS},
  year     = {1997},
}

@Article{DeBotEtAl2007,
  author   = {de Bot, Kees and Lowie, Wander and Verspoor, Marjolijn},
  title    = {A {Dynamic} {Systems} {Theory} approach to second language acquisition},
  doi      = {10.1017/S1366728906002732},
  number   = {1},
  pages    = {7--21},
  volume   = {10},
  journal  = {Bilingualism: Language and Cognition},
  keywords = {IA, CDS},
  year     = {2007},
}

@TechReport{SchmidtEtAl1996,
  author   = {Schmidt, Richard and Boraie, Deena and Kassabgy, Omneya},
  title    = {Foreign language motivation: {Internal} structure and external connections},
  year     = {1996},
  type     = {Working {Paper}},
  keywords = {IA},
  url      = {http://scholarspace.manoa.hawaii.edu/handle/10125/40769},
}

@Article{Dickinson1995,
  author   = {Dickinson, Leslie},
  title    = {Autonomy and motivation: {A} literature review},
  doi      = {10.1016/0346-251X(95)00005-5},
  number   = {2},
  pages    = {165--174},
  volume   = {23},
  journal  = {System},
  keywords = {IA},
  year     = {1995},
}

@Article{NoelsClement1989,
  author   = {Noels, Kimberly A. and Clément, Richard},
  title    = {Orientations to learning {German}: {The} effects of language heritage on second-language acquisition.},
  doi      = {10.3138/cmlr.45.2.245},
  number   = {2},
  pages    = {245--257},
  volume   = {45},
  journal  = {Canadian Modern Language Review},
  keywords = {IA, TheorBasics},
  year     = {1989},
}

@Article{MoiseEtAl1990,
  author   = {Moïse, Léna Céline and Clément, Richard and Noels, Kimberly},
  journal  = {Canadian Modern Language Review},
  title    = {Aspects motivationnels de l'apprentissage de l'espagnol au niveau universitaire},
  year     = {1990},
  number   = {4},
  pages    = {689--705},
  volume   = {46},
  doi      = {10.3138/cmlr.46.4.689},
  keywords = {IA, TheorBasics},
}

@Article{Doernyei1990,
  author   = {Dörnyei, Zoltán},
  title    = {Conceptualizing motivation in foreign‐language learning},
  number   = {1},
  pages    = {45--78},
  volume   = {40},
  journal  = {Language Learning},
  keywords = {IA, TheorBasics, KritikGardner},
  year     = {1990},
}

@Article{Doernyei1994,
  author   = {Dörnyei, Zoltán},
  title    = {Understanding {L2} motivation: {On} with the challenge!},
  number   = {4},
  pages    = {515--523},
  volume   = {78},
  journal  = {The Modern Language Journal},
  keywords = {TheorBasics, KritikGardner},
  year     = {1994},
}

@InCollection{Doernyei2009,
  author    = {Dörnyei, Zoltán},
  booktitle = {Motivation, language identity and the {L2} self.},
  publisher = {Multilingual Matters},
  title     = {The {L2} motivational self system},
  year      = {2009},
  address   = {Bristol},
  editor    = {Dörnyei, Zoltán and Ushioda, Ema},
}

@Book{LarsenFreemanCameron2008,
  author    = {Larsen-Freeman, Diane and Cameron, Lynne},
  publisher = {Oxford University Press},
  title     = {Complex systems and applied linguistics},
  year      = {2008},
  address   = {Oxford},
  keywords  = {IA, CDS},
}

@Article{Au1988,
  author   = {Au, Shun Y.},
  title    = {A critical appraisal of {Gardner}’s social-psychological theory of second-language ({L2}) learning},
  number   = {1},
  pages    = {75--99},
  volume   = {38},
  journal  = {Language Learning},
  keywords = {IA, TheorBasics},
  year     = {1988},
}

@Article{MarkusNurius1986,
  author   = {Markus, Hazel and Nurius, Paula},
  journal  = {American Psychologist},
  title    = {Possible selves},
  year     = {1986},
  number   = {9},
  pages    = {954--969},
  volume   = {41},
  keywords = {IA, TheorBasics},
}

@Article{Higgins1987,
  author   = {Higgins, E. Tory},
  journal  = {Psychological Review},
  title    = {Self-discrepancy: {A} theory relating self and affect},
  year     = {1987},
  number   = {3},
  pages    = {319--340},
  volume   = {94},
  keywords = {IA, TheorBasics},
}

@Article{GathercolePickering2000,
  author  = {Gathercole, Susan E. and Pickering, Susan J.},
  title   = {Working memory deficits in children with low achievements in the national curriculum at 7 years of age},
  doi     = {https://doi.org/10.1348/000709900158047},
  number  = {2},
  pages   = {177--194},
  volume  = {70},
  journal = {British Journal of Educational Psychology},
  year    = {2000},
}

@Article{BoyleEtAl2013,
  author  = {Boyle, Whitney and Lindell, Annukka K. and Kidd, Evan},
  title   = {Investigating the role of verbal working memory in young children’s sentence comprehension},
  doi     = {https://doi.org/10.1111/lang.12003},
  number  = {2},
  pages   = {211--242},
  volume  = {63},
  journal = {Language Learning},
  year    = {2013},
}

@Article{Otto1996,
  author  = {Ottó, István},
  journal = {Novelty},
  title   = {Language aptitude testing: {Unveiling} the mystery.},
  year    = {1996},
  number  = {3},
  pages   = {6--20},
  volume  = {3},
}

@Book{Sattler2001,
  editor    = {Sattler, Jerome M.},
  publisher = {Sattler Publisher Inc.},
  title     = {Assessment of children's cognitive applications},
  year      = {2001},
  address   = {La Mesa, California},
}

@Article{Cattell1943,
  author  = {Cattell, Raymond B.},
  title   = {The measurement of adult intelligence},
  doi     = {10.1037/h0059973},
  number  = {3},
  pages   = {153--193},
  volume  = {40},
  journal = {Psychological Bulletin},
  year    = {1943},
}

@Article{Baddeley2003,
  author  = {Baddeley, Alan D.},
  title   = {Working memory and language: {An} overview},
  doi     = {10.1016/S0021-9924(03)00019-4},
  number  = {3},
  pages   = {189--208},
  volume  = {36},
  journal = {Journal of Communication Disorders},
  year    = {2003},
}

@Article{Baddeley2000,
  author  = {Baddeley, Alan D.},
  title   = {The episodic buffer: {A} new component of working memory?},
  doi     = {10.1016/S1364-6613(00)01538-2},
  number  = {11},
  pages   = {417--423},
  volume  = {4},
  journal = {Trends in Cognitive Sciences},
  year    = {2000},
}

@Article{HasselhornGrube2003,
  author  = {Hasselhorn, Marcus and Grube, Dietmar},
  journal = {Sprache -- Stimme -- Gehör},
  title   = {Das {Arbeitsgedächtnis}: {Funktionsweise}, {Entwicklung} und {Bedeutung} für kognitive {Leistungsstörungen}},
  year    = {2003},
  number  = {27},
  pages   = {31--37},
}

@Article{FrenchOBrien2008,
  author  = {French, Leif M. and O'Brien, Irena},
  title   = {Phonological memory and children's second language grammar learning},
  doi     = {10.1017/S0142716408080211},
  number  = {3},
  pages   = {463--487},
  volume  = {29},
  journal = {Applied Psycholinguistics},
  year    = {2008},
}

@Article{SpecialeEtAl2004,
  author  = {Speciale, Giovanna and Ellis, Nick C. and Bywater, Tracey},
  journal = {Applied Psycholinguistics},
  title   = {Phonological sequence learning and short-term store capacity determine second language vocabulary acquisition},
  year    = {2004},
  number  = {25},
  pages   = {293--321},
}

@Article{OBrienEtAl2006,
  author  = {O'Brien, Irena and Segalowitz, Norman and Collentine, Joe},
  journal = {Applied Psycholinguistics},
  title   = {Phonological memory and lexical, narrative, and grammatical skills in second language oral production by adult learners},
  year    = {2006},
  number  = {27},
  pages   = {377--402},
}

@Article{Spearman1904,
  author  = {Spearman, Charles},
  journal = {American Journal of Psychology},
  title   = {General intelligence, objectively determined and measured},
  year    = {1904},
  pages   = {201--293},
  volume  = {15},
}

@Article{Carless2003,
  author  = {Carless, David R.},
  journal = {System},
  title   = {Factors in the implementation of task-based teaching in primary schools},
  year    = {2003},
  pages   = {485--500},
  volume  = {31},
}

@Article{Baker2008,
  author  = {Baker, Will},
  title   = {A critical examination of {ELT} in {Thailand}: {The} role of cultural awareness},
  doi     = {10.1177/0033688208091144},
  number  = {1},
  pages   = {131--146},
  volume  = {39},
  journal = {RELC Journal},
  year    = {2008},
}

@Article{Littlewood2006,
  author  = {Littlewood, William},
  journal = {Language Teaching},
  title   = {Communicative and task-based language teaching in {East} {Asian} classrooms},
  year    = {2006},
  pages   = {243--349},
  volume  = {40},
}

@Book{Gardner1983,
  author    = {Gardner, Howard},
  publisher = {Basic Books},
  title     = {Frames of mind: {The} theory of multiple intelligences},
  year      = {1983},
  address   = {New York},
}

@Article{RogersEtAl2017,
  author  = {Rogers, Vivienne and Meara, Paul and Bernett-Legh, Thomas and Curry, Clare and Davie, Emma},
  journal = {Journal of the European Second Language Association},
  title   = {Examining the {LLAMA} aptitude tests.},
  year    = {2017},
  number  = {1},
  pages   = {49--60},
  volume  = {1},
  url     = {https://www.euroslajournal.org/articles/10.22599/jesla.24/},
  urldate = {2021-01-12},
}

@Book{Plomin2019,
  author    = {Plomin, Robert},
  publisher = {Penguin Books},
  title     = {Blueprint, with a new afterword: {How} {DNA} makes us who we are},
  year      = {2019},
  address   = {London},
}

@Article{AvineriEtAl2015,
  author  = {Avineri, Netta and Johnson, Eric and Brice‐Heath, Shirley and McCarty, Teresa and Ochs, Elinor and Kremer‐Sadlik, Tamar and Blum, Susan and Zentella, Ana Celia and Rosa, Jonathan and Flores, Nelson and Alim, H. Samy and Paris, Django},
  title   = {Invited forum: {Bridging} the “language gap"},
  doi     = {10.1111/jola.12071},
  pages   = {66--86},
  volume  = {25},
  journal = {Journal of Linguistic Anthropology},
  year    = {2015},
}

@Article{SchepensEtAl2020,
  author  = {Schepens, Job and van Hout, Roeland and Jaeger, T. Florian},
  title   = {Big data suggest strong constraints of linguistic similarity on adult language learning},
  doi     = {10.1016/j.cognition.2019.104056},
  pages   = {104056},
  volume  = {194},
  journal = {Cognition},
  year    = {2020},
}

@Article{SchepensEtAl2016,
  author  = {Schepens, Job and Slik, Frans van der and Hout, Roeland van},
  title   = {L1 and {L2} distance effects in learning {L3} {Dutch}},
  doi     = {https://doi.org/10.1111/lang.12150},
  number  = {1},
  pages   = {224--256},
  volume  = {66},
  journal = {Language Learning},
  year    = {2016},
}

@Book{Tomasello2005,
  author    = {Tomasello, Michael},
  publisher = {Harvard University Press},
  title     = {Constructing a language: {A} usage-based theory of language acquisition},
  year      = {2005},
  address   = {Harvard},
}

@Article{DanemanCarpenter1980,
  author  = {Daneman, Meredyth and Carpenter, Patricia A.},
  journal = {Journal of Verbal Learning and Verbal Behavior},
  title   = {Individual differences in working memory and reading},
  year    = {1980},
  number  = {4},
  pages   = {450--66},
  volume  = {19},
}

@Book{Bandura1986,
  author    = {Bandura, Albert},
  publisher = {Prentice-Hall},
  title     = {Social foundations of thought and action: {A} social cognitive theory},
  year      = {1986},
  address   = {Englewood Cliffs, N.J.},
}

@Article{Rotter1990,
  author  = {Rotter, Julian B.},
  journal = {American Psychologist},
  title   = {Internal versus external control of reinforcement: {A} case history of a variable},
  year    = {1990},
  number  = {4},
  pages   = {489--493},
  volume  = {45},
}

@Article{BaddeleyEtAl1998,
  author  = {Baddeley, Alan D. and Gathercole, Susan and Papagno, Costanza},
  title   = {The phonological loop as a language learning device},
  doi     = {10.1037/0033-295X.105.1.158},
  number  = {1},
  pages   = {158--173},
  volume  = {105},
  journal = {Psychological Review},
  year    = {1998},
}

@Article{ConwayEtAl2005,
  author  = {Conway, Andrew R. A. and Kane, Michael J. and Bunting, Michael F. and Hambrick, D. Zach and Wilhelm, Oliver and Engle, Randall W.},
  title   = {Working memory span tasks: {A} methodological review and user’s guide},
  doi     = {10.3758/BF03196772},
  number  = {5},
  pages   = {769--786},
  volume  = {12},
  journal = {Psychonomic Bulletin \& Review},
  year    = {2005},
}

@Article{KigelEtAl2015,
  author  = {Kigel, Rebecca M. and McElvany, Nele and Becker, Michael},
  title   = {Effects of immigrant background on text comprehension, vocabulary, and reading motivation: {A} longitudinal study},
  doi     = {10.1016/j.learninstruc.2014.10.001},
  pages   = {73--84},
  volume  = {35},
  journal = {Learning and Instruction},
  year    = {2015},
}

@InCollection{Farkas2018,
  author    = {Farkas, George},
  booktitle = {Handbook of the sociology of education in the 21st century},
  publisher = {Springer},
  title     = {Family, schooling, and cultural capital},
  year      = {2018},
  address   = {Cham},
  editor    = {Schneider, Barbara},
  pages     = {3--38},
  doi       = {10.1007/978-3-319-76694-2_1}
}

@Book{Bourdieu1979,
  author    = {Bourdieu, Pierre},
  publisher = {Les Editions de Minuit},
  title     = {La distinction: {Critique} sociale du jugement},
  year      = {1979},
  address   = {Paris},
}

@Article{EntwisleAlexander1992,
  author     = {Entwisle, Doris R. and Alexander, Karl L.},
  journal    = {American Sociological Review},
  title      = {Summer setback: {Race}, poverty, school composition, and mathematics achievement in the first two years of school},
  year       = {1992},
  number     = {1},
  pages      = {72--84},
  volume     = {57},
  doi        = {10.2307/2096145},
}

@TechReport{KliemeDESIKonsortium2008,
  author      = {{DESI-Konsortium}},
  institution = {Deutsches Institut für Internationale Pädagogische Forschung (DIPF)},
  title       = {Unterricht und {Kompetenzerwerb} in {Deutsch} und {Englisch}: {Ergebnisse} der {DESI}-{Studie} (556610784)},
  year        = {2008},
  options = {indexing = false},
  address     = {Frankfurt am Main},
}

@Book{Gogolin1994,
  author    = {Gogolin, Ingrid},
  publisher = {Waxmann},
  title     = {Der monolinguale {Habitus} der multilingualen {Schule}},
  year      = {1994},
  address   = {Münster},
}

@Book{Cook2001,
  author    = {Cook, Vivian J.},
  publisher = {Edward Arnold},
  title     = {Second language learning and language teaching},
  year      = {2001},
  address   = {London},
}

@Article{TurnerEngle1989,
  author  = {Turner, Marilyn L and Engle, Randall W},
  title   = {Is working memory capacity task dependent?},
  doi     = {10.1016/0749-596X(89)90040-5},
  number  = {2},
  pages   = {127--154},
  volume  = {28},
  journal = {Journal of Memory and Language},
  year    = {1989},
}

@Article{BertheleUdry2019,
  author  = {Berthele, Raphael and Udry, Isabelle},
  journal = {International Journal of Multilingualism},
  title   = {Multilingual boost vs. cognitive abilities: {Testing} two theories of multilingual language learning in a primary school context},
  year    = {2019},
  pages   = {1--20},
  doi     = {10.1080/14790718.2019.1632315},
}

@Article{RimfeldEtAl2015,
  author  = {Rimfeld, Kaili and Dale, Philip S. and Plomin, Robert},
  journal = {Translational Psychiatry},
  title   = {How specific is second language-learning ability? {A} twin study exploring the contributions of first language achievement and intelligence to second language achievement},
  year    = {2015},
  number  = {9},
  pages   = {638},
  volume  = {5},
  doi     = {10.1177/0956797610368060},
}

@Book{Skehan1998,
  author    = {Skehan, Peter},
  publisher = {Oxford University Press},
  title     = {A cognitive approach to language learning},
  year      = {1998},
  address   = {Oxford},
}

@book{PimsleurEtAl2004,
  author    = {Pimsleur, Paul and Reed, Daniel J. and Stansfield, Charles W.},
  title     = {Pimsleur language aptitude battery {PLAB}},
  year      = {2004},
  location  = {Rockville},
  publisher = {Second Language Testing},
}

@Misc{Passepartout2008,
  author  = {{Passepartout, Arbeitsgruppe Rahmenbedingungen}},
  title   = {Passepartout: {Didaktische} {Grundsätze}},
  url     = {http://www.passepartout-sprachen.ch/informationen-fuer/lehrpersonen-primarstufe/worum-geht-es/},
  urldate = {2017-07-05},
  options = {indexing=false},
  year    = {2008},
}

@book{CarrollSapon2010,
  author    = {Carroll, John B. and Sapon, Stanley M.},
  title     = {Modern language aptitude test: {Elementary} manual},
  year      = {2010},
  location  = {Rockville},
  publisher = {Second Language Testing Foundation},
}

@Article{Cropley2000,
  author  = {Cropley, Arthur},
  title   = {Defining and measuring creativity: {Are} creativity tests worth using?},
  number  = {2},
  pages   = {72--79},
  volume  = {23},
  journal = {Roeper Review},
  year    = {2000},
}

@Misc{Testing2013,
  author    = {{Oxford English Testing}},
  options   = {indexing=false},
  title     = {Oxford young learners placement test},
  year      = {2013},
  publisher = {Oxford University Press},
  url       = {https://www.oxfordenglishtesting.com/},
  urldate   = {2017-05-05},
}

@Misc{EDK2004,
  author    = {EDK},
  title     = {Sprachenunterricht in der obligatorischen {Schule}: {Strategie} der {EDK} und {Arbeitsplan} für die gesamtschweizerische {Koordination}},
  options   = {indexing=false},
  publisher = {Schweizerische Konferenz der Kantonalen Erziehungsdirektoren},
  year      = {2004},
}

@Book{Stoeckli2004,
  author    = {Stöckli, Georg},
  publisher = {Sauerländer Verlag},
  title     = {Motivation im {Fremdsprachenunterricht}: {Eine} theoriegeleitete empirische {Untersuchung} in 5. und 6. {Primarschulklassen} mit {Unterricht} in {Englisch} und {Französisch}},
  year      = {2004},
  address   = {Oberentfelden},
  series    = {Pädagogik bei {Sauerländer}},
}

@Article{NowickiStrickland1973,
  author  = {Nowicki, Stephen and Strickland, Bonnie R.},
  journal = {Journal of Consulting and Clinical Psychology},
  title   = {A locus of control scale for children},
  year    = {1973},
  number  = {1},
  pages   = {148--154},
  volume  = {40},
}

@book{LenhardSchneider2006,
  author    = {Lenhard, Wolfgang and Schneider, Wolfgang},
  title     = {{ELFE} 1--6: {Ein} {Leseverständnistest} für {Erst}- bis {Sechstklässler}},
  year      = {2006},
  location  = {Göttingen},
  publisher = {Hogrefe},
}

@book{Zuerich2017,
  author    = {{Bildungsdirektion Kanton Zürich}},
  options   = {indexing=false},
  title     = {Lehrplan 21: {Sprachen}},
  year      = {2017},
  location  = {Zürich},
  publisher = {Lehrmittelverlag Zürich},
}

@InCollection{BabaiiShahri2010,
  author    = {Babaii, Esmat and Shahri, Somaiyeh},
  booktitle = {Der {C}-{Test}: {Beiträge} aus der aktuellen {Forschung}/ {The} {C}-{Test}: {Contributions} from {Current} {Research}},
  publisher = {Lang},
  title     = {Psychometric rivalry: {The} c-test and the cloze test interacting with test takers' characteristics},
  year      = {2010},
  address   = {Frankfurt am Main},
  editor    = {Grotjahn, Rüdiger},
  pages     = {41--56},
}

@InCollection{PorschWilden2017,
  author    = {Porsch, Raphaela and Wilden, Eva},
  booktitle = {Researching the complexity of early language learning in instructed context},
  publisher = {Multilingual Matters},
  title     = {The development of a curriculum-based c-test for young {EFL} learners},
  year      = {2017},
  address   = {Clevedon},
  editor    = {Enver, Janet and Lindgren, Eva},
  pages     = {289--304},
}

@Misc{Vanhove2018,
  author  = {Vanhove, Jan},
  title   = {A data entry form with sanity checks},
  year    = {2018},
  url     = {https://janhove.github.io/design/2018/07/06/data-entry-failsafes},
  urldate = {2020-07-31},
}

@Article{BerningerEtAl1992,
  author  = {Berninger, Virginia W. and Yates, Cheryl and Cartwright, Ana and Rutberg, Judith and Remy, Elizabeth and Abbott, Robert},
  title   = {Lower-level developmental skills in beginning writing},
  doi     = {10.1007/BF01027151},
  number  = {3},
  pages   = {257--280},
  volume  = {4},
  journal = {Reading and Writing},
  year    = {1992},
}

@Article{GrahamEtAl2006,
  author  = {Graham, Steve and Struck, Miriam and Santoro, Julie and Berninger, Virginia W.},
  title   = {Dimensions of good and poor handwriting legibility in first and second graders: {Motor} programs, visual–spatial arrangement, and letter formation parameter setting},
  doi     = {10.1207/s15326942dn2901_4},
  number  = {1},
  pages   = {43--60},
  volume  = {29},
  journal = {Developmental Neuropsychology},
  pmid    = {16390288},
  year    = {2006},
}

@Article{BerningerEtAl1997,
  author  = {Berninger, Virginia W. and Vaughan, Katherine B. and Abbott, Robert D. and Abbott, Sylvia P. and Rogan, Laura Woodruff and Brooks, Allison and Reed, Elizabeth and Graham, Steve},
  title   = {Treatment of handwriting problems in beginning writers: {Transfer} from handwriting to composition},
  number  = {4},
  pages   = {652--666},
  volume  = {89},
  journal = {Journal of Educational Psychology},
  year    = {1997},
}

@book{BucherZemp2019,
  author    = {Bucher, Monika and Zemp, Benedict},
  title     = {Stundentafeln zum {Lehrplan} 21: {Auswertung} 2017\slash 2018\slash 2019},
  year      = {2019},
  location  = {Luzern},
  publisher = {BKZ Geschäftsstelle Luzern},
}

@book{Brown2006,
     author = {Brown, Timothy A.},
     year = {2006},
     title = {Confirmatory factor analysis for applied research},
     location = {New York, London},
     publisher = {The Guilford Press}
 }

@Article{VafaeeEtAl2017,
  author  = {Vafaee, Payman and Suzuki, Yuichi and Kachisnke, Ilina},
  title   = {Validating grammaticality judgment tests: {Evidence} from two new psycholinguistic measures},
  doi     = {10.1017/S0272263115000455},
  number  = {1},
  pages   = {59--95},
  volume  = {39},
  journal = {Studies in Second Language Acquisition},
  year    = {2017},
}

@misc{Revelle2018,
     author = {Revelle William},
     year = {2018},
     title = {{psych}: {Procedures} for personality and psychological research},
     publisher = {Northwestern scholars},
     url = {https://www.scholars.northwestern.edu/en/publications/psych-procedures-for-personality-and-psychological-research}
}

@book{BortzSchuster2010,
	address = {Berlin},
	title = {Statistik für {Human}- und {Sozialwissenschaftler}},
	publisher = {Springer-Verlag},
	author = {Bortz, Jürgen and Schuster, Christof},
	year = {2010}
}

@article{ProoijenKloot2001,
	title = {Confirmatory analysis of exploratively obtained factor structures},
	volume = {61},
	number = {5},
	journal = {Educational and Psychological Measurement},
	author = {van Prooijen, Jan-Willem and van der Kloot, Willem A.},
	year = {2001},
	pages = {777--792}
}

@misc{Hallquist2018,
	title = {Introductory {SEM} using lavaan},
	url = {https://psu-psychology.github.io/r-bootcamp-2018/talks/lavaan_tutorial.html},
	note = {2018 PSU Psychology R Bootcamp},
	author = {Hallquist, Michael},
	year = {2018}
}

@book{HusfeldtLehmann2009,
	address = {Aarau},
	title = {Englisch an der {Primarschule}: {Lernstandserhebung} im {Kanton} {Aargau}},
	publisher = {BKS},
	author = {Husfeldt, Vera and {Bader Lehmann}, Ursula},
	year = {2009},
	keywords = {anxiety, IA, Mot-Leistung, Studies, Studies CH}
}

@book{KreisEtAl2014,
	address = {Kreuzlingen},
	title = {Englischunterricht in der {Primarschule} des {Kantons} {Thurgau}: {Schlussbericht} der {Evaluation}},
	publisher = {Pädagogische Hochschule Thurgau},
	author = {Kreis, Annelies and Williner, Michaela and Maeder, Christoph},
	year = {2014},
	keywords = {IA, Mot-Leistung, Studies CH}
}

@article{WangGuthrie2004,
	title = {Modeling the effects of intrinsic motivation, extrinsic motivation, amount of reading, and past reading achievement on text comprehension between {U}.{S}. and {Chinese} students},
	volume = {39},
	number = {2},
	journal = {Reading Research Quarterly},
	author = {Wang, Judy Huei-Yu and Guthrie, John T.},
	year = {2004},
	pages = {162--186},
}

@article{BeckerEtAl2010,
	title = {Intrinsic and extrinsic reading motivation as predictors of reading literacy: {A} longitudinal study},
	volume = {102},
	number = {4},
	journal = {Journal of Educational Psychology},
	author = {Becker, Michael and McElvany, Nele and Kortenbruck, Marthe},
	year = {2010},
	pages = {773--785}
}

@incollection{PajaresEtAl2009,
	address = {Amsterdam},
	title = {Writing self-efficacy and its relation to gender, writing motivation, and writing competence: {A} developmental perspective},
	booktitle = {Writing and Motivation},
	publisher = {Elsevier},
	author = {Pajares, Frank and Valiante, Gio and Cheong, Yuk Fai},
	editor = {Hidi, Suzanne and Boscolo, Pietro},
	year = {2009},
	pages = {141--162}
}

@article{CsizerKormos2009ZweiterEintrag,
	title = {Modelling the role of inter-cultural contact in the motivation of learning {English} as a foreign language},
	volume = {30},
	doi = {10.1093/applin/amn025},
	number = {2},
	journal = {Applied Linguistics},
	author = {Csizér, Kata and Kormos, Judit},
	year = {2009},
	pages = {166--185},
}

@techreport{Vanhove2021,
	address={Fribourg, Switzerland},
	title={Language aptitude in primary school},
	url={https://osf.io/d9gnh/},
	author={Vanhove, Jan},
	year=2021,
	publisher = {University of Fribourg and Institute of Multilingualism}
}
@book{KuhnJohnson2013,
	publisher={Springer},
	address={New York},
	title={Applied Predictive Modeling},
	doi={10.1007/978-1-4614-6849-3},
	author={Kuhn, Max and Johnson, Kjell},
	year=2013,
}

@Article{RobertsEtAl2017,
  author  = {Roberts, David R. and Bahn, Volker and Ciuti, Simone and Boyce, Mark S. and Elith, Jane and Guillera‐Arroita, Gurutzeta and Hauenstein, Severin and Lahoz‐Monfort, José J. and Schröder, Boris and Thuiller, Wilfried and Warton, David I. and Wintle, Brendan A. and Hartig, Florian and Dormann, Carsten F.},
  title   = {Cross-validation strategies for data with temporal, spatial, hierarchical, or phylogenetic structure},
  doi     = {10.1111/ecog.02881},
  number  = {8},
  pages   = {913--929},
  volume  = {40},
  journal = {Ecography},
  year    = {2017},
}

@Article{YarkoniWestfall2017,
  author  = {Yarkoni, Tal and Westfall, Jacob},
  title   = {Choosing Prediction Over Explanation in Psychology: {Lessons} From Machine Learning},
  doi     = {10.1177/1745691617693393},
  number  = {6},
  pages   = {1100--1122},
  volume  = {12},
  journal = {Perspectives on Psychological Science},
  year    = {2017},
}
@article{VanhoveEtAl2019,
	doi={10.17605/OSF.IO/VW4PC},
	title={The lexical richness of short {French}, {German} and {Portuguese} texts written by children},
	author={Vanhove, Jan and Bonvin, Audrey and Berthele, Raphael and Lambelet, Amelia},
	year=2019,
}
@article{Breiman2001,
	journal={Statistical Science},
	doi={10.1214/ss/1009213726},
	number=3,
	title={Statistical Modeling: {The} Two Cultures (with comments and a rejoinder by the author)},
	volume=16,
	author={Breiman, Leo},
	pages={199--231},
	year=2001,
}

@incollection{Slobin1985,
	booktitle={The Crosslinguistic study of Language Acquisition},
	publisher={Lawrence Erlbaum},
	address={Hillsdale, N.J.},
	title={Crosslinguistic evidence for the language-making capacity},
	author={Slobin, Dan I.},
	editor={Slobin, Dan I.},
	pages={1999--1256},
	year=1985,
}

@article{FernaldEtAl2013,
	journal={Developmental Science},
	doi={10.1111/desc.12019},
	number=2,
	title={{SES} differences in language processing skill and vocabulary are evident at 18 months},
	volume=16,
	author={Fernald, Anne and Marchman, Virginia A. and Weisleder, Adriana},
	pages={234--248},
	year=2013,
}

@article{HäberlinEtAl2005,
	journal={Zeitschrift für Pädagogik},
	title={{Verzerrte Chancen auf dem Lehrstellenmarkt: Untersuchungen zu Benachteiligungen von ausländischen und von weiblichen Jugendlichen bei der Suche nach beruflichen Ausbildungsplätzen in der Schweiz}},
	volume=51,
	author={Häberlin, Urs and Imdorf, Christian and Kronig, Winfried},
	year=2005,
}

@book{KüblerEtAl2014,
	publisher={Lehrerinnen und Lehrer Schaffhausen},
	address={Schaffhausen},
	title={{Fremdsprachenunterricht in der Volkschule: Ein Überblick über die Argumente und den Forschungsstand (Expertise)}},
	author={Kübler, Markus and Kammer, Roland and Schneckenburger, Cordula},
	year=2014,
}

@article{AvineriJohnson2015,
	journal={Journal of Linguistic Anthropology},
	title={Bridging the language gap},
	volume=25,
	author={Avineri, Netta and Johnson, Eric J.},
	year=2015,
}

@book{Klieme2008,
	publisher={Beltz},
	address={Weinheim},
	title={{Unterricht und Kompetenzerwerb in Deutsch und Englisch: Ergebnisse der DESI-Studie}},
	author={{DESI-Konsortium}},
	options = {indexing=false},
	year=2008,
}

@incollection{LucasIrwin2018,
	series={Handbooks of Sociology and Social Research},
	booktitle={Handbook of the Sociology of Education in the 21st Century},
	doi={10.1007/978-3-319-76694-2},
	publisher={Springer},
	title={Race, class and theories of inequality in the sociology of education},
	author={Lucas, Samuel R. and Irwin, Véronique},
	editor={Schneider, Barbara},
	pages={73--107},
	year=2018,
}

@article{Kronig2003,
	journal={Zeitschrift für Erziehungswissenschaft},
	volume = {6},
	number = {1},
	title={{Das Konstrukt des leistungsschwachen Migrantenkindes}},
	author={Kronig, Winfried},
	pages={124--139},
	year=2003,
}

@book{HerdinaJessner2002,
	publisher={Multilingual Matters},
	address={Clevedon},
	title={A dynamic model of multilingualism: {Perspectives} of change in psycholinguistics},
	author={Herdina, Philip and Jessner, Ulrike},
	year=2002,
}

@article{Riley2017,
	journal={The Catalyst},
	number=2,
	title={Bourdieu’s class theory},
	volume=1,
	author={Riley, Dylan},
	pages={107--136},
	year=2017,
}

@article{JussimHarber2005,
	journal={Personality and Social Psychology Review},
	doi={10.1207/s15327957pspr0902_3},
	number=2,
	title={Teacher expectations and self-fulfilling prophecies: {Knowns} and unknowns, resolved and unresolved controversies},
	volume=9,
	author={Jussim, Lee and Harber, Kent D.},
	pages={131--155},
	year=2005,
}

@article{Oberski2014,
	journal={Journal of Statistical Software},
	doi={10.18637/jss.v057.i01},
	number=1,
	title={lavaan.survey: {An} {R} package for complex survey analysis of structural equation models},
	volume=57,
	author={Oberski, Daniel},
	pages={1--27},
	year=2014,
}

@book{Foucault1975,
	series={Bibliothèque des histoires},
	publisher={Gallimard},
	address={Paris},
	title={Surveiller et punir: {Naissance} de la prison},
	author={Foucault, Michel},
	year=1975,
}

@incollection{KuhnMai2015,
	booktitle={{Migration -- Auflösungen und Grenzziehungen: Perspektiven einer erziehungswissenschaftlichen Migrationsforschung}},
	publisher={VS-Verlag},
	address={Wiesbaden},
	title={{Ethnisierende Differenzierungen im Elementarbereich: Sprachstandserhebungsverfahren zwischen landes- und kommunalpolitischen Direktiven und situiertem eigenlogischen Vollzug}},
	author={Kuhn, Melanie and Mai, Miriam},
	editor={Geier, Thomas and Zabrowski, Karin},
	pages={115--134},
	year=2015,
}

@article{Heid1988,
	journal={Zeitschrift für Pädagogik},
	title={{Zur Paradoxie der bildungspolitischen Forderung nach Chancengleichheit}},
	volume=34,
	author={Heid, Helmut},
	pages={1--17},
	year=1988,
}

@article{Cenoz2003,
	journal={International Journal of Bilingualism},
	doi={10.1177/13670069030070010501},
	number=1,
	title={The additive effect of bilingualism on third language acquisition: {A} review},
	volume=7,
	author={Cenoz, Jasone},
	pages={71--87},
	year=2003,
}

@Article{Albert2006,
  author  = {Albert, Ágnes},
  title   = {Learner creativity as a potentially important individual variable: {Examining} the relationships between learner creativity, language aptitude and level of proficiency},
  pages   = {77},
  url     = {http://mek.niif.hu/04900/04902/04902.pdf#page=72},
  urldate = {2017-04-15},
  journal = {University of Pécs Roundtable 2006: Empirical Studies in English Applied Linguistics},
  year    = {2006},
}

@Article{Runco2004,
  author  = {Runco, Mark A.},
  journal = {Annual Review of Psychology},
  title   = {Creativity},
  year    = {2004},
  pages   = {657--687},
  volume  = {55},
  url     = {http://www.annualreviews.org/toc/psych/55/1},
  urldate = {2017-05-12},
}

@Article{Otto1998,
  author  = {Ottó, István},
  journal = {TESOL quarterly},
  title   = {The relationship between individual differences in learner creativity and language learning success},
  year    = {1998},
  number  = {4},
  pages   = {763--773},
  volume  = {32},
  url     = {http://www.jstor.org/stable/3588011},
  urldate = {2017-05-12},
}

@Article{Guilford1959,
  author  = {Guilford, Joy Paul},
  journal = {American Psychologist},
  title   = {Three faces of intellect},
  year    = {1959},
  pages   = {469--479},
  volume  = {14},
}

@InCollection{Carroll1993,
  author    = {Carroll, John B.},
  booktitle = {Human cognitive abilities: {A} survey of factor analytic studies},
  publisher = {Cambridge University Press},
  title     = {Abilities in the domain of idea production},
  year      = {1993},
  address   = {Cambridge},
  pages     = {394--439},
}

@InCollection{SternbergOHara1999,
  author    = {Sternberg, Robert J. and O'Hara, Linda A.},
  booktitle = {Handbook of {Creativity}},
  publisher = {Cambridge University Press},
  title     = {Creativity and intelligence},
  year      = {1999},
  address   = {Cambridge},
  editor    = {Sternberg, Robert J.},
  pages     = {251--272},
}

@InCollection{Vogt2010,
  author    = {Vogt, Thomas},
  booktitle = {Kalkulierte {Kreativität}},
  title     = {Kreativität und {Kognition}},
  doi       = {10.1007/978-3-531-92340-6_9},
  pages     = {189--231},
  publisher = {VS Verlag für Sozialwissenschaften},
  year      = {2010},
}

@Article{Ricciardelli1992,
  author  = {Ricciardelli, Lina A.},
  title   = {Creativity and bilingualism},
  doi     = {10.1002/j.2162-6057.1992.tb01183.x},
  number  = {4},
  pages   = {242--254},
  volume  = {26},
  journal = {The Journal of Creative Behavior},
  year    = {1992},
}

@Article{FleithEtAl2002,
  author  = {Fleith, Denise de Souza and Renzulli, Joseph S. and Westberg, Karen L.},
  journal = {Creativity Research Journal},
  title   = {Effects of a creativity training program on divergent thinking abilities and self-concept in monolingual and bilingual classrooms},
  year    = {2002},
  number  = {3-4},
  pages   = {373--386},
  volume  = {14},
}

@Article{GhonsoolyShowqi2012,
  author  = {Ghonsooly, Behzad and Showqi, Sara},
  title   = {The effects of foreign language learning on creativity},
  doi     = {10.5539/elt.v5n4p161},
  number  = {4},
  pages   = {161},
  volume  = {5},
  journal = {English Language Teaching},
  year    = {2012},
}

@InCollection{Simonton2008,
  author    = {Simonton, Dean K.},
  booktitle = {An introduction to bilingualism principles and processes},
  publisher = {Lawrence Erlbaum Associates},
  title     = {Bilingualism and creativity},
  year      = {2008},
  address   = {Hillsdale, NJ},
  pages     = {147--166},
}

@Article{AlbertKormos2011,
  author  = {Albert, Ágnes and Kormos, Judit},
  title   = {Creativity and narrative task performance: {An} exploratory study},
  number  = {s1},
  pages   = {73--99},
  volume  = {61},
  journal = {Language Learning},
  year    = {2011},
}

@Article{ShowqiGhonsooly2015,
  author  = {Showqi, Sara and Ghonsooly, Behzad},
  journal = {Journal of Language Teaching and Research},
  title   = {The {Nature} of {Metacognitive} {Awareness} in {Foreign} {Language} {Learners} and {Its} {Interaction} with {Creativity}},
  year    = {2015},
  volume  = {6},
}

@Book{Kline2011,
  author    = {Kline, Rex B.},
  publisher = {The Guilford Press},
  title     = {Principles and practice of structural equation modeling},
  year      = {2011},
  address   = {New York},
  edition   = {3},
  isbn      = {978-1-60623-876-9},
}

@Article{WestfallYarkoni2016,
  author  = {Westfall, Jacob and Yarkoni, Tal},
  title   = {Statistically controlling for confounding constructs is harder than you think},
  doi     = {10.1371/journal.pone.0152719},
  number  = {3},
  volume  = {11},
  journal = {PLOS One},
  year    = {2016},
}

@Article{BrunnerAustin2009,
  author  = {Brunner, Jerry and Austin, Peter C.},
  title   = {Inflation of {Type} {I} error rate in multiple regression when independent variables are measured with error},
  number  = {1},
  pages   = {33--46},
  url     = {https://www.jstor.org/stable/25653459},
  urldate = {2019-04-18},
  volume  = {37},
  journal = {The Canadian Journal of Statistics/La Revue Canadienne de Statistique},
  year    = {2009},
}

@Article{Rohrer2018,
  author  = {Rohrer, Julia M.},
  journal = {Association for Psychological Science},
  title   = {Thinking clearly about correlations and causation: {Graphical} causal models for observational data},
  year    = {2018},
  number  = {1},
  pages   = {27--42},
  volume  = {1},
  doi     = {10.1177/251524591774562},
}

@Article{Skehan1996,
  author  = {Skehan, Peter},
  title   = {A framework for the implementation of task-based instruction.},
  doi     = {10.1093/applin/17.1.38},
  number  = {1},
  pages   = {38--62},
  volume  = {17},
  journal = {Applied Linguistics},
  year    = {1996},
}

@Article{Ellis2009,
  author  = {Ellis, Rod},
  title   = {Task-based language teaching: {Sorting} out the misunderstandings},
  doi     = {10.1111/j.1473-4192.2009.00231.x},
  number  = {3},
  pages   = {221--246},
  volume  = {19},
  journal = {International Journal of Applied Linguistics},
  year    = {2009},
}

@InCollection{Grotjahn2002,
  author    = {Grotjahn, Rüdiger},
  booktitle = {Der {C}-{Test}. {Theoretische} {Grundlagen} und praktische {Anwendung}},
  publisher = {AKS-Verlag},
  title     = {Konstruktion und {Einsatz} von {C}-{Tests}: {Ein} {Leitfaden} für die {Praxis}},
  year      = {2002},
  address   = {Bochum},
  editor    = {Grotjahn, Rüdiger},
  pages     = {211--255},
  volume    = {4},
}

@Misc{Team2013,
  author    = {{R Core Team}},
  title     = {R},
  year      = {2013},
  address   = {Vienna, Austria},
  publisher = {R Foundation for Statistical Computing},
  url       = {http://www.R-project.org/},
  options   = {indexing=false}
}

@Misc{Vanhove2015,
  author  = {Vanhove, Jan},
  title   = {Controlling for confounding variables in correlational research: {Four} caveats},
  year    = {2015},
  url     = {https://janhove.github.io/design/2015/08/24/caveats-confounds-correlational-designs},
  urldate = {2020-04-28},
}

@Article{KolenikovBollen2012,
  author  = {Kolenikov, Stanislav and Bollen, Kenneth A.},
  journal = {Sociological Methods \& Research},
  title   = {Testing {Negative} {Error} {Variances}: {Is} a {Heywood} {Case} a {Symptom} of {Misspecification}?},
  year    = {2012},
  number  = {1},
  pages   = {124--167},
  volume  = {41},
}

@InCollection{Cook2012,
  author    = {Cook, Vivian J.},
  booktitle = {The encyclopedia of applied linguistics},
  publisher = {Blackwell Publishing},
  title     = {Multicompetence},
  year      = {2012},
  address   = {Hoboken, NJ, USA},
  editor    = {Chapelle, Carol A.},
  pages     = {1--6},
  doi       = {10.1002/9781405198431.wbeal0778},
  
}

@Article{Cook1992,
  author  = {Cook, Vivian J.},
  title   = {Evidence for multicompetence},
  doi     = {10.1111/j.1467-1770.1992.tb01044.x},
  number  = {4},
  pages   = {557--591},
  volume  = {42},
  journal = {Language Learning},
  year    = {1992},
}

@Book{ArnetClarkEtAl2013,
  author    = {Arnet-Clark, Illya and Frank Schmid, Silvia and Grimes, Linda and Ritter, Guido and Rüdiger-Harper, Jean and Thum-Widmer, Sandra and Villiger, Chantal},
  publisher = {Klett und Balmer},
  title     = {New {World}: {English} as a second foreign language},
  year      = {2013},
  address   = {Baar},
}

@Book{BertschyEtAl2012,
  author    = {Bertschy, Ida and Grossenbacher, Barbara and Sauer, Esther and Thommen, Andi},
  publisher = {Schulverlag plus AG},
  title     = {Mille feuilles},
  year      = {2012},
  address   = {Bern},
}

@Book{DoernyeiRyan2015,
  author    = {Dörnyei, Zoltán and Ryan, Stephen},
  publisher = {Routledge},
  title     = {The psychology of the language learner revisited},
  year      = {2015},
  address   = {New York},
}

@InCollection{Gardner1990,
  author    = {Gardner, Robert C.},
  booktitle = {Language aptitude reconsidered},
  publisher = {ERIC Clearinghouse},
  title     = {Attitudes, motivation, and personality as predictors of success in foreign language learning},
  year      = {1990},
  address   = {Washington, D.C.},
  editor    = {Parry, Thomas S. and Stansfield, Charles W.},
}

@Book{PfenningerSingleton2017,
  author    = {Pfenninger, Simone and Singleton, David},
  date      = {2017},
  title     = {Beyond age effects in instructional {L2} learning: {Revisiting} the age factor},
  location  = {Bristol},
  publisher = {Multilingual Matters},
  keywords  = {{IA}},
}

@Article{CsizerLukacs2010,
  author       = {Csizér, Kata and Lukács, Gabriella},
  date         = {2010},
  journaltitle = {System},
  title        = {The comparative analysis of motivation, attitudes and selves: {The} case of {English} and {German} in {Hungary}},
  doi          = {10.1016/j.system.2009.12.001},
  number       = {1},
  pages        = {1--13},
  volume       = {38},
  keywords     = {{IA}, Vgl. E + andere Ls},
  shortjournal = {System},
}

@InCollection{Nikolov2009,
  author    = {Nikolov, Marianne},
  booktitle = {Early Learning of Modern Foreign Languages. Processes and Outcomes},
  date      = {2009},
  title     = {Early modern foreign language programmes and outcomes: {Factors} contributing to {Hungarian} learners' proficiency},
  editor    = {Nikolov, Marianne},
  location  = {Bristol, Buffalo, Toronto},
  pages     = {90--107},
  publisher = {Multilingual Matters},
  keywords  = {Einfluss E auf F, {IA}},
}

@Article{CsizerKormos2008,
  author       = {Csizér, Kata and Kormos, Judit},
  date         = {2008},
  journaltitle = {Zeitschrift für Interkulturellen Fremdsprachenunterricht},
  title        = {The role of intercultural contact in learning {German} in {Hungary}: {A} structural equation modelling approach},
  number       = {2},
  pages        = {14 S.},
  volume       = {13},
  keywords     = {{IA}, Kontakt L2, {SEM}, Statistics},
}

@Article{ClementKruidenier1985,
  author       = {Clément, Richard and Kruidenier, Bastian G.},
  date         = {1985},
  journaltitle = {Journal of language and Social Psychology},
  title        = {Aptitude, attitude and motivation in second language proficiency: {A} test of {Clement}'s model},
  number       = {1},
  pages        = {21--37},
  volume       = {4},
  keywords     = {{IA}, Kontakt L2, L2C},
}

@InCollection{Clement1980,
  author    = {Clément, Richard},
  booktitle = {Language},
  date      = {1980-01-01},
  title     = {Ethnicity, contact and communicative competence in a second language},
  doi       = {10.1016/B978-0-08-024696-3.50027-2},
  editor    = {Giles, Howard and Robinson, Peter W. and Smith, Philip M.},
  isbn      = {978-0-08-024696-3},
  location  = {Amsterdam},
  pages     = {147--154},
  publisher = {Pergamon},
  keywords  = {{IA}, Kontakt L2, L2C},
}

@InCollection{SampasivamClement2014,
  author    = {Sampasivam, Sinthujaa and Clément, Richard},
  booktitle = {Multiple Perspectives on the Self in {SLA}},
  date      = {2014},
  title     = {The dynamics of second language confidence: {Contact} and interaction},
  editor    = {Mercer, Sarah and Williams, Marion},
  location  = {Bristol, Buffalo, Toronto},
  pages     = {23--40},
  publisher = {Multilingual Matters},
  keywords  = {{IA}, Kontakt L2, L2C},
}

@Article{Henry2010,
  author       = {Henry, Alastair},
  date         = {2010-03-01},
  journaltitle = {Journal of Multilingual and Multicultural Development},
  title        = {Contexts of possibility in simultaneous language learning: {Using} the {L2} Motivational Self System to assess the impact of global {English}},
  doi          = {10.1080/01434630903471439},
  number       = {2},
  pages        = {149--162},
  volume       = {31},
}

@InCollection{Noels1999,
  author    = {Noels, Kimberly A.},
  booktitle = {Language and social psychology: Current directions in Canadian Research. Symposium conducted at the meeting of the Canadian Psychological Association},
  date      = {1999},
  title     = {Intrinsic, extrinsic and integrative orientations for learning German: An examination of the role of others in supporting learners' motivation},
  editor    = {Noels, Kimberly A. and Clément, Richard},
  location  = {Halifax, {NS}, Canada},
  keywords  = {{IA}, {TheorBasics}, Kontexteffekte, {SDT}-{SEM}},
}

@Article{BaayenEtAl2008,
  author       = {Baayen, R. Harald and Davidson, Doug J. and Bates, Douglas M.},
  date         = {2008},
  journaltitle = {Journal of Memory and Language},
  title        = {Mixed-effects modeling with crossed random effects for subjects and items},
  number       = {4},
  pages        = {390--412},
  volume       = {59},
  keywords     = {Statistics, {MLM}},
}

@Article{DoernyeiCsizer2002,
  author       = {Dörnyei, Zoltán and Csizér, Kata},
  date         = {2002},
  journaltitle = {Applied Linguistics},
  title        = {Some dynamics of language attitudes and motivation: {Results} of a longitudinal nationwide survey},
  number       = {4},
  pages        = {421--462},
  volume       = {23},
}

@Book{Doernyei2005ZweiterEintrag,
  author    = {Dörnyei, Zoltán},
  date      = {2005},
  title     = {The psychology of the language learner: {Individual} differences in second language acquisition},
  location  = {Mahwah, {NJ}},
  publisher = {Lawrence Erlbaum},
}

@Book{DeciRyan1985ZweiterEintrag,
  author    = {Deci, Edward L. and Ryan, Richard M.},
  date      = {1985},
  title     = {Intrinsic motivation and self-determination in human behaviour},
  location  = {New York},
  publisher = {Plenum},
  keywords  = {{TheorBasics}},
}

@misc{Team2019,
  author    = {{R Core Team}},
  date      = {2019},
  title     = {R: {A} language and environment for statistical computing},
  location  = {Wien, Österreich},
  url       = {https://www.R-project.org/},
  version   = {3.5.1},
  keywords  = {{IA}},
  publisher = {R Foundation for Statistical Computing},
  options = {indexing=false}
}

@Book{Doernyei2010ErsterEintrag,
  author    = {Dörnyei, Zoltán},
  date      = {2010},
  title     = {Questionnaires in second language research},
  edition   = {2},
  location  = {New York},
  publisher = {Routledge},
  keywords  = {{IA}},
}

@Article{Iwaniec2014,
  author       = {Iwaniec, Janina},
  date         = {2014-08-01},
  journaltitle = {System},
  title        = {Motivation of pupils from southern {Poland} to learn {English}},
  doi          = {10.1016/j.system.2014.05.003},
  pages        = {67--78},
  volume       = {45},
  keywords     = {{IA}, Studies, Kontexteffekte, anxiety, {SK}, {ELF}, ideal L2 self, instrumentality, intrinsic motivation, Parental Encouragement, peers},
  shortjournal = {System},
}

@Article{SugitaMcEownEtAl2017,
  author       = {Sugita {McEown}, Maya and Sawaki, Yasuyo and Harada, Tetsuo},
  date         = {2017-09-01},
  journaltitle = {The Modern Language Journal},
  title        = {Foreign language learning motivation in the {Japanese} context: {Social} and political influences on self},
  doi          = {10.1111/modl.12411},
  number       = {3},
  pages        = {533--547},
  volume       = {101},
  keywords     = {{IA}, Kontexteffekte, Parental Encouragement, Vgl. E + andere Ls},
  shortjournal = {The Modern Language Journal},
}

@Article{CourtneyEtAl2017,
  author       = {Courtney, Louise and Graham, Suzanne and Tonkyn, Alan and Marinis, Theodoros},
  date         = {2017-12-01},
  journaltitle = {Applied Linguistics},
  title        = {Individual differences in early language learning: {A} study of {English} learners of {French}},
  doi          = {10.1093/applin/amv071},
  number       = {6},
  pages        = {824--847},
  volume       = {38},
  keywords     = {{IA}, studies {PS}},
  shortjournal = {Appl Linguist},
}

@Article{OwEtAl2012,
  author       = {von Ow, Anna and Husfeldt, Vera and Bader-Lehmann, Ursula},
  date         = {2012},
  journaltitle = {Babylonia},
  title        = {{Einflussfaktoren für den Lernerfolg von Englisch an der Primarschule}},
  number       = {1},
  pages        = {52--57},
  keywords     = {{IA}, Studies, Studies {CH}, Mot-Leistung, {SK}},
}

@Report{HusfeldtBaderLehmann2009,
  author      = {Husfeldt, Vera and Bader Lehmann, Ursula},
  date        = {2009},
  institution = {{BKS}},
  title       = {{Englisch an der Primarschule: Lernstandserhebung im Kanton Aargau}},
  location    = {Aarau},
  keywords    = {{IA}, Studies, Studies {CH}, Mot-Leistung, anxiety},
}

@Report{PeyerEtAl2016,
  author      = {Peyer, Elisabeth and Andexlinger, Mirjam and Kofler, Karolina},
  date        = {2016},
  institution = {Institut für Mehrsprachigkeit, Universität Freiburg--{PH} Freiburg},
  title       = {{Projekt Fremdsprachenevaluation {BKZ}: Schlussbericht zu den Befragungen der Schülerinnen und Schüler}},
  location    = {Freiburg},
  keywords    = {{IA}, Studies, Studies {CH}, Vgl. E und F},
}

@Article{Heinzmann2009,
  author       = {Heinzmann, Sybille},
  date         = {2009},
  journaltitle = {Bulletin {VALS}-{ASLA}},
  title        = {``{Girls} are better at language learning than boys": {Do} stereotypic beliefs about language learning contribute to girls' higher motivation to learn {English} in primary school?},
  keywords     = {{IA}, Gender, Studies {CH}},
}

@Book{Holder2005,
  author    = {Holder, Martin C.},
  date      = {2005},
  title     = {{Fähigkeitskonzept und Leistungsmotivation im Fremdsprachenunterricht}},
  location  = {Bern},
  publisher = {Peter Lang},
  keywords  = {{IA}, Studies, Studies {CH}, {SK}, Vgl. E und F},
}

@InCollection{Ushioda2009,
  author    = {Ushioda, Ema},
  booktitle = {Motivation, Language Identity and the {L2} Self},
  date      = {2009},
  title     = {A person-in-context relational view of emergent motivation, self and identity},
  editor    = {Dörnyei, Zoltán and Ushioda, Ema},
  location  = {Bristol, Buffalo, Toronto},
  pages     = {215--228},
  publisher = {Multilingual Matters},
  keywords  = {{IA}, Kontexteffekte},
}

@InCollection{CsizerKormos2009ErsterEintrag,
  author    = {Csizér, Kata and Kormos, Judit},
  booktitle = {Motivation, Language Identity and the {L2} Self},
  date      = {2009},
  title     = {Learning experiences, selves and motivated learning behaviour: {A} comparative analysis of structural models for {Hungarian} secondary and university learners of {English}},
  editor    = {Dörnyei, Zoltán and Ushioda, Ema},
  location  = {Bristol, Buffalo, Toronto},
  pages     = {98--119},
  publisher = {Multilingual Matters},
  keywords  = {dedication, {IA}, L2MSS, Parental Encouragement, Relation extr.Mot-Leistung n.s.},
}

@InCollection{TaguchiEtAl2009,
  author    = {Taguchi, Tatsuya and Magid, Michael and Papi, Mostafa},
  booktitle = {Motivation, Language Identity and the {L2} Self},
  date      = {2009},
  title     = {The {L2} Motivational Self System among {Japanese}, {Chinese} and {Iranian} learners of {English}: {A} comparative study},
  editor    = {Dörnyei, Zoltán and Ushioda, Ema},
  location  = {Bristol, Buffalo, Toronto},
  pages     = {66--97},
  publisher = {Multilingual Matters},
  keywords  = {dedication, {IA}, L2MSS, Parental Encouragement},
}

@Book{DoernyeiEtAl2006,
  author    = {Dörnyei, Zoltán and Csizér, Kata and Németh, Nora},
  date      = {2006},
  title     = {Motivation, language attitudes and globalisation: {A} {Hungarian} perspective},
  location  = {Clevedon},
  publisher = {Multilingual Matters},
  keywords  = {{IA}, L2MSS},
}

@InCollection{RyanDeci2002,
  author    = {Ryan, Richard M. and Deci, Edward L.},
  booktitle = {Handbook of self-determination research},
  date      = {2002},
  title     = {An overview of self-determination theory: An orgasmic dialectal perspective},
  editor    = {Deci, Edward L. and Ryan, Richard M.},
  location  = {New York},
  pages     = {3--33},
  publisher = {University of Rochester Press},
  keywords  = {{TheorBasics}},
}

@Article{UshiodaDoernyei2017,
  author       = {Ushioda, Ema and Dörnyei, Zoltán},
  date         = {2017-09-01},
  journaltitle = {The Modern Language Journal},
  title        = {Beyond global {English}: {Motivation} to learn languages in a multicultural world. ({Introduction} to the special issue)},
  doi          = {10.1111/modl.12407},
  number       = {3},
  pages        = {451--454},
  volume       = {101},
  keywords     = {individual-psychological and macro-sociological perspectives},
  shortjournal = {The Modern Language Journal},
}

@Online{WiedenkellerLenz2019,
  author     = {Wiedenkeller, Eva and Lenz, Peter},
  date       = {2019},
  title      = {{Schlussbericht zum Projekt „Ergebnisbezogene Evaluation des Französischunterrichts in der 6. Klasse ({HarmoS} 8) in den sechs Passepartout-Kantonen“; durchgeführt von Juni 2015 bis März 2019 am Institut für Mehrsprachigkeit der Universität und der Pädagogischen Hochschule Freiburg im Auftrag der Passepartout-Kantone}},
  url        = {http://edudoc.ch/record/206193},
  titleaddon = {Schweizerischer Dokumentenserver Bildung},
  urldate    = {2020-03-12},
}

@Article{Carroll1958,
  author       = {Carroll, John B.},
  title   = {A factor analysis of two foreign language aptitude batteries},
  doi     = {10.1080/00221309.1958.9710168},
  number  = {1},
  pages   = {3--19},
  volume  = {58},
  journal = {The Journal of General Psychology},
  year    = {1958},
}

@InCollection{Tragant2006,
  author    = {Tragant, Elsa},
  booktitle = {Age and the Rate of Foreign Language Learning},
  date      = {2006},
  title     = {Language learning motivation and age},
  editor    = {Muñoz, Carmen},
  location  = {Clevedon},
  pages     = {237--276},
  publisher = {Multilingual Matters},
  keywords  = {{IA}, Mot-Leistung},
}

@Book{Nikolov2002,
  author    = {Nikolov, Marianne},
  date      = {2002},
  title     = {Issues in {English} language education},
  location  = {Bern},
  publisher = {Peter Lang},
  keywords  = {{IA}, studies {PS}},
}

@Article{DoernyeiOtto1998,
  author       = {Dörnyei, Zoltán and Ottó, István},
  date         = {1998},
  journaltitle = {Working Papers in Applied Linguistics},
  title        = {Motivation in action: {A} process model of {L2} motivation},
  pages        = {43--69},
  volume       = {4},
  keywords     = {{IA}},
}

@Article{Gardner2006,
  author       = {Gardner, Robert C.},
  date         = {2006},
  journaltitle = {{EUROSLA} Yearbook},
  title        = {The socio-educational model of second language acquisition: {A} research paradigm},
  pages        = {237--260},
  volume       = {6},
}

@Book{DoernyeiUshioda2011,
  author    = {Dörnyei, Zoltán and Ushioda, Ema},
  date      = {2011},
  title     = {Teaching and Researching Motivation},
  edition   = {2},
  location  = {Harlow},
  publisher = {Longman},
}

@Misc{Winter2013,
  author   = {Winter, Bodo},
  date     = {2013},
  title    = {Linear models and linear mixed effects models in {R} with linguistic applications},
  url      = {http://arxiv.org/pdf/1308.5499.pdf},
  urldate  = {2018-09-20},
  keywords = {{IA}},
}

@Article{Gardner2007,
  author       = {Gardner, Robert C.},
  date         = {2007-06},
  journaltitle = {Porta Linguarum},
  title        = {Motivation and second language acquisition},
  pages        = {9--20},
  volume       = {8},
  keywords     = {{IA}},
}

@Book{MeissnerEtAl2008,
  author    = {Meissner, Franz-Joseph and Beckmann, Christine and Schröder-Sura, Anna},
  date      = {2008},
  title     = {{Mehrsprachigkeit fördern: Vielfalt und Reichtum Europas in der Schule nutzen ({MES})}},
  location  = {Giessen},
  publisher = {Universität Giessen},
  keywords  = {{IA}},
}

@InCollection{Hufeisen2003,
  author    = {Hufeisen, Britta},
  booktitle = {Mehrsprachigkeitskonzept -- {Tertiärsprachen} -- {Deutsch} nach {Englisch}},
  date      = {2003},
  title     = {Kurze {Einführung} in die linguistische {Basis}},
  editor    = {Hufeisen, Britta and Neuner, Gerhard},
  location  = {Strasbourg},
  pages     = {7--11},
  publisher = {Council of Europe Publishing},
  keywords  = {{IA}},
}

@InCollection{MihaljevicDjigunovicLopriore2011,
  author    = {Mihaljević Djigunović, Jelena and Lopriore, Lucilla},
  booktitle = {{ELLiE}: {Early} Language Learning in {Europe}},
  date      = {2011},
  title     = {The learner: {Do} individual differences matter?},
  editor    = {Enever, Janet},
  location  = {London},
  pages     = {43--60},
  publisher = {The British Council},
  keywords  = {{IA}},
}

@InCollection{Cenoz2004,
  author    = {Cenoz, Jasone},
  booktitle = {Trilingualism in Family, School, and Community},
  date      = {2004},
  title     = {Teaching {English} as a third language: {The} effect of attitudes and motivation},
  editor    = {Hoffmann, Charlotte and Ytsma, Jehannes},
  location  = {Clevedon},
  publisher = {Multilingual Matters},
  keywords  = {{IA}, Mot-Dynamik, Studies},
}

@Article{GrahamEtAl2016,
  author       = {Graham, Suzanne and Courtney, Louise and Tonkyn, Alan and Marinis, Theodoros},
  date         = {2016-08-01},
  journaltitle = {British Educational Research Journal},
  title        = {Motivational trajectories for early language learning across the primary–secondary school transition},
  doi          = {10.1002/berj.3230},
  number       = {4},
  pages        = {682--702},
  volume       = {42},
  keywords     = {{IA}, Studies, Mot-Dynamik},
  shortjournal = {Br Educ Res J},
}

@Report{SinghElmiger2017,
  author      = {Singh, Lisa and Elmiger, Daniel},
  date        = {2017},
  institution = {{IRDP} Institut de recherche et de documentation pédagogique},
  title       = {{Externe Evaluierung der Pilotphase des Französisch- und Englischunterrichts nach Passepartout: Schuljahre 2009--2016}},
  location    = {Neuchâtel},
  keywords    = {{IA}, Studies {CH}},
}

@InCollection{McGroarty2001,
  author    = {{McGroarty}, Mary},
  booktitle = {Motivation and second language acquisition},
  date      = {2001},
  title     = {Situating second language motivation},
  editor    = {Dörnyei, Zoltán and Schmidt, Richard},
  location  = {Honolulu},
  pages     = {69--90},
  publisher = {University of Hawaii Second Language Teaching and Curriculum Center},
}

@InCollection{MihaljevicDjigunovicNikolov2019,
  author    = {Mihaljević Djigunović, Jelena and Nikolov, Marianne},
  booktitle = {The {Palgrave} Handbook of Motivation for Language Learning},
  date      = {2019},
  title     = {Motivation of young learners of foreign languages},
  doi       = {10.1007/978-3-030-28380-3_25},
  editor    = {Lamb, Martin and Csizér, Kata and Henry, Alastair and Ryan, Stephen},
  location  = {Cham},
  pages     = {515--533},
  publisher = {Springer},
}

@Article{MihaljevicDjigunovic2012,
  author       = {Mihaljević Djigunović, Jelena},
  date         = {2012-01-01},
  journaltitle = {Center for Educational Policy Studies Journal},
  title        = {Attitudes and motivation in early foreign language learning},
  pages        = {55--74},
  volume       = {2},
  shortjournal = {Center for Educational Policy Studies Journal},
}

@Article{Li2015,
  author  = {Li, Shaofeng},
  date    = {2015},
  title   = {The associations between language aptitude and second language grammar acquisition: {A} meta-analytic review of five decades of research},
  doi     = {10.1093/applin/amu054},
  number  = {3},
  pages   = {385--408},
  volume  = {36},
  journal = {Applied Linguistics},
  year    = {2015},
}

@Book{SkehanDucroquet1988,
  author    = {Skehan, P. and Ducroquet, L.},
  publisher = {University of London},
  title     = {A comparison of first \& foreign language learning ability},
  year      = {1988},
  address   = {London},
  series    = {ESOL Working Document},
  date      = {1988},
  url       = {https://books.google.ch/books?id=XCJfcgAACAAJ},
}

@InCollection{Reiterer2018,
  author    = {Reiterer, Susanne M.},
  booktitle = {Exploring language aptitude: {Views} from psychology, the language sciences, and cognitive neuroscience},
  publisher = {Springer},
  title     = {Preface},
  year      = {2018},
  address   = {Cham},
  editor    = {Reiterer, Susanne M.},
  pages     = {vii--xii},
  date      = {2018},
}

@Book{Schleppegrell2004,
  author    = {Schleppegrell, Mary J.},
  publisher = {Lawrence Erlbaum Associates},
  title     = {The language of schooling: {A} functional linguistic perspective},
  year      = {2004},
  address   = {Mahwah, N.J.},
  date      = {2004},
}

@TechReport{UdryEtAl2019,
  author    = {Udry, Isabelle and Lambelet, Amelia and Berthele, Raphael},
  title     = {Language aptitude: {C}onstruct and empirical findings. {S}ummary of literature review},
  year      = {2019},
  address   = {Fribourg},
  date      = {2019},
  publisher = {Research Centre on Multilingualism},
  series    = {Report of the Research Centre on Multilingualism},
}

@Article{BiedronPawlak2016,
  author  = {Biedroń, Adriana and Pawlak, Mirosław},
  date    = {2016-04},
  title   = {New conceptualizations of linguistic giftedness},
  doi     = {10.1017/S0261444815000439},
  number  = {2},
  pages   = {151--185},
  volume  = {49},
  journal = {Language Teaching},
  year    = {2016},
}

@Article{SparksEtAl2012,
  author  = {Sparks, Richard L. and Patton, Jon and Ganschow, Leonore},
  date    = {2012},
  title   = {Profiles of more and less successful {L}2 learners: {A} cluster analysis study},
  number  = {4},
  pages   = {463--472},
  volume  = {22},
  journal = {Learning and Individual Differences},
  year    = {2012},
}

@Article{PengEtAl2019,
  author  = {Peng, Peng and Wang, Tengfei and Wang, CuiCui and Li, Xin},
  journal = {Psychological Bulletin},
  title   = {A meta-analysis on the relation between fluid intelligence and reading/mathematics: {E}ffects of tasks, age, and social economics status},
  year    = {2019},
  number  = {2},
  pages   = {189--236},
  volume  = {145},
  date    = {2019},
}

@Article{PengEtAl2017,
  author  = {Peng, Peng and Barnes, Marcia and Wang, Cuicui and Wang, Wei and Li, Shan and Swanson, H. Lee and Dardick, William and Tao, Sha},
  journal = {Psychological Bulletin},
  title   = {A meta-analysis on the relation between reading and working memory},
  year    = {2017},
  number  = {1},
  pages   = {48--76},
  volume  = {144},
  date    = {2017},
  doi     = {10.1037/bul0000124},
}

@Article{SparksEtAl2012a,
  author  = {Sparks, Richard L. and Patton, Jon and Ganschow, Leonore and Humbach, Nancy},
  date    = {2012},
  title   = {Do {L1} reading achievement and {L1} print exposure contribute to the prediction of {L2} proficiency?},
  doi     = {10.1111/j.1467-9922.2012.00694.x},
  number  = {2},
  pages   = {473--505},
  volume  = {62},
  journal = {Language Learning},
  year    = {2012},
}

@Article{RetelsdorfEtAl2014,
  author  = {Retelsdorf, Jan and Köller, Olaf and Möller, Jens},
  date    = {2014},
  title   = {Reading achievement and reading self-concept: {Testing} the reciprocal effects model},
  number  = {2},
  pages   = {21--30},
  volume  = {29},
  journal = {Learning and Instruction},
  year    = {2014},
}

@Article{Sirin2005,
  author  = {Sirin, Selcuk},
  journal = {Review of Educational Research},
  title   = {Socioeconomic status and academic achievement: {A} meta-analytic review of research},
  year    = {2005},
  number  = {3},
  pages   = {417--453},
  volume  = {75},
  date    = {2005},
}

@InCollection{Schaffner2009,
  author    = {Schaffner, Ellen},
  booktitle = {Diagnostik und {F}örderung des {L}eseverständnisses},
  publisher = {Hogrefe},
  title     = {Determinanten des {Leseverstehens}},
  year      = {2009},
  address   = {Göttingen},
  editor    = {Lenhard, Wolfgang and Schneider, W.},
  pages     = {19--44},
  date      = {2009},
}

@Book{OltmanEtAl1971,
  author    = {Oltman, Philip K. and Raskin, Evelyn and Witkin, Herman A. and Press, Consulting Psychologists},
  publisher = {Consulting Psychologists Press Palo Alto, CA},
  title     = {Group embedded figures test},
  year      = {1971},
  note      = {[Online; accessed 2015-09-05]},
  date      = {1971},
}

@Book{Weiss2006,
  author    = {Weiß, Rudolf H.},
  publisher = {Hogrefe},
  title     = {Manual {Grundintelligenztest} {Skala} 2 – {Revision} ({CFT} 20-{R})},
  year      = {2006},
  address   = {Göttingen},
  date      = {2006},
}

@Book{Field2009,
  author    = {Field, Andy},
  publisher = {SAGE Publications Ltd},
  title     = {Discovering statistics using {SPSS}},
  year      = {2009},
  address   = {London},
  date      = {2009},
}

@Article{ColtheartEtAl2001,
  author  = {Coltheart, Max and Rastle, Kathleen and Perry, Conrad and Langdon, Robyn and Ziegler, Johannes},
  date    = {2001},
  title   = {{DRC}: {A} dual route cascaded model of visual word recognition and reading aloud.},
  doi     = {10.1037/0033-295X.108.1.204},
  number  = {1},
  pages   = {204--256},
  volume  = {108},
  journal = {Psychological Review},
  year    = {2001},
}

@article{Buerkner2017,
	title = {{brms}: {An} {R} package for {Bayesian} multilevel models using {Stan}},
	volume = {80},
	number = {1},
	journal = {Journal of {Statistical} {Software}},
	author = {Bürkner, Paul-Christian},
	year = {2017},
	pages = {1--28},
}

@article{SuarezMunoz2011,
	title = {Aptitude, age and cognitive development: {The} {MLAT}-{E} in {Spanish} and {Catalan}},
	volume = {11},
	doi = {10.1075/eurosla.11.03sua},
	number = {1},
	journal = {EUROSLA Yearbook},
	author = {Suárez Vilagran, Maria Del Mar and Muñoz, Carmen},
	year = {2011},
	pages = {5--29}
}

@article{McNeish2018,
	title = {Thanks coefficient alpha, we’ll take it from here},
	volume = {23},
	doi = {10.1037/met0000144},
	number = {3},
	journal = {Psychological Methods},
	author = {McNeish, Daniel},
	year = {2018},
	pages = {412--433}
}

@misc{Revelle2019,
	title = {Using {R} and the psych package to find ω},
	url = {http://personality-project.org/r/psych/HowTo/omega.pdf},
	author = {Revelle, William},
	year = {2019}
}

@article{berthele2019,
	title = {Policy {recommendations} for {language} {learning}: {Linguists}’ contributions between scholarly debates and pseudoscience},
	volume = {3},
	issn = {2399-9101},
	doi = {10.22599/jesla.50},
	number = {1},
	journal = {Journal of the European Second Language Association},
	author = {Berthele, Raphael},
	year = {2019},
	pages = {1--11}
}



@book{ParryStansfield1990,
	publisher={Prentice Hall Regents},
	address={Englewood, NJ},
	title={Language aptitude reconsidered},
	author={Parry, Thomas S. and Stansfield, Charles W.},
	year=1990,
}

@article{Shan2020,
	journal={Open Journal of Modern Linguistics},
	doi={10.4236/ojml.2020.105031},
	title={Whether successful language learners require intrinsic motivation},
	volume=10,
	author={Shan, Yiming},
	pages={549--559},
	year=2020,
}

@article{FuerstGrin2018,
	journal={Journal of Multilingual and Multicultural Development},
	doi={10.1080/01434632.2017.1389948},
	number=4,
	title={Multilingualism and creativity: {A} multivariate approach},
	volume=39,
	author={Fürst, Guillaume and Grin, François},
	pages={341--355},
	year=2018,
}

@book{Ritchie2020,
	publisher={Metropolitan Books},
	address={New York},
	title={Science fictions: {How} fraud, bias, negligence, and hype undermine the search for truth},
	author={Ritchie, Stuart},
	year=2020,
}

@InCollection{BaddeleyHitch1974,
  author    = {Baddeley, Alan D. and Hitch, Graham},
  booktitle = {Psychology of learning and motivation},
  title     = {Working memory},
  editor    = {Bower, Gordon H.},
  number    = {8},
  pages     = {47--89},
  publisher = {Academic Press},
  address   = {Cambridge Massachusetts},
  year      = {1974},
}

@Article{Berthele2021,
  author  = {Berthele, Raphael},
  title   = {The extraordinary ordinary: {{R}}e-engineering multilingualism as a natural category},
  doi     = {10.1111/lang.12407},
  issue   = {Supplement: Currents in language learning series: What is special about multilingualism?},
  number  = {S1},
  pages   = {80--120},
  volume  = {71},
  journal = {Language Learning},
  year    = {2021},
}

@Misc{CarrollSapon1959,
  author    = {Carroll, John B. and Sapon, Stanley M.},
  title     = {Modern language aptitude test},
  url       = {http://psycnet.apa.org/psycinfo/1960-03629-000},
  publisher = {Psychological Corporation},
  year      = {1959},
}

@Article{GartonEtAl2011,
  author  = {Garton, Sue and Copland, Fiona and Burns, Anne},
  title   = {Investigating global practices in teaching {English} to young learners},
  number  = {1},
  pages   = {1--21},
  volume  = {11},
  journal = {ELT Research Papers},
  year    = {2011},
}

@Article{Stromswold2001,
  author  = {Stromswold, Karin},
  title   = {The heritability of language: {A} review and meta-analysis of twin, adoption, and linkage studies},
  number  = {4},
  pages   = {647--723},
  volume  = {77},
  journal = {Language},
  year    = {2001},
  doi     = {10.1353/lan.2001.0247},
}

@Article{GrigorenkoEtAl2000,
  author  = {Grigorenko, Elena L. and Sternberg, Robert J. and Ehrman, Madeline E.},
  title   = {A theory-based approach to the measurement of foreign language learning ability: {The} {Canal}-{F} theory and test},
  number  = {3},
  pages   = {390--405},
  volume  = {84},
  journal = {The Modern Language Journal},
  year    = {2000},
}

@InCollection{Willis1996,
  author    = {Willis, Jane},
  booktitle = {Challenge and change in language teaching},
  title     = {A flexible framework for task-based learning},
  editor    = {Willis, David and Willis, Jane},
  pages     = {52--62},
  publisher = {Macmillan Education},
  address   = {New York},
  year      = {1996},
}

@Book{Sternberg1985,
  author    = {Sternberg, Robert J.},
  title     = {Beyond {IQ}: {A} triarchic theory of human intelligence},
  isbn      = {978-0-521-27891-1},
  publisher = {CUP Archive},
  address   = {Cambridge},
  year      = {1985},
}

@InCollection{Lubart1994,
  author    = {Lubart, Todd I.},
  booktitle = {Handbook of perception and cognition. {Thinking} and problem solving},
  title     = {Creativity},
  editor    = {Sternberg, Robert},
  pages     = {290--323},
  publisher = {Academic Press},
  address   = {Cambridge, Massachusetts},
  year      = {1994},
}

@Article{Cropley2006,
  author  = {Cropley, Arthur},
  title   = {In praise of convergent thinking},
  number  = {3},
  pages   = {391--404},
  volume  = {18},
  journal = {Creativity Research Journal},
  year    = {2006},
}

@book{WitkinEtAl2014,
  author    = {Witkin, Herman A. and Oltman, Philip K. and Raskin, Evelyn and Karp, Stephen A. and Demick, Jack},
  title     = {Group embedded figures test manual},
  location  = {Menlo {Park}},
  publisher = {Mind Garden},
  year      = {2014},
}

@Book{FinkeEtAl1992,
  author    = {Finke, Ronald A. and Ward, Thomas B. and Smith, Steven M.},
  title     = {Creative cognition},
  publisher = {MIT Press},
  address   = {Massachusetts},
  year      = {1992},
}

@Article{WenEtAl2017,
  author  = {Wen, Zhisheng (Edward) and Biedroń, Adriana and Skehan, Peter},
  title   = {Foreign language aptitude theory: {Yesterday}, today and tomorrow},
  doi     = {10.1017/S0261444816000276},
  number  = {1},
  pages   = {1--31},
  volume  = {50},
  journal = {Language Teaching},
  year    = {2017},
}

@Article{WescheEtAl1982,
  author  = {Wesche, Marjorie and Edwards, Henry and Wells, Winston},
  title   = {Foreign language aptitude and intelligence},
  doi     = {10.1017/S0142716400006664},
  number  = {2},
  pages   = {127--140},
  volume  = {3},
  journal = {Applied Psycholinguistics},
  year    = {1982},
}

@Book{Krashen1981,
  author    = {Krashen, Stephen},
  title     = {Second language acquisition and second language learning},
  publisher = {Pergamon Press},
  url       = {http://sdkrashen.com/content/books/sl_acquisition_and_learning.pdf},
  urldate   = {2018-07-06},
  address   = {Oxford},
  year      = {1981},
}

@Article{Li2016,
  author  = {Li, Shaofeng},
  title   = {The construct validity of language aptitude: {A} meta-analysis},
  doi     = {10.1017/S027226311500042X},
  number  = {4},
  pages   = {801--842},
  volume  = {38},
  journal = {Studies in Second Language Acquisition},
  year    = {2016},
}

@Book{Heinzmann2013,
  author    = {Heinzmann, Sybille},
  title     = {Young language learners’ motivation and attitudes: {Longitudinal}, comparative and explanatory perspectives},
  publisher = {Bloomsbury},
  address   = {London},
  year      = {2013},
}

@InCollection{DeciRyan1985ErsterEintrag,
  author    = {Deci, Edward L. and Ryan, Richard M.},
  booktitle = {Intrinsic motivation and self-determination in human behavior},
  title     = {Conceptualizations of intrinsic motivation and self-determination},
  doi       = {10.1007/978-1-4899-2271-7_2},
  editor    = {Deci, Edward L. and Ryan, Richard M.},
  isbn      = {978-1-4899-2271-7},
  pages     = {11--40},
  publisher = {Springer},
  address   = {Boston},
  year      = {1985},
}

@Book{Gardner1985,
  author    = {Gardner, Robert C.},
  title     = {Social psychology and second language learning: {The} role of attitudes and motivation},
  publisher = {Edward Arnold},
  address   = {London},
  year      = {1985},
}

@Book{DeciRyan2002,
  title     = {Handbook of self-determination research},
  editor    = {Deci, Edward L. and Ryan, Richard M.},
  isbn      = {978-1-58046-108-5},
  publisher = {University of Rochester Press},
  address   = {Rochester, NY},
  year      = {2002},
}

@InCollection{Noels2001,
  author    = {Noels, Kimberly A.},
  booktitle = {Motivation and second language acquisition},
  date      = {2001},
  title     = {New orientations in language learning motivation: {Towards} a model of intrinsic, extrinsic, and integrative orientations and motivations},
  editor    = {Dörnyei, Zoltán and Schmidt, Richard},
  pages     = {43--68},
  publisher = {University of Hawaii Press},
  address   = {Honolulu},
  year      = {2001},
}

@Article{NoelsEtAl1999,
  author  = {Noels, Kimberly A. and Clément, Richard and Pelletier, Luc G.},
  title   = {Perceptions of teachers’ communicative style and students’ intrinsic and extrinsic motivation},
  doi     = {10.1111/0026-7902.00003},
  number  = {1},
  pages   = {23--34},
  volume  = {83},
  journal = {The Modern Language Journal},
  year    = {1999},
}

@Article{Gardner2000,
  author  = {Gardner, Robert C.},
  title   = {Correlation, causation, motivation, and second language acquisition},
  number  = {1},
  pages   = {10--24},
  volume  = {41},
  journal = {Canadian Psychology/Psychologie Canadienne},
  year    = {2000},
}

@InCollection{Doernyei2010ZweiterEintrag,
  author    = {Dörnyei, Zoltán},
  booktitle = {The {Bloomsbury} companion to second language acquisition},
  title     = {The relationship between language aptitude and language learning motivation: {Individual} differences from a dynamic systems perspective},
  editor    = {Macaro, Ernesto},
  pages     = {247--267},
  publisher = {Bloomsbury Academic},
  address   = {London},
  year      = {2010},
}

@InCollection{MacIntyre1999,
  author    = {MacIntyre, Peter D.},
  booktitle = {Affect in foreign language and second language teaching: {A} practical guide to creating a low-anxiety classroom atmosphere},
  title     = {Language anxiety: {A} review of the research for language teachers},
  editor    = {Young, Dolly Jesusita},
  pages     = {24--45},
  publisher = {McGraw-Hill},
  address   = {Boston, MA},
  year      = {1999},
}

@Book{Kharkhurin2012,
  author    = {Kharkhurin, Anatoliy V.},
  title     = {Multilingualism and creativity},
  isbn      = {978-1-84769-795-0},
  publisher = {Multilingual Matters},
  address   = {Bristol},
  year      = {2012},
}

@InCollection{MontanariQuay2019,
  author    = {Montanari, Simona and Quay, Suzanne},
  booktitle = {Multidisciplinary perspectives on multilingualism: {The} fundamentals},
  title     = {Facilitated language learning in multilinguals},
  doi       = {10.1515/9781501507984},
  editor    = {Montanari, Simona and Quay, Suzanne},
  pages     = {299--324},
  publisher = {De Gruyter Mouton},
  address   = {Berlin},
  year      = {2019},
}

@Book{UrbanJellen1995,
  author    = {Urban, Klaus K. and Jellen, Hans G.},
  title     = {Test zum {Schöpferischen} {Denken} -- {Zeichnerisch}},
  publisher = {Pearson PsychCorp},
  address   = {Frankfurt am Main},
  year      = {1995},
}

@Article{EckesGrotjahn2006,
  author  = {Eckes, Thomas and Grotjahn, Rüdiger},
  title   = {A closer look at the construct validity of c-tests},
  doi     = {10.1191/0265532206lt330oa},
  number  = {3},
  pages   = {290--325},
  volume  = {23},
  journal = {Language Testing},
  year    = {2006},
}

@Article{HorwitzEtAl1986,
  author  = {Horwitz, Elaine and Horwitz, Michael B. and Cope, Joann},
  title   = {Foreign language classroom anxiety},
  number  = {2},
  pages   = {125--132},
  volume  = {70},
  journal = {The Modern Language Journal},
  year    = {1986},
}

@Article{Rosseel2012,
  author  = {Rosseel, Yves},
  title   = {Lavaan: {An} {R} package for structural equation modeling},
  number  = {2},
  pages   = {1--36},
  volume  = {48},
  journal = {Journal of Statistical Software},
  year    = {2012},
}

@Article{BruehwilerLePapeRacine2017,
  author       = {Brühwiler, Christian and Le Pape Racine, Christine},
  date         = {2017},
  journaltitle = {Zeitschrift für Interkulturellen Fremdsprachenunterricht},
  title        = {{Entwicklung motivationaler Orientierungen beim multiplen Erwerb von Französisch und Englisch als Fremdsprachen am Übergang von der Primarstufe in die Sekundarstufe I}},
  number       = {1},
  pages        = {167--181},
  volume       = {22},
  keywords     = {{IA}, Gender, Mot+Multiling., {SES}, Studies, Studies {CH}},
}

@Article{Henry2009,
  author       = {Henry, Alastair},
  date         = {2009-06-01},
  journaltitle = {System},
  title        = {Gender differences in compulsory school pupils’ {L2} self-concepts: {A} longitudinal study},
  number       = {2},
  pages        = {177--193},
  volume       = {37},
  keywords     = {{IA}, Gender, Age, L2 self-concept, L2MSS, Longitudinal},
}

@Article{DewaeleEtAl2016,
  author       = {Dewaele, Jean-Marc and Macintyre, Peter and Boudreau, Carmen and Dewaele, Livia},
  date         = {2016-08-10},
  journaltitle = {Theory and Practice of Second Language Acquisition},
  title        = {Do girls have all the fun? {Anxiety} and enjoyment in the foreign language classroom},
  pages        = {41--63},
  volume       = {2},
  keywords     = {anxiety, Gender, {IA}},
}

@Article{PfenningerSingleton2016,
  author       = {Pfenninger, Simone and Singleton, David},
  date         = {2016-07-01},
  journaltitle = {Second Language Research},
  title        = {Affect trumps age: {A} person-in-context relational view of age and motivation in {SLA}},
  doi          = {10.1177/0267658315624476},
  number       = {3},
  pages        = {311--345},
  volume       = {32},
  keywords     = {{IA}, Studies, Studies {CH}, Kontexteffekte, Parental Encouragement, Klasseneffekte},
}

@Report{SchaerBader2003,
  author      = {Schaer, Ursula and Bader, Ursula},
  date        = {2003},
  institution = {{PHZH}, {PHZ} Luzern, {ILLB} Bern},
  title       = {{Evaluation Englisch an der Primarschule. Projekt 012. Appenzell Innerrhoden. Mai bis November 2003}},
  location    = {Zürich, Luzern},
  keywords    = {{IA}, Studies {CH}},
}

@Report{BaderSchaer2005,
  author      = {Bader, Ursula and Schaer, Ursula},
  date        = {2005},
  institution = {{PH} {FHNW}},
  title       = {{Evaluation Englisch in den 6. Klassen Appenzell Innerrhoden 2005}},
  location    = {Aarau},
  keywords    = {{IA}, Studies {CH}},
}

@Article{Heinzmann2010,
  author       = {Heinzmann, Sybille},
  date         = {2010},
  journaltitle = {Bulletin {VALS}-{ASLA}},
  title        = {{Hat die Einführung von „Frühenglisch“ in der Primarschule einen Einfluss auf die Motivation der Primarschulkinder Französisch zu lernen?}},
  pages        = {7--27},
  volume       = {91},
  keywords     = {{IA}, Studies, Studies {CH}, Einfluss E auf F, Vgl. E und F},
}

@Article{Busse2017,
  author       = {Busse, Vera},
  date         = {2017-09-01},
  journaltitle = {The Modern Language Journal},
  title        = {Plurilingualism in {Europe}: {Exploring} attitudes toward {English} and other {European} languages among adolescents in {Bulgaria}, {Germany}, the {Netherlands}, and {Spain}},
  doi          = {10.1111/modl.12415},
  number       = {3},
  pages        = {566--582},
  volume       = {101},
  keywords     = {ideal L2 self, ideal plurilingual Bildungs-Selbst, L2 motivation, language attitudes},
  shortjournal = {The Modern Language Journal},
}

@Article{BuylHousen2014,
  author       = {Buyl, Aafke and Housen, Alex},
  date         = {2014-03-04},
  journaltitle = {International Journal of Bilingual Education and Bilingualism},
  title        = {Factors, processes and outcomes of early immersion education in the francophone community in {Belgium}},
  doi          = {10.1080/13670050.2013.866627},
  number       = {2},
  pages        = {178--196},
  volume       = {17},
  keywords     = {Belgium, early immersion education, Francophone Community, L2 outcomes, vocabulary and grammar development},
}

@Article{Ushioda2017,
  author       = {Ushioda, Ema},
  date         = {2017},
  journaltitle = {The Modern Language Journal},
  title        = {The impact of global {English} on motivation to learn other languages: {Toward} an ideal multilingual self},
  doi          = {10.1111/modl.12413},
  number       = {3},
  pages        = {469--482},
  volume       = {101},
  keywords     = {ideal multilingual selves, instrumentalist versus constitutive views of L2 learning, motivation and linguistic multi–competence},
}

@InCollection{Ellis2017,
  author    = {Ellis, Rod},
  booktitle = {The {Routledge} handbook of instructed second language acquisition},
  title     = {Task-based language teaching},
  editor    = {Loewen, Shawn and Sato, Masatoshi},
  pages     = {108--125},
  publisher = {Routledge},
  address   = {New York},
  year      = {2017},
}

@Article{BatesEtAl2015,
  author  = {Bates, Douglas and Maechler, Martin and Bolker, Ben and Walker, Steve},
  title   = {Fitting linear mixed-effects models using lme4},
  doi     = {10.18637/jss.v067.i01},
  number  = {1},
  pages   = {1--48},
  volume  = {67},
  journal = {Journal of Statistical Software},
  year    = {2015},
}

@Misc{MearaEtAl2001,
  author    = {Meara, Paul M. and Milton, James and Lorenzo-Dus, Nuria},
  title     = {Llama language aptitude tests: {The} manual},
  address   = {Swansea},
  journal   = {Language Aptitude Tests},
  publisher = {Lognostics},
  year      = {2005},
}

@incollection{Montanari2019,
	booktitle={Multidisciplinary perspectives on multilingualism: {The} fundamentals},
	doi={10.1515/9781501507984},
	publisher={De Gruyter Mouton},
	address={Berlin, Boston},
	title={Facilitated language learning in multilinguals},
	author={Montanari, Simona},
	editor={Montanari, Simona and Quay, Suzanne},
	pages={299--324},
	year=2019,
}

@incollection{WildenPorsch2017,
	address = {Clevedon},
	series = {Multilingual {Matters}},
	title = {The development of a curriculum-based c-test for young {EFL} learners},
	booktitle = {Researching the complexity of early language learning in instructed context},
	publisher = {Multilingual Matters},
	author = {Porsch, Raphaela and Wilden, Eva},
	editor = {Enver, J. and Lindgren, E.},
	year = {2017},
	pages = {289--304}
}


@article{St-ClairEtAl2013,
	title = {Are forward and backward recall the same? {A} dual-task study of digit recall},
	volume = {41},
	doi = {10.3758/s13421-012-0277-2},
	number = {4},
	journal = {Memory \& Cognition},
	author = {St Clair-Thompson, Helen L. and Allen, Richard J.},
	year = {2013},
	pages = {519--532},
}

@article{HilbertEtAl2014,
	title = {The digit span backwards task},
	volume = {31},
	doi = {10.1027/1015-5759/a000223},
	number = {3},
	journal = {European Journal of Psychological Assessment},
	author = {Hilbert, Sven and Nakagawa, Tristan T. and Puci, Patricia and Zech, Alexandra and Bühner, Markus},
	year = {2014},
	pages = {174--180}
}

@article{KolenikovBollen2016,
	title = {Testing negative error variances: {Is} a {Heywood} case a symptom of misspecification?},
	volume = {41},
	number = {1},
	journal = {Sociological Methods \& Research},
	author = {Kolenikov, Stanislav and Bollen, Kenneth A.},
	year = {2012},
	pages = {124--167}
}

@article{ClémentEtAl1994,
	title = {Motivation, self-confidence, and Group Cohesion in the foreign language classroom},
	volume = {44},
	doi = {10.1111/j.1467-1770.1994.tb01113.x},
	number = {3},
	journal = {Language Learning},
	author = {Clément, Richard and Dörnyei, Zoltán and Noels, Kimberly A.},
	year = {1994},
	pages = {417--448}
}

@misc{Eurostat2012,
	title = {Key data on teaching languages at school in {Europe}},
	publisher = {Education, Audiovisual and Culture Executive Agency},
	author = {Euridyce and Eurostat},
	options = {indexing = false},
	year = {2012},
}

@article{Kvålseth1985,
  title = {Cautionary note about $R^2$},
  author = {Kvalseth, Tarald O.},
  date = {1985},
  journaltitle = {The American Statistician},
  volume = {39},
  pages = {279--285},
  doi = {10.2307/2683704},
  number = {4}
}


@article{DeciRyan2000,
	title = {Intrinsic and extrinsic motivations: {Classic} definitions and new directions},
	volume = {25},
	journal = {Contemporary Educational Psychology},
	author = {Ryan, Richard M. and Deci, Edward L.},
	year = {2000},
	pages = {54--67},
}
