
@incollection{Zimmermann1988,
	booktitle = {The contribution of word-structure theories to the study of word formation},
	editor = {Wolfgang Motsch},
	number = {179},
	pages = {157--188},
    address = {Berlin},
	publisher = {Akademie der Wissenschaften der DDR -- Zentralinstitut für Sprachwissenschaft},
	series = {Linguistische Studien des Zentralinstituts für Sprachwissenschaft der Akademie der Wissenschaften der DDR, Reihe A},
    year = {1988},
	title = {Wohin mit den {Affixen?}}}

@article{Zimmermann1988b,
    title       = {Nominalisierungen mit dem {Präfix} \textit{ne} im {Russischen}},
    journal     = {Zeitschrift für Phonetik, Sprachwissenschaft und Kommunikationsforschung},
    volume      = {41},
    number      = {1--6},
    year        = {1988},
    pages       = {23--30},
    doi         = {10.1524/stuf.1988.41.16.23}
}

@incollection{Zimmermann1988c,
    title       = {Die substantivische {Verwendung} von {Adjektiven} und {Partizipien}},
    booktitle   = {Syntax, {Semantik} und {Lexikon}: {Rudolf} {Růžička} zum 65. {Geburtstag}},
    editor      = {Bierwisch, Manfred and Motsch, Wolfgang and Zimmermann, Ilse},
    year        = {1988},
    publisher   = {Akademie-Verlag},
    address     = {Berlin},
    pages       = {279--311}
}

@incollection{Zimmermann2009,
	booktitle = {Die slavischen {Sprachen} / {The {Slavic} languages}: {Ein} internationales {Handbuch} zu ihrer {Struktur}, ihrer {Geschichte} und ihrer {Erforschung} / {An} international handbook of their structure, their history, and their investigation},
	editor = {Tilman Berger and Karl Gutschmidt and Sebastian Kempgen and Peter Kosta},
	number = {32/1},
	pages = {484--505},
    address = {Berlin},
	publisher = {Mouton De Gruyter},
	series = {Handbücher zur Sprach- und Kommunikationswissenschaft / Handbooks of Linguistics and Communication Science},
	title = {Satzmodus},
    doi = {10.1515/9783110214475.1.7.484},
	year = {2009}}

@incollection{Zimmermann2017,
	booktitle = {{CzechEncy} -- {Nový} encyklopedický slovník češtiny},
	editor = {Petr Karlík and Marek Nekula and Jana Pleskalová},
	title = {Rozkazovací věta},
    url = {https://www.czechency.org/slovnik/ROZKAZOVAC%C3%8D%20V%C4%9ATA},
	year = {2017}}

@incollection{Zimmermann2015a,
	booktitle = {Slavic grammar from a formal perspective. {The} 10th anniversary {FDSL} conference, {Leipzig} 2013},
	doi = {10.3726/978-3-653-05335-7},
	editor = {Gerhild Zybatow and Petr Biskup and Marcel Guhl and Claudia Hurtig and Olav Mueller-Reichau and Maria Yastrebova},
	number = {35},
	pages = {579--594},
    address = {Frankfurt am Main},
	publisher = {Peter Lang},
	series = {Linguistik International},
	title = {The {Russian} subjunctive},
	year = {2015},
	bdsk-url-1 = {https://doi.org/10.3726/978-3-653-05335-7}}

@incollection{Zimmermann2016a,
	booktitle = {Inner-sentential propositional proforms: {Syntactic} properties and interpretative effects},
	doi = {10.1075/la.232.06zim},
	editor = {Werner Frey and André Meinunger and Kerstin Schwabe},
	number = {232},
	pages = {147--169},
    address = {Amsterdam},
	publisher = {John Benjamins},
	series = {Linguistik Aktuell/Lin\-guis\-tics Today},
	title = {Phonological, morphosyntactic and semantic properties of \textit{es}},
	year = {2016},
	bdsk-url-1 = {https://doi.org/10.1075/la.232.06zim}}

@incollection{Zimmermann2016b,
	booktitle = {Mood, aspect, modality revisited. {New} answers to old questions},
	editor = {Joanna Błaszczak and Anastasia Giannakidou and Dorota Klimek-Jankowska and Krzysztof Migdalski},
	pages = {286--309},
    address = {Chicago},
	publisher = {The University of Chicago Press},
	title = {Approaching the morphosyntax and semantics of mood},
	year = {2016}}

@article{Zimmermann2016c,
	journal = {Ger\-ma\-nis\-tik in der Ukraine},
	pages = {149--158},
	title = {Nebensatzeinbettungen mit {Korrelat} im {Deutschen} und {Russischen}},
	volume = {11},
	year = {2016}}

@incollection{Zimmermann2013a,
	booktitle = {Interfaces of morphology: {Festschrift} on the occasion of the 65th birthday of {Susan} {Olsen}},
	doi = {10.1524/9783050063799.217},
	editor = {Holden Härtl},
	number = {74},
	pages = {217--228},
    address = {Berlin},
	publisher = {Akademie Verlag},
	series = {Studia grammatica},
	title = {Selektion und {Interpretation} morphosyntaktischer {Einheiten}},
	year = {2013}}

@incollection{Zimmermann2013b,
	booktitle = {Sprache, {Sprachvergleich}, {Sprachträger}: {Rudolf} {Růžička} zum 90. {Geburtstag}, von {Freunden}, wissenschaftlichen {Weggefährten} und {Schülern}},
	editor = {Klaus Bochmann and Anita Steube},
	number = {82.5},
	pages = {172--179},
    address = {Stuttgart},
	publisher = {Hirzel},
	series = {Abhandlungen der Sächsischen Akademie der Wissenschaften zu Leipzig, Philologisch-historische Klasse},
	title = {Miteinander},
	year = {2013}}

@incollection{Zimmermann1980a,
	booktitle = {Otázky slovanské syntaxe. \emph{IV/2:} {Sborník} sympozia {Aktualizační} (pragmatické) složky výpovědi v slovanských jazycích, {Brno} 6.--9. září 1976},
	editor = {Mi\-ro\-slav Grepl},
	pages = {71--74},
    series = {Spisy univerzity J.E. Purkyně v Brně. Filozofická fakulta},
    number = {227},
    address = {Brno},
	publisher = {Univerzita J.E. Purkyně v Brně},
	title = {Der {Standpunkt} des {Sprechers} bezüglich der {Wahrheit} der {Mitteilung}},
	year = {1980}}

@INCOLLECTION{Zimmermann2003a,
  year = {2003},
  title = {German participle {II} constructions as adjuncts},
 editor = {Ewald Lang and Claudia Maienborn and Cathrine Fabricius-Hansen},
  booktitle = {Modifying adjuncts},
  series = {Interface Explorations},
    number = {4}, 
  pages = {627-650},
  doi = {10.1515/9783110894646.627},
  address = {Berlin},
  publisher = {Mouton De Gruyter}}

@INCOLLECTION{Zimmermann2003b,
  year = {2003},
  title = {On the semantics of cases},
 editor = {Uwe Junghanns and Luka Szucsich},
  booktitle = {Syntactic structures and morphological information},
  series = {Interface Explorations},
    number = {7}, 
  pages = {341--380},
  doi = {10.1515/9783110904758.341},
  address = {Berlin},
  publisher = {Mouton De Gruyter}}

@INCOLLECTION{Zimmermann2003c,
  year = {2003},
  title = {The categorial dependence of structural cases in {Russian}},
 editor = {Peter Kosta and Joanna Błaszczak and Jens Frasek and Ljudmila Geist and Marzena Żygis},
  booktitle = {Investigations into formal {Slavic} linguistic. {Contributions} of the fourth {European} conference on formal description of {Slavic} languages -- {FDSL IV}. {Held} at {Potsdam} {University}, {November} 28--30, 2001},
  series = {Linguistic Investigations},
    number = {10}, 
  pages = {759--779},
  address = {Frankfurt am Main},
  publisher = {Peter Lang}}

@incollection{Zimmermann1981,
    title       = {Überlegungen zum {Wesen} von {Kondensation} und {Ellipse}},
    editor      = {Daneš, František and Viehweger, Dieter},  
    booktitle   = {Satzsemantische {Komponenten} und {Relationen} im {T}ext (= {Linguistics} {I})},
    year        = {1981},
    publisher   = {Ústav pro jazyk český},
    address     = {Prag},
    pages       = {129--142}}

@incollection{Zimmermann1985,
    title       = {Der syntaktische {Parallelismus} verbaler und adjektivischer {Konstruktionen} ({Zu} einigen {Grundfragen} der $\bar{X}$-{Theorie})},
    booktitle   = {Forschungen zur deutschen {Grammatik} -- {Ergebnisse} und {Perspektiven}},
    series      = {Linguistische {Studien} des {Zentralinstituts} für {Sprachwissenschaft} der {Akademie} der {Wissenschaften} der {DDR}, {Reihe} {A}},
    number      = {127},
    editor      = {Bahner, Werner}, 
    year        = {1985},
    publisher   = {Akademie der Wissenschaften der DDR -- Zentralinstitut für Sprachwissenschaft}, 
    address     = {Berlin}, 
    pages       = {159--213}}

@incollection{Zimmermann1987a,
    title       = {Zur {Syntax} von {Komparationskonstruktionen}},
    booktitle   = {Grammatische und konzeptuelle {Aspekte} von {Dimensionsadjektiven}},
    year        = {1987},
    editor      = {Bierwisch, Manfred and Lang, Ewald}, 
    publisher   = {Akademie-Verlag}, 
    address     = {Berlin},
    pages       = {29--90},
    series      = {Studia grammatica},
	number      = {26/27}
}

@incollection{Zimmermann1987b,
    title       = {Die {Rolle} des {Lexikons} in der {Laut}-{Bedeutungs}-{Zuordnung}},
    editor      = {Motsch, Wolfgang and Zimmermann, Ilse},  
    booktitle   = {Das {Lexikon} als autonome {Komponente} der {Grammatik}},
    series      = {Linguistische {Studien} des {Zentralinstituts} für {Sprachwissenschaft} der {Akademie} der {Wissenschaften} der {DDR}, {Reihe} {A}},
    number      = {163},
    year        = {1987},
    publisher   = {Akademie der Wissenschaften der DDR -- Zentralinstitut für Sprachwissenschaft}, 
    address     = {Berlin},
    pages       = {1--27}
}

@incollection{Zimmermann1987c,
    title       = {Die {Argumentstruktur} lexikalischer {Einheiten} und ihre {Veränderung} in {Wortformenbildung}, {Derivation} und {Komposition}},
    editor      = {Motsch, Wolfgang and Zimmermann, Ilse},
    booktitle   = {Das {Lexikon} als autonome {Komponente} der {Grammatik}},
    series      = {Linguistische {Studien} des {Zentralinstituts} für {Sprachwissenschaft} der {Akademie} der {Wissenschaften} der {DDR}, {Reihe} {A}},
    number      = {163},
    year        = {1987},
    publisher   = {Akademie-Verlag}, 
    address     = {Berlin},
    pages       = {85--125}
}

@incollection{Zimmermann1993a,
	booktitle = {{Satz} und {Illokution}, \emph{Band 2}},
	editor = {Inger Rosengren},
	pages = {231--251},
	address = {Tübingen},
    publisher = {Max Niemeyer},
	series = {Linguistische Arbeiten},
	title = {Zur {Syntax} und {Semantik} der {Satzeinbettung}},
	number = {279},
    doi = {10.1515/9783111353227.231},
	year = {1993}
}

@incollection{Zimmermann1993b,
	booktitle = {The parametrization of universal grammar},
	editor = {Gisbert Fanselow},
	pages = {201--225},
	address = {Amsterdam},
    publisher = {John Benjamins},
	series = {Linguistik Aktuell/Linguistics Today},
	title = {The syntax of “possessor” phrases},
	number = {8},
    doi = {10.1075/la.8.10zim},
	year = {1993}
}

@incollection{Zimmermann1992a,
	booktitle = {{Satz} und {Illokution}, \emph{Band 1}},
	editor = {Inger Rosengren},
	pages = {1--90},
	address = {Tübingen},
	series = {Linguistische Arbeiten},
	title = {Satztyp, {Satzmodus} und {Illokution}},
    publisher = {Max Niemeyer},
	number = {278},
    addendum = {(co-authored with Margareta Brandt, Marga Reis and Inger Rosengren)},
    doi = {10.1515/9783111353210},
	year = {1992}
}

@incollection{Zimmermann1992b,
	booktitle = {{Fügungspotenzen}: {Zum} 60. {Geburtstag} von {Manfred Bierwisch}},
	editor = {Ilse Zimmermann and Anatoli Strigin},
	pages = {251--279},
	publisher = {{Akademie-Verlag}},
    address = {Berlin},
	series = {Studia grammatica},
	title = {Der {Skopus} von {Modifikatoren}},
	number = {34},
	year = {1992}
}

@incollection{Zimmermann1990a,
	address = {Berlin},
	booktitle = {Syntaktische {Repräsentationen} mit leeren {Kategorien} oder {Proformen} und ihre semantischen {Interpretationen}},
	editor = {Anita Steube},
	number = {206},
	pages = {75--90},
	publisher = {Akademie der Wissenschaften der DDR -- Zentralinstitut für Sprachwissenschaft},
	series = {Linguistische Studien des Zentralinstituts für Sprachwissenschaft der Akademie der Wissenschaften der DDR, Reihe A},
	title = {Zur {Legitimierung} leerer {Köpfe}},
	year = {1990}}

@article{Zimmermann1990b,
	journal = {Linguistische Arbeitsberichte},
	pages = {2--12},
	title = {Pränominale {Argument-} und {Modifikatorrealisierung} im {Deutschen} und {Russischen}},
	volume = {70},
	year = {1990}}

@incollection{Zimmermann1990c,
	address = {Berlin},
	booktitle = {Proceedings of the fourteenth international congress of linguists: {Berlin}/{GDR}, {August} 10 -- {August} 15, 1987},
	editor = {Werner Bahner and Joachim Schildt and Dieter Viehweger},
	pages = {864--867},
	publisher = {{Akademie-Verlag}},
	title = {Syntactic categorization},
	volume = {1},
	year = {1987}}

@incollection{Zimmermann1995a,
	booktitle = {{Festvorträge} anläßlich des 60. {Geburtstags} von {Inger Rosengren}},
	editor = {Olaf Önnerfors},
	pages = {157--175},
    address = {Lund},
	publisher = {Lunds universitet},
	series = {Sprache und Pragmatik},
	title = {{Bausteine} zur {Syntax} und {Semantik} von \textit{wie}},
	number = {60},
	year = {1995}}

@book{Zimmermann1992+Strigin,
	editor = {Ilse Zimmermann and Anatoli Strigin},
    address = {Berlin},
	publisher = {{Akademie-Verlag}},
	series = {Studia grammatica},
	title = {{Fügungspotenzen}: {Zum} 60. {Ge\-burts\-tag} von {Manfred Bierwisch}},
	number = {34},
	year = {1992}
}

@book{Zimmermann1991ed,
	editor = {Ilse Zimmermann},
    address = {Berlin},
	publisher = {{Akademie-Verlag}},
	series = {Studia grammatica},
	title = {Syntax und {Semantik} der {Substantivgruppe}},
	number = {33},
	year = {1991}
}


@book{Zimmermann1987+Motsch,
	editor = {Wolfgang Motsch and Ilse Zimmermann},
    address = {Berlin},
	publisher = {{Akademie} der {Wissenschaften} der DDR -- {Zentralinstitut} für {Sprach\-wis\-sen\-schaft}},
	series = {Linguistische {Studien} des {Zentralinstituts} für {Sprachwissenschaft} der {Akademie} der {Wissenschaften} der {DDR}, {Reihe} {A}},
	title = {Das {Lexikon} als autonome {Komponente} der {Grammatik}},
	number = {163},
	year = {1987}
}

@incollection{Zimmermann1991a,
	address = {Tübingen},
	booktitle = {Fragesätze und {Fragen}. {Referate} anläßlich der 12. {Jahrestagung} der {Deutschen} {Gesellschaft} für {Sprachwissenschaft}, {Saarbrücken} 1990},
	editor = {Marga Reis and Inger Rosengren},
	pages = {113--122},
	publisher = {Max Niemeyer},
    doi = {10.1515/9783111356525.113}, 
	series = {{Linguistische Arbeiten}},
	title = {Die subordinierende {Konjunktion} \textit{wie}},
	number = {257},
	year = {1991}}

@article{Zimmermann1989a,
	volume = {13},
	pages = {1--42},
	journal = {Sprache und Pragmatik},
	title = {Satzmodus, {Modalität} und {Performativität}},
    addendum = {(co-authored with Margareta Brandt and Inger Rosengren)},
	year = {1989}}

@incollection{Zimmermann1999a,
    title       = {Die {Integration} topikalischer {DPs} in die syn\-tak\-ti\-sche und semantische {Struktur} von {Sätzen}},
    booktitle   = {Sprachspezifische {Aspekte} der {Informationsverteilung}},
    editor      = {Doherty, Monika},  
    series      = {Studia grammatica},
    number      = {47},
    publisher   = {Akademie-Verlag},
    address     = {Berlin},
    year        = {1999},
    pages       = {41--60}
}

@article{Zimmermann1999b,
	journal = {ZAS Papers in Linguistics},
	pages = {123--146},
	title = {Partizip {II-Konstruktionen} des {Deutschen} als {Modifikatoren}},
	volume = {14},
	year = {1999}}


@incollection{Zimmermann2000a, 
    title       = {Die {Analysierbarkeit} von {Pronomen} und {Proadverbialia} im {Russischen}},
    booktitle   = {Angemessene {Strukturen}: {Systemorganisation} in {Phonologie}, {Morphologie} und {Syntax}},
    editor      = {Bittner, Andreas and Bittner, Dagmar and Köpcke, Klaus M.}, 
    year        = {2000},
    publisher   = {Olms},
    address     = {Hil\-des\-heim},
    pages       = {261--282}
}

@incollection{Zimmermann1982a,
	address = {Berlin},
    booktitle = {Probleme der {Satzsemantik}},
	series = {Linguistische {Studien} des {Zentralinstituts} für {Sprachwissenschaft} der {Akademie} der {Wissenschaften} der {DDR} {Reihe} {A} 92},
	pages = {81--139},
	title = {Explizite und implizite {Faktivität}},
	volume = {2},
    editor = {František Daneš and Dieter Viehweger},
    address = {Berlin},
    publisher = {Akademie der Wissenschaften der DDR -- Zentralinstitut für Sprachwissenschaft},
	year = {1982}}

@article{Zimmermann1978a,
	journal = {Struktur und {Funktion} russischer {Substantivverbände}. {Vorträge} einer {Arbeitstagung}, gehalten am 1. und 2. {Dezember} 1977 in {Rostock}},
	number = {1},
	pages = {143--151},
	publisher = {Wilhelm-Pieck-Universität Rostock},
	title = {Substantivverbände als {Satzentsprechungen} und ihre referentielle {Bedeutung}},
	year = {1978}}

@incollection{Zimmermann1978b,
	address = {Leningrad},
    publisher = {Nauka},
    editor = {Viktor Samuilovič Xrakovskij},
	booktitle = {Problemy teorii zaloga},
	journal = {Problemy teorii gram m atičeskogo załoga},
	pages = {71--79},
	title = {Sintaksičeskie funkcii aktantov, zalog i perexodnost'},
	year = {1978}}

@article{Zimmermann1967a,
	doi = {10.1524/slaw.1967.12.1.746},
	journal = {Zeitschrift für {Slawistik}},
	number = {5},
	pages = {744--755},
	title = {Der {Parallelismus} verbaler und substantivischer {Konstruktionen} in der russischen {Sprache} der {Gegenwart}},
	volume = {12},
    year = (1967)}

@article{Zimmermann1972a,
	doi = {10.1524/slaw.1972.17.1.674},
	journal = {Zeitschrift für {Slawistik}},
	number = {5},
	pages = {674--684},
	title = {Die substantivische {Satzform}},
	volume = {17},
	year = {1972}}

@incollection{Zimmermann1983a,
	address = {Berlin},
	booktitle = {Richtungen der modernen {Semantikforschung}},
	doi = {10.1515/9783112533949-005},
	editor = {Wolfgang Motsch and Manfred Bierwisch and Dieter Viehweger},
    number = {37},
	publisher = {{Akademie} der {Wissenschaften} der DDR -- {Zentralinstitut} für {Sprach\-wis\-sen\-schaft}},
    addendum = {(co-authored with Renate Pasch)},
    pages = {246--362},
    series = {Sammlung Akademie-Verlag / Sprache},
	title = {Die {Rolle} der {Semantik} in der generativen {Grammatik}},
	year = {1983}}

@incollection{Zimmermann1983b,
	address = {Berlin},
	booktitle = {Untersuchungen zur {Semantik}},
	series = {Studia grammatica},
    number = {22},
	editor = {Růžička, Ru\-dolf and Motsch, Wolfgang},
	pages = {201--242},
	publisher = {Akademie-Verlag},
	title = {Untersuchungen zum {Verhältnis} von {Substantivgruppe} und {Nebensatz}},
	year = {1983}
}

@INCOLLECTION{Zimmermann1991c,
    year = {1991},
    title = {The ``subject'' in noun phrases},
    booktitle = {Syntax und {Semantik} der {Substantivgruppe}},
    editor = {Ilse Zimmermann},
    pages = {33--68},
    address = {Berlin},
    publisher = {Akademie-Verlag},
    number = {33},
    series = {Studia grammatica}}

@INCOLLECTION{Zimmermann1991b,
    year = {1991},
    title = {Die {Syntax} der {Substantivgruppe}: {Weiterentwicklungen} der $\bar{X}$-{Theorie}},
    booktitle = {Syntax und {Semantik} der {Substantivgruppe}},
    editor = {Ilse Zimmermann},
    pages = {1--32},
    address = {Berlin},
    publisher = {Akademie-Verlag},
    number = {33},
    series = {Studia grammatica}}

@article{Zimmermann2008a,
	journal = {Journal of Slavic Linguistics},
	number = {2},
	pages = {289--305},
	title = {On the syntax and semantics of \textit{kakoj} and \textit{čto za} in {Russian}},
	volume = {16},
	year = {2008},
	doi = {10.1353/jsl.0.0003}
}

@incollection{Zimmermann2021a,
	address = {Berlin},
	booktitle = {Advances in {Formal} {Slavic} {Linguistics} 2018},
	doi = {10.5281/zenodo.5155544},
	editor = {Andreas Blümel and Jovana Gajić and Ljudmila Geist and Uwe Junghanns and Hagen Pitsch},
	number = {4},
	pages = {393--422},
	publisher = {Language Science Press},
	series = {Open Slavic Linguistics},
	title = {The role of the correlate in clause-embedding},
	year = {2021}}

@incollection{Zimmermann2021b,
	address = {Frankfurt am Main},
	booktitle = {Selected proceedings of the 14th meeting of the {Slavic} {Linguistics} {Society}. {In} honor of {Peter} {Kosta}},
	doi = {https://doi.org/10.3726/b18798},
	editor = {Steven L. Franks and Alan H. Timberlake and Anna W. Wietecka},
	number = {34},
	pages = {345--368},
	publisher = {Peter Lang},
	series = {Potsdam Linguistic Investigations},
	title = {On pronouns relating to clauses},
	year = {2021}}

@incollection{Zimmermann2019a,
	address = {Potsdam},
	booktitle = {Of trees and birds. {A} {Festschrift} for {Gisbert} {Fanselow}},
	editor = {Jessica M. M. Brown and Andreas Schmidt and Marta Wierzba},
	pages = {37--59},
	publisher = {Universitätsverlag Potsdam},
	title = {Zur {Analysierbarkeit} adverbieller {Konnektive}},
	year = {2019}}


@article{Zimmermann2019b,
	journal = {Linguistische Berichte},
	pages = {319--347},
	title = {Nominalisierungen zu intensionalen {Verben}},
	volume = {259},
	year = {2019}}


@article{Zimmermann2018a,
	journal = {Linguistische Berichte},
	pages = {229--244},
	title = {Die {Negation} in temporalen {Nebensätzen}},
	volume = {254},
	year = {2018}}

@article{Zimmermann2018b,
	journal = {Linguistische Berichte},
	pages = {37--57},
	title = {Das {Korrelat} in temporalen {Nebensätzen}},
	volume = {253},
	year = {2018}}

@book{Zimmermann1988+Bierwisch+Motsch,
	editor = {Manfred Bierwisch and Wolfgang Motsch and Ilse Zimmermann},
    address = {Berlin},
	publisher = {{Akademie-Verlag}},
	series = {Studia grammatica},
	title = {Syntax, {Semantik} und {Lexikon}},
	number = {29},
	year = {1988}
}

@book{Zimmermann2002+Lang,
	editor = {Ewald Lang and Ilse Zimmermann},
    address = {Berlin},
	publisher = {Zentrum für Allgemeine Sprachwissenschaft},
	series = {ZAS Papers in Linguistics},
	title = {Nominalizations},
    doi = {10.21248/zaspil.27.2002.146},
	number = {27},
	year = {2002}
}

@incollection{Zimmermann2014,
	address = {Berlin},
	booktitle = {The nominal structure in {Slavic} and beyond},
	doi = {10.1515/9781614512790.275},
	editor = {Lilia Schürcks and Anastasia Giannakidou and Urtzi Etxeberria},
	number = {116},
	pages = {275--298},
	publisher = {Mouton De Gruyter},
	series = {Studies in Generative Grammar},
	title = {Reciprocity expression},
	year = {2014}}

    @incollection{Zimmermann2007a,
	address = {Berlin},
	booktitle = {Interfaces and interface conditions},
	doi = {10.1515/9783110926002.141},
	editor = {Andreas Späth},
	number = {6},
	pages = {141--155},
	publisher = {Mouton De Gruyter},
	series = {Language, Context and Cognition},
	title = {German w-clauses at the left and right periphery of copular sentences},
	year = {2007}}

  @incollection{Zimmermann2007b,
	address = {Frankfurt am Main},
	booktitle = {Linguistic investigations into formal description of {Slavic} languages. {Contributions} of the sixth {European} conference held at {Potsdam} {University}, {November} 30 -- {December} 02, 2005},
	editor = {Peter Kosta and Lilia \mbox{Schürcks}},
	number = {1},
	pages = {171--184},
	publisher = {Peter Lang},
	series = {Potsdam Linguistic Investigations},
	title = {The {Slovenian} imperative in embedded clauses},
    addendum = {(co-authored with Boštjan Dvořák)},
	year = {2007}}

@article{Zimmermann2002a,
	journal = {ZAS Papers in Linguistics},
	pages = {125--140},
	title = {Process nominalizations in {Russian}},
	volume = {27},
	year = {2002}}

  @incollection{Zimmermann2002b,
	address = {Berlin},
	booktitle = {More than words. {A} {Festschrift} for {Dieter} {Wunderlich}},
	editor = {Ingrid Kaufmann and Barbara Stiebels},
	number = {53},
	pages = {275--298},
	publisher = {Akademie-Verlag},
	series = {Studia grammatica},
	title = {Structural cases in {Russian}},
	year = {2002}}

@article{Zimmermann1985review,
	journal = {Zeitschrift für Germanistik},
	pages = {447--480},
	title = {Reviewed work: \textit{Wortbildung} ({Wege} der {Forschung} 564) ed. by Leonhard Lipka \& Hartmut Günther, Darmstadt: Wissenschaftliche Buchgesellschaft, 1981, \mbox{VI +} 404 pp.},
	volume = {6},
    number = {4},
	year = {1985}}

@article{Zimmermann1986areview,
	journal = {Zeitschrift für Germanistik},
	pages = {247--250},
	title = {Reviewed work: \textit{Zur Syntax und Semantik der Nominalkomposition. Ein Versuch praktischer Anwendung der Montague-Grammatik auf die Wortbildung im Deutschen} ({Linguistische} {Arbeiten} 197) by Gisbert Fanselow, Tübingen: Max Niemeyer, 1981, XIII + 244 pp.},
	volume = {7},
    number = {2},
	year = {1986}}

@article{Zimmermann1997a,
	journal = {Sprache und Pragmatik},
	pages = {36--68},
	title = {\textit{So} und \textit{wie} in satzadverbiellen {Phrasen}},
	volume = {44},
	year = {1997}}

@article{Zimmermann1973a,
	journal = {Bulletin de la Société Polonaise de Linguistique},
	pages = {59--73},
	title = {Zur {Problematik} der {Kasussemantik} (anhand von {Ch.} {J.} {Fillmores} \textit{The case for case})},
	volume = {31},
	year = {1973}}

@article{Zimmermann1970a,
	journal = {ASG-Bericht},
	pages = {1--16},
	title = {Die {Funktionen} der {Nominalphrasen} im {Satz} (zu {Ch.} {J.} {Fillmores {Kasusgrammatik}})},
	volume = {7},
	year = {1970}}

  @incollection{Zimmermann1996a,
	address = {Frankfurt am Main},
	booktitle = {Formale {Slavistik}},
	editor = {Uwe Junghanns and Gerhild Zybatow},
	number = {7},
	pages = {49--61},
	publisher = {Vervuert},
	series = {Leipziger Schrif\-ten zur Kultur-, Literatur-, Sprach- und Übersetzungswissenschaft},
	title = {Das dativische pronominale {Klitikum} in der {Substantivgruppe} des {Bul\-ga\-rischen}},
	year = {1996}}

@article{Zimmermann1996b,
	journal = {ZAS Papers in Linguistics},
	pages = {192--209},
	title = {Das dativische pronominale {Klitikum} in der {DP-Struktur} des {Bulgarischen}},
	volume = {6},
	year = {1996}}

  @incollection{Zimmermann1996c,
	address = {Wuppertal},
	booktitle = {Die {Struktur} der {Nominalphrase}},
	editor = {Hans Thilo Tappe and Elisabeth Löbel},
	number = {12},
	pages = {189--208},
	publisher = {Universität Wuppertal},
	series = {Wuppertaler Arbeitspapiere zur Sprachwissenschaft},
	title = {Substantivgruppen mit einem {Adjektivabstraktum als Kern}},
	year = {1996}}

@article{Zimmermann1986breview,
	journal = {Zeitschrift für Phonetik, Sprachwissenschaft und Kommunikationsforschung},
	pages = {397--398},
	title = {Reviewed work: \textit{Syntaktische Funktionen und Wortstellungsveränderung. Die Entwicklung „subjektloser” Konstruktionen in einigen Sprachen} ({Studien} zur {Theo\-re\-ti\-schen} {Linguistik} 3) by  Ariane von Seefranz-Montag, München: Wilhelm Fink, 1983, 288 pp.},
    doi = {10.1524/stuf.1986.39.14.265},
	volume = {39},
    number = {3},
	year = {1986}}

@article{Zimmermann1988areview,
	journal = {Zeit\-schrift für Germanistik},
	pages = {98--100},
	title = {Reviewed work: \textit{Sprache und Grammatik. Grundprobleme der linguistischen Sprachbeschreibung} ({Erträge} der {Forschung} 176) by Theo Vennemann \& Joachim Jacobs, Darmstadt: Wissenschaftliche Buchgesellschaft, 1982, XI + 168 pp.},
	volume = {9},
    number = {1},
	year = {1988}}

@article{Zimmermann1994areview,
	journal = {Zeitschrift für Germanistik, \emph{Neue Folge}},
	pages = {218--221},
	title = {Reviewed work: \textit{Temporalsemantik. Beiträge zur Linguistik der Zeitreferenz} ({Linguistische} {Arbeiten} 201) ed. by Veronika Ehrich \& Heinz Vater, Tübingen: Max Niemeyer, 1988, XVIII + 364 pp.},
	volume = {4},
    number = {1},
	year = {1994}}

@article{Zimmermann2013areview,
	journal = {Zeitschrift für Sprachwissenschaft},
	pages = {118--122},
	title = {Reviewed work: \textit{Adverbials and the Phase Model} ({Linguistik} {Aktuell}/{Linguistics} {Today} 177) by Petr Biskup, Amsterdam: John Benjamins, 2011, X + 235 pp.},
    doi = {10.1515/zfs-2013-0004},
	volume = {32},
    number = {1},
	year = {1994}}

@phdthesis{Zimmermann1980phd,
    title = {Studien zur {Beziehung} von {Syntax} und {Semantik}},
    address = {Berlin},
    school = { Akademie der Wissenschaften der DDR -- Zentralinstitut für Sprachwissenschaft},
    year = {1980},
}

@article{Zimmermann2002c,
	journal = {Sprache und Pragmatik},
	pages = {27--57},
	title = {Die {Analysierbarkeit} von {Pronomen} and {Proadverbialia} im {Russischen}},
	volume = {51},
	year = {2002}}