@book{langsci-current-book, author = {Hilary M. Carey}, title = {{The Colonial Bible in Australia}}, subtitle = {{Scripture translations by Biraban and Lancelot Threlkeld, 1825--1859}},year = {2024}, series = {History and Philosophy of the Language Sciences}, number = {9}, location = {Berlin}, publisher = {Language Science Press}, options = {dataonly=true} } 
