@book{langsci-current-book, editor = {Santiago Sánchez Moreano and Élodie Blestel}, title = {{Prácticas lingüísticas heterogéneas}}, subtitle = {{Nuevas perspectivas para el estudio del español en contacto con lenguas amerindias}},year = {2021}, series = {Contact and Multilingualism}, number = {4}, location = {Berlin}, publisher = {Language Science Press}, options = {dataonly=true} } 
