@book{langsci-current-book, editor = {Maria João Freitas and Marisa Lousada and Dina Caetano Alves}, title = {{Linguística clínica}}, subtitle = {{Modelos, avaliação e intervenção}},year = {2022}, series = {Textbooks in Language Sciences}, number = {11}, location = {Berlin}, publisher = {Language Science Press}, options = {dataonly=true} } 
