
@incollection{Zimmermann1988intro,
	booktitle = {The contribution of word-structure theories to the study of word formation},
    author = {Ilse Zimmermann},
	editor = {Wolfgang Motsch},
	number = {179},
	pages = {157--188},
    address = {Berlin},
	publisher = {Akademie der Wissenschaften der DDR -- Zentralinstitut für Sprachwissenschaft},
	series = {Linguistische Studien des Zentralinstituts für Sprachwissenschaft der Akademie der Wissenschaften der DDR, Reihe A},
    year = {1988},
	title = {Wohin mit den {Affixen?}}}

@article{Zimmermann2002,
	journal = {Sprache und Pragmatik},
    author = {Ilse Zimmermann},
	pages = {27--57},
	title = {Die {Analysierbarkeit} von {Pronomen} and {Proadverbialia} im {Russischen}},
	volume = {51},
	year = {2002}}

@incollection{Zimmermann1983,
	address = {Berlin},
    author = {Ilse Zimmermann},
	booktitle = {Untersuchungen zur {Semantik}},
	series = {Studia grammatica},
    number = {22},
	editor = {Růžička, Ru\-dolf and Motsch, Wolfgang},
	pages = {201--242},
	publisher = {Akademie-Verlag},
	title = {Untersuchungen zum {Verhältnis} von {Substantivgruppe} und {Nebensatz}},
	year = {1983}
}

@incollection{Zimmermann1991intro,
    year = {1991},
  author = {Ilse Zimmermann},
    title = {The ``subject'' in noun phrases},
    booktitle = {Syntax und {Semantik} der {Substantivgruppe}},
    editor = {Ilse Zimmermann},
    pages = {33--68},
    address = {Berlin},
    publisher = {Akademie-Verlag},
    number = {33},
    series = {Studia grammatica}}

@article{Zimmermann1997,
	journal = {Sprache und Pragmatik},
    author = {Ilse Zimmermann},
	pages = {36--68},
	title = {\textit{So} und \textit{wie} in satzadverbiellen {Phrasen}},
	volume = {44},
	year = {1997}}

@article{Zimmermann2008,
	journal = {Journal of Slavic Linguistics},
	number = {2},
    author = {Ilse Zimmermann},
	pages = {289--305},
	title = {On the syntax and semantics of \textit{kakoj} and \textit{čto za} in {Russian}},
	volume = {16},
	year = {2008},
	doi = {10.1353/jsl.0.0003}
}

@incollection{Zimmermann2016intro,
	booktitle = {Mood, aspect, modality revisited. {New} answers to old questions},
	editor = {Joanna Błaszczak and Anastasia Giannakidou and Dorota Klimek-Jankowska and Krzysztof Migdalski},
    author = {Ilse Zimmermann},
	pages = {286--309},
    address = {Chicago},
	publisher = {The University of Chicago Press},
	title = {Approaching the morphosyntax and semantics of mood},
	year = {2016}}

@article{Zimmermann2018intro,
	journal = {Linguistische Berichte},
    author = {Ilse Zimmermann},
	pages = {37--57},
	title = {Das {Korrelat} in temporalen {Nebensätzen}},
	volume = {253},
	year = {2018}}

@unpublished{Zimmermann2020,
    author = {Ilse Zimmermann},
	title = {Es ist, wie es ist. {Für} {Dieter}},
	note = {Unpublished manuscript, Universität Potsdam},
	year = {2020}
}

@incollection{Zimmermann1992a,
	booktitle = {{Satz} und {Illokution}, \emph{Band 1}},
    author = {Margareta Brandt and Marga Reis and Inger Rosengren and Ilse Zimmermann},
	editor = {Inger Rosengren},
	pages = {1--90},
	address = {Tübingen},
	series = {Linguistische Arbeiten},
	title = {Satztyp, {Satzmodus} und {Illokution}},
    publisher = {Max Niemeyer},
	number = {278},
    doi = {10.1515/9783111353210},
	year = {1992}
}