@book{AdelungVater1816,
	author={Adelung, Johann C. and Vater, Johann S.},
	year={1816},
	title={{Mithridates oder allgemeine Sprachenkunde, mit dem Vater Unser als Sprachprobe in bey nahe fünfhundert Sprachen und Mundarten}},
	volume={3, part 3},
	address={Berlin},
	publisher={Vossische Buchhandlung}
}
@article{Ahlers2006,
	author={Ahlers, Jocelyn C.},
	year={2006},
	title={Framing discourse: Creating community through Native language use},
	journal={Journal of Linguistic Anthropology},
	volume={16},
	number={1},
	pages={58--75}
}
@book{Aikhenvald2004,
	author={Aikhenvald, Alexandra},
	year={2004},
	title={Evidentiality},
	address={Oxford},
	publisher={Oxford University Press}
}
@book{Ariel1990,
	author={Ariel, Mira},
	year={1990},
	title={Accessing noun-phrase antecedents},
	address={London},
	publisher={Routledge},
	series={Croom Helm Linguistics Series}
}
@book{Baker1996,
	author={Baker, Mark C.},
	year={1996},
	title={The polysynthesis parameter},
	address={Oxford},
	publisher={Oxford University Press}
}
@book{Baker2003,
	author={Baker, Mark C.},
	year={2003},
	title={Lexical categories: Verbs, nouns, and adjectives},
	address={Cambridge},
	publisher={Cambridge University Press}
}
@book{Barker1995,
	author={Barker, Chris},
	year={1995},
	title={Possessive descriptions},
	publisher={CSLI Publications},
	address={Stanford}
	}
@book{Baron2001,
	editor={Baron, Irène. et al.},
	year={2001},
	title={Dimensions of possession},
	address={Amsterdam},
	publisher={John Benjamins}
}
@article{Basilico1996,
	author={Basilico, David},
	year={1996},
	title={Head position and internally headed relative clauses},
	journal={Language},
	volume={72},
	number={3},
	pages={498--532}
}
@incollection{Basso1990,
  author={Basso, Keith H.},
  year={1990},
  title={Semantic aspects of linguistic acculturation},
  booktitle={Western Apache language and culture: Essays in linguistic anthropology},
  editor={Basso, Keith H.},
  publisher={University of Arizona Press},
  address={Tucson},
  pages={15--24}
  }
@inproceedings{BeckmanPierrehumbert1986,
	author={Beckman, Mary and Pierrehumbert, Janet B.},
	year={1986},
	title={Japanese prosodic phrasing and intonation synthesis},
	booktitle={{Proceedings of the 24\textsuperscript{th} Annual Meeting of the Association for Computational Linguistics}},
	address={New York}
}
@incollection{BenAvi1984,
	author={Ben-Avi, Ittamar},
	year={1984},
	title={Ittamar Ben Avi, the ``guinea pig infant'' of modern spoken Hebrew, tells how he uttered his first word in Hebrew (1885)},
	booktitle={Momentous century: Personal and eyewitness accounts of the rise of the Jewish homeland and state, 1875--1978},
	editor={Soshuk, Levi and Eisenberg, Azriel},
	publisher={Herzl Press},
	address={New York}
}
@article{BhattPancheva2004,
	author={Bhatt, Rajesh and Roumyana Pancheva},
	year={2004},
	title={Late merger of degree clauses},
	journal={Linguistic Inquiry},
	volume={35},
	pages={1--45}
}
@book{Bianchi1999,
	author={Bianchi, Valentina},
	year={1999},
	title={Consequences of antisymmetry: Headed relative clauses},
	series={Studies in Generative Grammar},
	address={New York},
	publisher={de Gruyter Mouton}
}
@book{Bieder1995,
	author={Bieder, Robert E.},
	year={1995},
	title={Native American communities in Wisconsin, 1600--1960: A study of tradition and change},
	address={Madison},
	publisher={University of Wisconsin Press}
}
@article{Bloomfield1925,
	author={Bloomfield, Leonard},
	year={1925},
	title={On the sound-system of Central Algonquian},
	journal={Language},
	volume={1},
	number={4},
	pages={130--156}
}
@book{BoasDeloria1941,
	author={Boas, Franz and Deloria, Ella},
	year={1941},
	title={Dakota grammar},
	series={Memoirs of the National Academy of Sciences},
	number={23},
	address={Washington},
	publisher={Government Printing Office.}
}
@misc{BoersmaWeenink1992,
	author={Boersma, Paul and Weenink, David},
	year={1992},
	title={Praat: Doing phonetics by computer},
	url={http://www.praat.org},
	howpublished={Software}
}
@book{Bogdanovich1973,
	author={Bogdanovich, Peter},
	year={1973},
	title={Paper Moon},
	address={Hollywood},
	publisher={Paramount Pictures},
	note={Movie}
}
@book{Bolinger1986,
	author={Bolinger, Dwight}, 
	year={1986}, 
	title={Intonation and its parts: Melody in spoken English}, 
	address={Stanford}, 
	publisher={Stanford University Press}
}
@book{Bonneau1992,
	author={Bonneau, Jos\'e},
	year={1992},
	title={The structure of internally headed relative clauses},
	address={Montréal},
	publisher={McGill University (Doctoral dissertation)}
}
@article{Bookeretal1992,
	author={Booker, Karen M. and Hudson, Charles M. and Rankin, Robert L.},
	year={1992},
	title={Place name identification and multilingualism in the sixteenth-century Southeast},
	journal={Ethnohistory},
	volume={39},
	number={4},
	pages={399--451}
}
@incollection{Botma2011,
	author={Botma, Bert},
	year={2011},
	title={Sonorants},
	editor={van Oostendorp, Mark and Ewen, Colin and Hume, Elizabeth and Rice, Keren},
	address={Hoboken, NJ},
	booktitle={The Blackwell companion to phonology},
	pages={171--193},
	publisher={Wiley-Blackwell}
}
@article{Bowers1997,
	author={Bowers, John},
	year={1997},
	title={A binary analysis of resultatives},
	journal={Texas Linguistic Forum},
	volume={38},
	pages={43--58}
}
@book{Boyle2007,
	author={Boyle, John P.},
	year={2007},
	title={Hidatsa morphosyntax and clause structure},
	address={Chicago},
	publisher={University of Chicago (Doctoral dissertation)}
}
@misc{Boyle2009,
	author={Boyle, John P.},
	year={2009},
	title={The indefinite prefix [*wa-] in the Siouan languages},
	howpublished={Paper presented at the Siouan and Caddoan Languages Conference, University of Nebraska -- Lincoln, June 2009}
}
@inproceedings{Boyle2005,
	author={Boyle, John P.},
	year={2005},
	title={The semantics of Hidatsa NP coordination},
	editor={Makkai, Adam and Sullivan, William J. and Lommel, Arle R.},
	booktitle={Interconnections},
	series={LACUS Forum},
	number={31},
	address={Houston},
	pages={105--111}
}
@article{Boyle2011,
	author={Boyle, John P.},
	year={2011},
	title={Switch-reference in Hidatsa: The evolution of a grammatical system},
	journal={International Journal of American Linguistics},
	volume={77},
	number={3},
	pages={413--428}
}
@incollection{Brassetal1989,
	author={Brass, Andrew and Hale, Kenneth and Perkins, Ellavina and Speas, Margaret},
	year={1989},
	title={Aspects of logical form in Navajo},
	booktitle={Studies in Athabaskan syntax},
	editor={Cook, Eung-Do and Rice, Keren},
	pages={317--34},
	address={Berlin},
	publisher={de Gruyter Mouton}
}
@article{Bresnan1976,
	author={Bresnan, Joan},
	year={1976},
	title={On the form and functioning of transformations},
	journal={Linguistic Inquiry},
	volume={7},
	pages={3--40}
}
@article{Broadwell1985,
	author={Broadwell, George Aaron},
	year={1985},
	title={{Internally headed relative clauses in Choctaw}},
	journal={Kansas Working Papers in Linguistics},
	volume={6},
	pages={16--24}
}
@article{Broadwell1987,
	author={Broadwell, George Aaron},
	year={1987},
	title={A-bar anaphora and relative clauses},
	journal={Proceedings of the North East Linguistics Society},
	volume={16},
	pages={47--56}
}
@book{Broadwell2006,
	author={Broadwell, George Aaron},
	year={2006},
	title={{A Choctaw reference grammar}},
	address={Lincoln},
	publisher={University of Nebraska Press}
}
@book{Brown1999,
	author={Brown, Cecil H.},
	year={1999},
	title={Lexical acculturation in Native American languages},
	series={Oxford Studies in Anthropological Linguistics},
	number={20},
	address={Oxford},
	publisher={Oxford University Press}
}
@article{BrownDryer2009,
	author={Brown, Lea and Dryer, Matthew S. Dryer},
	year={2009},
	title={The verbs for `and' in Walman, a Torricelli language of Papua New Guinea},
	journal={Language},
	volume={84},
	number={3},
	pages={528--565}
}
@book{Buechel1970,
	author={Buechel, S.J., Eugene},
	year={1970},
	title={A Dictionary of the Teton Lakota Sioux language},
	address={Pine Ridge, SD},
	publisher={Holy Rosary Mission}
}
@book{Buechel1939,
	author={Buechel, S.J., Eugene},
	year={1939},
	title={A grammar of Lakota: The language of the Teton Sioux Indians},
	publisher={Saint Francis Mission},
	address={Saint Francis, SD}
}
@article{Buffalohead2004,
	author={Buffalohead, Eric},
	year={2004},
	title={Dhegihan history: A personal journey},
	journal={Plains Anthropologist},
	volume={49},
	number={192},
	pages={327--343}
}
@book{Bühler1934,
	author={Bühler, Karl},
	year={1934},
	title={Sprachtheorie},
	address={Stuttgart},
	publisher={Fischer}
}
@book{Campbell2000,
	author={Campbell, Lyle},
	year={2000},
	title={American Indian languages: The historical linguistics of Native America},
	address={Oxford},
	publisher={Oxford University Press}
	}
@book{CampbellMithun1979book,
	editor={Campbell, Lyle and Mithun, Marianne},
	year={1979},
	title={The languages of Native America: Historical and comparative assessment},
	booktitle={The languages of Native America: Historical and comparative assessment},
    address={Austin},
    publisher={University of Texas Press}
}
@incollection{CampbellMithun1979,
	author={Campbell, Lyle and Mithun, Marianne}, 
	year={1979},
	title={Introduction},
    crossref={CampbellMithun1979book}
}
@article{Carrier1992,
	author={Carrier, Jill and Randall, Janet},
	year={1992},
	title={The argument structure and syntactic structure of resultatives},
	journal={Linguistic Inquiry},
	volume={23},
	pages={173--234}
}
@article{Carstens2002,
	author={Carstens, Vicki},
	year={2002},
	title={Antisymmetry and word order in serial constructions},
	journal={Language},
	volume={78},
	number={1},
	pages={3--50}
}
@book{Carter1974,
	author={Carter, Jr., Richard T.},
	year={1974},
	title={Teton Dakota phonology},
	series={University of Manitoba Anthropology Papers},
	number={10},
	address={Winnipeg},
	publisher={University of Manitoba}
}
@article{Carter1980,
	author={Carter, Jr., Richard T.},
	year={1980},
	title={The Woccon language of North Carolina: Its genetic affiliations and historical significance},
	journal={International Journal of American Linguistics},
	volume={46},
	number={3},
	pages={170--182}
}
@incollection{Carter1991,
	author={Carter, Jr., Richard T.},
	year={1991},
	title={Old Man Coyote and the Wild Potato: A Trickster tale},
	booktitle={Linguistic studies presented to John L. Finlay},
	series={Algonquian and Iroquoian Linguistics Memoirs},
	number={8},
	pages={27--43},
	address={Winnipeg},
	publisher={University of Manitoba},
	editor={Wolfart, H. Christoph}
}
@book{Chafe1976,
	author={Chafe, Wallace L.},
	year={1976},
	title={The Caddoan, Iroquoian, and Siouan languages},
	series={Trends in Linguistics},
	number={3},
	address={Berlin},
	publisher={de Gruyter Mouton}
}
@book{ChappellMcGregor1996,
	author={Chappell, Hilary and McGregor, William},
	year={1996},
	title={The grammar of inalienability: A typological perspective on body-part terms and the part-whole relation},
	address={Berlin},
	publisher={de Gruyter Mouton}
}
@book{Cheng1997,
	author={Cheng, Lisa Lai Shen},
	year={1997},
	title={On the typology of Wh-questions},
	publisher={Garland Publishing},
	address={New York},
	series={Outstanding Dissertations in Linguistics}
}
@book{Chomsky1981,
	author={Chomsky, Noam},
	year={1981},
	title={Lectures on government and binding},
	address={Dordrecht},
	publisher={Foris Publications}
}
@book{Chomsky1982,
	author={Chomsky, Noam},
	year={1982},
	title={Some concepts and consequences of the theory of government and binding},
	address={Cambridge, MA},
	publisher={MIT Press}
}
@book{Chomsky1995,
	author={Chomsky, Noam},
	year={1995},
	title={The minimalist program},
	address={Cambridge, MA},
	publisher={MIT Press}
}
@book{Chomsky1998,
	author={Chomsky, Noam},
	year={1998},
	title={Minimalist inquiries: The framework},
	series={MIT Occasional Papers in Linguistics},
    address={Cambridge, MA},
    publisher={MIT Press}
}
@incollection{Chomsky2000,
	author={Chomsky, Noam},
	year={2000},
	title={Minimalist inquiries: The framework},
	editor={Martin, Roger and Michaels, David and Uriagereka, Juan},
	booktitle={Step by step: Essays on Minimalist syntax in honor of Howard Lasnik},
	pages={89--155},
	address={Cambridge, MA},
	publisher={MIT Press}
}
@article{Chomsky2001a,
	author={Chomsky, Noam},
	year={2001},
	title={Beyond explanatory adequacy},
	journal={MIT Occasional Papers in Linguistics},
	volume={20},
    pages={1--141},
	address={Cambridge, MA},
	publisher={MIT}
}
@incollection{Chomsky2001b,
	author={Chomsky, Noam},
	year={2001},
	title={Derivation by phase},
	editor={Kenstowicz, Michael},
	booktitle={Ken Hale: A life in language},
	pages={1--51},
	address={Cambridge, MA},
	publisher={MIT Press}
}
@incollection{Chomsky2004,
	author={Chomsky, Noam},
	year={2004},
	title={Beyond explanatory adequacy},
	editor={Belletti, Adriana},
	booktitle={Structures and beyond: The cartography of syntactic structures},
	volume={2},
	pages={104--131},
	publisher={Oxford University Press},
	address={Oxford}
}
@article{Citko2001,
	author={Citko, Barbara},
	year={2001},
	title={Deletion under identity in relative clauses},
	journal={Proceedings of the North East Linguistics Society},
	volume={31},
	pages={1--15},
	editor={Kim, Minjoo and Strauss, Uri},
	note={Amherst, MA: GLSA Publications}
}
@book{Citko2011,
	author={Citko, Barbara},
	year={2011},
	title={Symmetry in syntax: Merge, move, and labels},
	address={Cambridge},
	publisher={Cambridge University Press}
}
@misc{Clarkson2012,
	author={Clarkson, John},
	year={2012},
	title={NP coordination in Mandan},
	howpublished={Paper presented at the Siouan and Caddoan Languages Conference, White Cloud, KS}
}
@article{Clements1985,
	author={Clements, George N.},
	year={1985},
	title={The geometry of phonological features},
	journal={Phonology Yearbook},
	volume={2},
	pages={225--252}
}
@book{Cole1982,
	author={Cole, Peter},
	year={1982},
	title={Imbabura Quechua},
	series={Lingua Descriptive Studies},
	number={5},
	address={Amsterdam},
	publisher={Elsevier}
}
@article{Cole1987,
	author={Cole, Peter},
	year={1987},
	title={The structure of internally headed relative clauses},
	journal={Natural Language and Linguistic Theory},
	volume={5},
	number={2},
	pages={277--302}
} 
@article{ColeHermon1994,
	author={Cole, Peter and Hermon, Gabriella},
	year={1994},
	title={Is there LF wh-movement?},
	journal={Linguistic Inquiry},
	volume={25},
	pages={239--262}
}
@article{Coleetal1982,
	author={Cole, Peter and Herbert, Wayne and Hermon, Gabriella},
	year={1982},
	title={Headless relative clauses in Quechua},
	journal={International Journal of American Linguistics},
	volume={48},
	number={2},
	pages={113--124}
}
@book{Comrie1981,
	author={Comrie, Bernard},
	year={1981},
	title={Language Universals and Linguistic Typology},
	address={Chicago},
	publisher={University of Chicago Press}
}
@article{Corver1997,
	author={Corver, Norbert},
	year={1997},
	title={The internal syntax of the Dutch extended adjectival projection},
	journal={Natural Language and Linguistic Theory},
	volume={15},
	pages={289--368},
}
@misc{CrawfordNotebooks,
	author={Crawford, James M.},
	year={1970--1973},
	title={Field notebooks},
	address={Philadelphia: Library of the American Philosophical Society}
}
@book{Crawford1978,
	author={Crawford, James M.},
	year={1978},
	title={The Mobilian trade language},
	address={Knoxville},
	publisher={University of Tennessee}
}
@incollection{Crawford1979,
	author={Crawford, James M.},
	year={1979},
	title={{Timucua} and {Yuchi}: {Two} language isolates of the {Southeast}},
	crossref={CampbellMithun1979book},
    pages={327--354}
}
@book{Croft2003,
	author={Croft, William},
	year={2003},
	title={Typology and universals},
	edition={2},
	series={Cambridge Textbooks in Linguistics},
	address={Cambridge},
	publisher={Cambridge University Press.}
}
@book{Culy1990,
	author={Culy, Christopher},
	year={1990},
	title={The syntax and semantics of internally headed relative clauses},
	publisher={Stanford University (Doctoral dissertation)},
	address={Stanford}
}
@book{Cumberland2005,
	author={Cumberland, Linda A.},
	year={2005},
	title={A grammar of Assiniboine: A Siouan language of the northern Plains},
	publisher={Indiana University (Doctoral dissertation)},
	address={Bloomington}
}
@book{Cumberland2016,
	author={Cumberland, Linda A.},
	year={2016},
	title={In his own words: Robert Rankin recalls his work with the Kaw people and their language},
	editor={Rudin, Catherine and Gordon, Bryan James},
	booktitle={Advances in the study of Siouan languages and linguistics},
	address={Berlin},
	publisher={Language Science Press}
}
		   
@book{CumberlandRankin2012,
	author={Cumberland, Linda A. and Robert L. Rankin},
	year={2012},
	title={Kaáⁿze íe wayáje: An annotated dictionary of Kaw (Kanza)},
	address={Kaw City, OK},
	publisher={Kaw Nation}
}
@article{Daniels1990,
	author={Daniels, Peter T.},
	year={1990},
	title={Fundamentals of grammatology},
	journal={Journal of the American Oriental Society},
	volume={119},
	number={4},
	pages={727--731}
}
@incollection{DauenhauerDauenhauer1998,
	author={Dauenhauer, Nora Marks and Dauenhauer, Richard},
	year={1998},
	title={Technical, emotional and ideological issues in reversing language shift: Examples from Southeast Alaska},
	booktitle={Endangered languages: Current issues and future prospects},
	editor={Grenoble, Lenore A. and Whaley, Lindsay J.},
	pages={57--98},
	address={Cambridge},
	publisher={Cambridge University Press}
}
@book{Davidson1997,
	author={Davidson, Jill D.},
	year={1997},
	title={Prayer-songs to our Elder brother: Native American Church songs of the Otoe-Missouria and Ioway},
	address={Columbia},
	publisher={University of Missouri (Doctoral dissertation)}
}
@article{Davidson1999,
	author={Davidson, Jill D.},
	year={1999},
	title={Reflections on linguistic fieldwork in two Native American communities},
	journal={Practical Anthropology},
	volume={21},
	number={2},
	pages={28--33}
}
@article{Day1968,
	author={Day, Gordon M.},
	year={1968},
	title={Iroquois: An etymology},
	journal={Ethnography},
	volume={15},
	number={4},
	pages={389--402}
}
@book{Debenport2015,
	author={Debenport, Erin},
	year={2015},
	title={Fixing the books: Secrecy, literacy and perfectibility in Indigenous New Mexico},
	address={Santa Fe},
	publisher={School for Advanced Research Press}
}
@book{Deloria1932,
	author={Deloria, Ella},
	year={1932},
	title={Dakota texts},
	series={Publications of the American Ethnological Society},
	number={14},
	address={New York},
	publisher={G. E. Stechert}
}
@article{deReuse1994,
	author={de Reuse, Willem},
	year={1994},
	title={Noun incorporation in Lakota (Siouan)},
	journal={International Journal of American Linguistics},
	volume={60},
	pages={199--260}
}
@misc{deReuse2014a,
	author={de Reuse, Willem},
	year={2014},
	title={Alice translation},
	howpublished={Posted to the Siouan mailing list, 11 April 2014},
	url={http://listserv.linguistlist.org/pipermail/siouan/2014-April/009475.html},
	urldate={2015-06-28}
}
@misc{deReuse2014b,
	author={de Reuse, Willem},
	year={2014},
	title={Saul and Jan's discussion},
	howpublished={Posted to the Siouan mailing list, 25 April 2014},
	url={http://listserv.linguistlist.org/pipermail/siouan/2014-April/009557.html},
	urldate={2015-06-28}
}
@book{Diesing1990,
	author={Diesing, Molly},
	year={1990},
	title={The syntactic roots of semantic partition},
	publisher={University of Massachusetts -- Amherst (Doctoral dissertation)},
	address={Amherst}
}
@article{Diesing1992a,
	author={Diesing, Molly},
	year={1992},
	title={Bare plural subjects and the derivation of logical representations},
	journal={Linguistic Inquiry},
	volume={23},
	pages={353--380}
}
@book{Diesing1992b,
	author={Diesing, Molly},
	year={1992},
	title={Indefinites},
	address={Cambridge, MA},
	publisher={MIT Press}
}
@book{DiSciullo2005,
	author={Di Sciullo, Anna Maria},
	year={2005},
	title={Asymmetry in morphology},
	publisher={MIT Press},
	address={Cambridge, MA}
}
@article{Dixon1979,
	author={Dixon, Robert Malcolm Ward},
	year={1979},
	title={Ergativity},
	journal={Language},
	volume={55},
	pages={59--138}
}
@incollection{Dixon2004,
	author={Dixon, Robert Malcolm Ward},
	year={2004},
	title={Adjective classes in typological perspective},
	booktitle={Adjective classes: A cross-linguistic typology},
	editor={Dixon, Robert Malcolm Ward and Aikhenvald, Alexandra Y.},
	pages={1--49},
	address={Oxford},
	publisher={Oxford University Press}
}
@book{Dixon2010,
	author={Dixon, Robert Malcolm Ward},
	year={2010},
	title={Basic linguistic theory},
	volume={2 (Grammatical topics)},
	address={Oxford},
	publisher={Oxford University Press}
}
@article{Dorsey1893,
	author={Dorsey, James Owen},
	year={1893},
	title={The Biloxi Indians of Louisiana},
	editor={Putman, Frederic W.},
	journal={Proceedings of the Association for the Advancement of Science},
	volume={43},
    pages={267--287},
	note={Salem, MA: The Salem Press}
}
@article{Dorsey1880,
	author={Dorsey, James Owen},
	year={1880},
	title={The Rabbit and the Grasshopper: An Oto myth},
	journal={American Antiquarian and Oriental Journal},
	volume={3},
	pages={24--27}
}										   
@book{Dorsey1890,
	author={Dorsey, James Owen},
	year={1890},
	title={The {Ȼegiha} language, the speech of the Omaha and Ponka tribes of the Siouan linguistic family of North American Indians},
	series={Contributions to North American Ethnology},
	number={6},
	address={Washington},
	publisher={Government Printing Office}
}
@book{Dorsey1891,
	author={Dorsey, James Owen},
	year={1891},
	title={Omaha and Ponka letters},
	series={Bureau of American Ethnology Annual Report},
	number={11},
	address={Washington},
	publisher={Government Printing Office}
}
@article{Dorsey1892,
	author={Dorsey, James Owen},
	year={1892},
	title={Siouan onomatopes},
	journal={American Anthropologist},
	volume={5},
	number={1},
	pages={1--8}
}
@book{DorseySwanton1912,
	author={Dorsey, James Owen and Swanton, John Reed},
	year={1912},
	title={A dictionary of the Biloxi and Ofo Languages, accompanied with 31 Biloxi texts and numerous Biloxi phrases},
	series={Bureau of American Ethnology Bulletin},
	number={47},
	address={Washington},
	publisher={Government Printing Office}
}
@misc{DorseyNDPonka,
	author={Dorsey, James Owen},
	year={n.d.},
	title={A grammar and dictionary of the Ponka language},
	howpublished={Map-folder 217, MS 4800, National Anthropological Archives},
	address={Washington: Smithsonian Institution}
}
@misc{DorseyNDOmahaPonca,
	author={Dorsey, James Owen},
	year={n.d.},
	title={{Ȼegiha} slip file (a dictionary of Omaha and Ponca)},
	howpublished={Box 13 items 133 and 144, Box 14 item 158, Boxes 17--19 item 186, Boxes 20--30 item 188, MS 4800, National Anthropological Archives, MS 4800},
	address={Washington: Smithsonian Institution},
	url={http://omahalanguage.unl.edu/images.php}
}
@misc{DorseyNDChiwere,
	author={Dorsey, James Owen},
	year={n.d.},
	title={Chiwere notes},
	howpublished={Box 158 items 292--311, Oversize BAE items 312--313, National Anthropological Archives},
	address={Washington: Smithsonian Institution}
}  
@article{Drechsel1996,
	author={Drechsel, Emanuel},
	year={1996},
	title={An integrated vocabulary of Mobilian Jargon, a Native American pidgin of the Mississippi Valley},
	journal={Anthropological Linguistics},
	volume={38},
	number={2},
	pages={248--354}
}
@book{Drummond1976,
	author={Drummond, Valerie E.},
	year={1976},
	title={Relative clauses in Sioux Valley Santee and Carry-the-Kettle Assiniboine},
	address={Toronto},
	publisher={University of Toronto (Master's thesis)}
}
@article{Dunn2009,
	author={Dunn, Michael},
	year={2009},
	title={Contact and phylogeny in Island Melanesia},
	journal={Lingua},
	volume={119},
	pages={1664--1678}
}
@book{Einaudi1976,
	author={Einaudi, Paula Ferris},
	year={1976},
	title={A grammar of Biloxi},
	address={New York},
	publisher={Garland Publishing}
}
@book{England1983,
	author={England, Nora},
	year={1983},
	title={A grammar of Mam, a Mayan language},
	series={Texas Linguistic Series},
	address={Austin},
	publisher={University of Texas Press}
}
@book{ErteschikShir2007,
	author={Erteschik-Shir, Nomi},
	year={2007},
	title={Information structure},
	address={Oxford},
	publisher={Oxford University Press}
}
@book{Eschenberg2005,
	author={Eschenberg, Ardis},
	year={2005},
	title={The article system of Umoⁿhoⁿ},
	address={Buffalo},
	publisher={State University of New York -- Buffalo (Doctoral dissertation)}
}

@book{FabriciusHansenRamm2008,
	editor={Fabricius-Hansen, Cathrine and Ramm, Wiebke},
	year={2008},
	title={`Subordination' versus `coordination' in sentence and text: A cross-linguistic perspective},
	address={Amsterdam},
	publisher={John Benjamins}
}
@book{Fauconnier1979,
	author={Fauconnier, Gilles},
	year={1979},
	title={Theoretical implications of some global phenomena in syntax},
	address={New York},
	publisher={Garland Publishing}
}
@book{Fellman1973,
	author={Fellman, Jack},
	year={1973},
	title={The revival of a classical tongue: Eliezer ben Yehuda and the modern Hebrew language},
	address={Berlin},
	publisher={de Gruyter Mouton}
}
@incollection{Fielder2008,
	author={Fielder, Grace E.},
	year={2008},
	title={Bulgarian adversative connectives: Conjunctions or discourse markers?},
	editor={Laury, Ritva},
	booktitle={Crosslinguistic studies of clause combining},
	address={Amsterdam},
	publisher={John Benjamins},
	pages={79--98}
}
@book{FiengoMay1994,
	author={Fiengo, Robert and May, Robert},
	year={1994},
	title={Indices and identity},
	address={Cambridge, MA},
	publisher={MIT Press}
}
@book{Fishman1991,
	author={Fishman, Joshua A.},
	year={1991},
	title={Reversing language shift: Theoretical and empirical foundations of assistance to threatened languages},
	address={Bristol},
	publisher={Multilingual Matters}
}
@article{Fletcher1890a, 
	author={Fletcher, Alice C.},
	year={1890},
	title={A phonetic alphabet used by the Winnebago tribe of Indians},
	journal={Journal of American Folklore},
	volume={3},
	number={11},
	pages={299--301}
}										   
@inproceedings{Fletcher1890b,
  author={Fletcher, Alice C.},
  year={1890},
  title={The phonetic alphabet of the Winnebago Indians},
  booktitle={Proceedings of the American Association for the Advancement of Science, 38th Meeting, held at Toronto, Ontario, August, 1889},
  editor={Putnam, Fredric W.},
  publisher={Salem Press Publishing and Printing Company},
  address={Salem, MA},
  pages={354--357}
  }
@book{Fortin2007,
	author={Fortin, Catherine Rose},
	year={2007},
	title={Indonesian sluicing and verb phrase ellipsis: Description and explanation in a minimalist framework},
	publisher={University of Michigan (Doctoral dissertation)},
	address={Ann Arbor}
} 
@misc{Foster1989,
	author={Foster, Lance M.},
	year={1989},
	title={Mank\'anye washi},
	url={http://ioway.nativeweb.org/iowaylibrary/mankanye_washi_1.htm},
	urldate={2015-06-28}
}
@article{Foster1996,
	author={Foster, Lance M.},
	year={1996},
	title={The Ioway and the landscape of Southeast Iowa},
	journal={Journal of the Iowa Archeological Society},
	volume={43},
	pages={1--5}
}
@incollection{Foster1999,
	author={Foster, Lance M.},
	year={1999},
	title={Tanji na che: Recovering the landscape of the Ioway},
	booktitle={Recovering the prairie},
	editor={Sayre, Robert F.},
	pages={178--190},
	address={Madison},
	publisher={University of Wisconsin Press}
}
@book{Foster2009,
	author={Foster, Lance M},
	year={2009},
	title={The Indians of Iowa},
	address={Iowa City},
	publisher={ University of Iowa Press.}
}
@misc{FosterNDa,
	year={n.d.},
	author={Foster, Lance M.},
	title={Ioway Cultural Institute},
	howpublished={Institutional website},
	url={http://ioway.nativeweb.org/},
	urldate={2015-06-27}
}
@misc{FosterNDb,
	year={n.d.},
	author={Foster, Lance M.},
	title={Nemaha},
	howpublished={Personal weblog},
	url={http://nemaha.blogspot.com/},
	urldate={2015-06-27}
}
@misc{FosterNDc,
	year={n.d.},
	author={Foster, Lance M.},
	title={The sleeping giant},
	howpublished={Personal weblog},
	url={http://hengruh.livejournal.com/},
	urldate={2015-06-27}
}
@article{FurbeeStanley1996,
	author={Furbee, Nonnie Louanna and Stanley, Lori A.},
	year={1996},
	title={Language attrition and language planning in accommodation perspective},
	journal={Southwest Journal of Linguistics},
	volume={15},
	pages={45--62}
}
@article{FurbeeStanley2002,
	author={Furbee, Nonnie Louanna and Stanley, Lori A.},
	year={2002},
	title={A collaborative model for creating heritage-language curators},
	journal={International Journal of the Sociology of Language},
	volume={154},
	pages={113--128}
}
@article{Gallatin1836,
	author={Gallatin, Albert},
	year={1836},
	title={A synopsis of the Indian tribes within the United States east of the Rocky Mountains, and in the British and Russian possessions of North America},
	journal={Arch\ae ologia americana: Transactions and collections of the American Antiquarian Society},
	volume={2},
    pages={1--422},
	note={Cambridge: Cambridge University Press}
}
@misc{Gallego2009,
	author={Gallego, \'{A}ngel J.},
	year={2009},
	title={Ellipsis by phase},
	howpublished={Paper presented at the 19\textsuperscript{th} Colloquium on Generative Grammar}
}
@book{Galvan2011,
	author={Galvan, Glenda},
	year={2011},
	series={Chickasaw stories},
	number={1},
	title={Shared spirit},
	address={Sulphur, OK},
	publisher={Chickasaw Press}
}
@book{Garcia1760,
	author={Garc\'ia, Bartolom\'e},
	year={1760},
	title={Manual para administrar los santos sacramentos de penitencia, eucharistia, extremaunción, y matrimonio, dar gracias después de comulgar, y ayudar a bien morir a los indios de las naciones pajalates, orejones, pacaos, pacóas, tilijayas, alasapas, pausanes y otras muchas diferentes, que se hallan en las Missiones del Río de San Antonio, y Río Grande, pertenecientes a el Colegio de la Santíssima Cruz de la Ciudad de Querétaro, como son: los pacuaches, mescales, pampopas, tacames, chayopines, venados, pamaques, y toda la juventud de pihuiques, borrados, sanipaos, y manos de perro},
	address={Mexico City},
	publisher={Imprenta de los herederos de Doña María de Rivera}
}
@book{GatschetSwanton1932,
	author={Gatschet, Albert Samuel and Swanton, John Reed},
	year={1932},
	title={A dictionary of the Atakapa language, accompanied by text material},
	series={Bureau of American Ethnology Bulletin},
	number={108},
	address={Washington},
	publisher={Government Printing Office}
}
@article{Gatschet1885,
	author={Gatschet, Albert Samuel},
	year={1885},
	title={The Yuchi tribe of Indians, and its language},
	journal={Science},
	volume={5},
	number={112},
	pages={253}
}
@article{Gatschet1900,
	author={Gatschet, Albert Samuel},
	year={1900},
	title={Grammatic sketch of the Catawba language},
	journal={American Anthropologist},
	volume={2},
	number={3},
	pages={527--549}
}
@article{Gengel2007,
	author={Gengel, Kirsten},
	year={2007},
	title={Phases and ellipsis},
	editor={Elfner, Emily and Walkow, Martin},
	journal={Proceedings of the North East Linguistics Society},
	volume={37},
	pages={233--246},
	note={Amherst, MA: GLSA Publications}
}
@incollection{Goddard1975,
	author={Goddard, Ives},
	year={1975},
	title={Algonquian, Wiyot, and Yurok: Proving a distant genetic relationship},
	editor={Kinkade, Marvin D. and Hale, Kenneth L. and Werner, Oswald},
	booktitle={Linguistics and anthropology in honor of C. F. Voegelin},
    pages={249--262},
	address={Lisse, NL},
	publisher={Peter de Ridder Press}
}
@incollection{Goddard1996,
	author={Goddard, Ives},
	year={1996},
	title={Introduction},
	series={Handbook of North American Indians},
	number={17},
	booktitle={Languages},
	editor={Sturtevant, William C. and Goddard, Ives},
	publisher={Smithsonian Institution},
	address={Washington},
	pages={1--16}
}  							     		                 
@book{Goffman1974,
	author={Goffman, Erving},
	year={1974},
	title={Frame analysis: An essay on the organization of experience},
	address={New York},
	publisher={Harper Colophon}
}
@book{Goldberg2005,
	author={Goldberg, Lotus Madelyn},
	year={2005},
	title={Verb-stranding VP ellipsis: A cross-linguistic study},
	address={Montréal},
	publisher={McGill University (Doctoral dissertation)}
}
@book{Goodtracks1992,
	editor={Goodtracks, Jimm G.},
	year={1992 -- present},
	title={Baxoje, Jiwere-Nyut\^{}aji, Ma\^{}unke Ich\^{}e Wawagaxe: Ioway, Otoe-Missouria Language to English dictionary},
	publisher={Center for the Study of Native Languages of the Plains and Southwest},
	address={Boulder, CO},
	url={http://iowayotoelang.nativeweb.org}
}
@misc{Goodtracks1985,
	author={Goodtracks, Jimm G.},
	year={1985},
	title={Banyi Baxoje-Jiwere Nut\^{}achi: An Indian New Year calendar featuring Iowa, Otoe-Missouria people, May 1985 -- April 1986},
	address={Perkins, OK: Self-published}
}
@misc{Goodtracks2004a,
	author={Goodtracks, Jimm G.},
	year={2004},
	title={Text for Baxoje \textasciitilde Jiwere Ich\^{ }e -- Ioway \textasciitilde Otoe Language -- CD I},
	address={Lawrence, KS: Baxoje Jiwere Ich\^{ }e -- Ioway Otoe-Missouria Language Project},
}
@misc{Goodtracks2004b,
	author={Goodtracks, Jimm G.},
	year={2004},
	title={Text for Baxoje \textasciitilde Jiwere Ich\^{ }e -- Ioway \textasciitilde Otoe Language -- CD II},
	address={Lawrence, KS: Baxoje Jiwere Ich\^{ }e -- Ioway Otoe-Missouria Language Project},
}
@misc{Goodtracks2004c,
	author={Goodtracks, Jimm G.},
	year={2004},
	title={Baxoje \textasciitilde Jiwere Ich\^{}e -- Ioway \textasciitilde Otoe Language -- CD II, with accompanying text},
	address={Lawrence, KS: Baxoje Jiwere Ich\^{ }e -- Ioway Otoe-Missouria Language Project},
}
@incollection{Goodtracks2008,
	author={Goodtracks, Jimm G.},
	year={2008},
	title={Mihx\'oge},
	crossref={Goodtracks1992},
	address={Lawrence, KS},
	publisher={Baxoje, Jiwere Ich\^{ }e -- Ioway, Otoe-Missouria Language Project},
	url={http://iowayotoelang.nativeweb.org/pdf/m_btoe_feb2008.pdf},
	urldate={2015-06-28}
}
@misc{Goodtracks2014,
	author={Goodtracks, Jimm G.},
	year={2014},
	title={Here is a little curious inquiry for all of us to ponder},
	howpublished={Posted to the Siouan mailing list, 11 April 2014},
	url={http://listserv.linguistlist.org/pipermail/siouan/2014-April/009473.html},
	urldate={2015-06-18}
}
@misc{GoodtracksND,
	author={Goodtracks, Jimm G.},
	year={n.d.},
	title={Welcome to the Ioway, Otoe-Missouria Language website},
	address={Topeka, KS: Baxoje Jiwere Ich\^{ }e -- Ioway Otoe-Missouria Language Project},
	url={http://iowayotoelang.nativeweb.org/goals.htm},
	urldate={2015-06-27}
}
@book{Gorbet1976,
	author={Gorbet, Larry},
	year={1976},
	title={A grammar of Diegue\~no nominals},
	publisher={Garland Publishing},
	address={New York}
}
@misc{Gordon2009,
	author={Gordon, Bryan James},
	year={2009},
	title={``Artifiers'' in Mississippi Valley Siouan: A novel determiner class},
	howpublished={Paper presented at the annual meeting of the Linguistic Society of America, San Francisco, 8--11 January 2009}
}
@inproceedings{Gordon2008,
	author={Gordon, Bryan James},
	year={2008},
	title={Antitopic and afterthought: Givenness in the grammar in Ponca and Omaha},
	booktitle={Proceedings of the 2007 Mid-America Linguistics Conference},
	series={Kansas Working Papers in Linguistics},
	number={30},
	editor={Zhang, Jie},
	address={Lawrence},
	publisher={University of Kansas},
	pages={74--87},
	url={https://kuscholarworks.ku.edu/bitstream/handle/1808/3905/kwpl-30-Gordon.pdf}
}
@misc{Gordon2014,
	author={Gordon, Bryan James},
	year={2014},
	title={Here is a little curious inquiry for all of us to ponder},
	howpublished={Posted to the Siouan mailing list, 11 April 2014},
	url={http://listserv.linguistlist.org/pipermail/siouan/2014-April/009468.html},
	urldate={2015-06-18}
}
@misc{GordonTorres2012,
	author={Gordon, Zachary and Torres, Silvana Karin},
	year={2012},
	title={Reanalysis of the Mandan verbal suffix complex through the complementizer phrase},
	howpublished={Paper presented at the annual meeting of the Society for the Study of Indigenous Languages of the Americas and the Linguistic Society of America, Portland, OR}
}
@book{Graczyk1991a,
	author={Graczyk, Randolph Jan},
	year={1991},
	title={Incorporation and cliticization in Crow morphosyntax},
	publisher={University of Chicago (Doctoral dissertation)},
	address={Chicago}
}
@inproceedings{Graczyk1991b,
	author={Graczyk, Randolph Jan},
	year={1991},
	title={Relative clauses in Crow},
	booktitle={Proceedings of the 1990 Mid-America Linguistics Conference and Siouan and Caddoan Languages Conference},
	editor={Ingemann, Frances},
	address={Lawrence},
	publisher={University of Kansas},
	pages={490--504}
} 
@book{Graczyk2007,
	author={Graczyk, Randolph Jan},
	year={2007},
	title={A grammar of Crow},
	address={Lincoln},
	publisher={University of Nebraska Press}
}
@book{Greenberg1987,
	author={Greenberg, Joseph H.},
	year={1987},
	title={Language in the Americas},
	address={Stanford},
	publisher={Stanford University Press}
}
@inproceedings{Greer2008,
	author={Greer, Jill D.},
	year={2008},
	title={The Otoe-Missouria Flag Song},
	booktitle={Proceedings of the 2007 Mid-America Linguistics Conference},
	series={Kansas Working Papers in Linguistics},
	number={30},
	editor={Zhang, Jie},
	address={Lawrence},
	publisher={University of Kansas},
	url={https://kuscholarworks.ku.edu/bitstream/handle/1808/3907/kwpl-30-Greer.pdf}
} 		     
@incollection{Greer2016,
	author={Greer, Jill D.},
	year={2016},
	title={Baxoje-Jiwere grammar sketch},
	editor={Rudin, Catherine and Gordon, Bryan James},
	booktitle={Advances in the study of Siouan languages and linguistics},
	address={Berlin},
	publisher={Language Science Press}
}
@book{Gumperz1982,
	author={Gumperz, John Joseph},
	year={1982},
	title={Discourse strategies},
	publisher={Cambridge University Press},
	address={Cambridge}
}
@article{Gundel1988,
	author={Gundel, Jeanette Kuhn},
	year={1988},
	title={Universals of topic-comment structure},
	journal={Studies in Syntactic Typology},
	volume={17},
	pages={209--239}
}
@inproceedings{Gundel2003,
	author={Gundel, Jeanette Kuhn},
	year={2003},
	title={Information structure and referential givenness / newness: How much belongs in the grammar?},
	editor={Müller, Stefan},
	booktitle={Proceedings of the Head-Driven Phrase-Structure Grammar 2003 Conference},
	address={East Lansing, MI},
	publisher={CSLI Publications},
	pages={122--142},
	url={http://web.stanford.edu/group/cslipublications/cslipublications/HPSG/2003/gundel.pdf}
}
@article{Gundeletal2010,
	author={Gundel, Jeanette Kuhn and Bassène, Mamadou and Gordon, Bryan James and Khalfaoui, Amel and Humnick, Linda},
	year={2010},
	title={Testing predictions of the givenness hierarchy framework: A cross-linguistic investigation},
	journal={Journal of Pragmatics},
	volume={42},
	pages={1770--1785}
}
@article{Gundeletal1993,
	author={Gundel, Jeanette Kuhn and Hedberg, Nancy and Zacharski, Ron},
	year={1993},
	title={Cognitive status and the form of referring expressions in discourse},
	journal={Language},
	volume={69},
	pages={274--307}
}
@incollection{Haas1946,
	author={Haas, Mary},
	year={1946},
	title={A grammatical sketch of Tunica},
	editor={Hoijer, Harry and Bloomfield, Leonard and Haas, Mary},
	booktitle={Linguistic structures of Native America},
	pages={337--366},
	address={New York},
	publisher={Johnson Reprint Corporation}
}
@article{Haas1951,
	author={Haas, Mary},
	year={1951},
	title={The Proto-Gulf word for `water' (with notes on Siouan-Yuchi)},
	journal={International Journal of American Linguistics},
	volume={17},
	number={2},
	pages={71--79}
}
@article{Haas1952,
	author={Haas, Mary},
	year={1952},
	title={The Proto-Gulf word for `land (with notes on Proto-Siouan)},
	journal={International Journal of American Linguistics},
	volume={18},
	number={4},
	pages={238--240}
}
@book{Haas1969,
	author={Haas, Mary},
	year={1969},
	title={The prehistory of languages},
	address={Berlin},
	publisher={de Gruyter Mouton}
}
@article{HaasSwadesh1968,
	author={Haas, Mary and Swadesh, Morris},
	year={1968},
	title={The last words of Biloxi},
	journal={International Journal of American Linguistics},
	volume={34},
	pages={77--84}
}
@article{Haldeman1859,
	author={Haldeman, Samuel Stehman},
	year={1859},
	title={Analytic orthography: An investigation of the sounds of the voice, and their alphabetic notation},
	journal={Transactions of the American Philosophical Society},
	volume={11},
	pages={259--401}
}   
@book{Haldeman1860,
	author={Haldeman, Samuel Stehman},
	year={1860},
	title={Analytic orthography},
	address={Philadelphia},
	publisher={J. B. Lippincott and Company}
}
@book{Haldeman1872,
	author={Haldeman, Samuel Stehman},
	year={1872},
	title={Pennsylvania Dutch, a dialect of South German with an infusion of English},
	address={London},
	publisher={Nicholas Trübner and Company}
}
@article{Hale1883,
	author={Hale, Horatio},
	year={1883},
	title={The Tutelo tribe and language},
	journal={Proceedings of the American Philosophical Society},
	volume={21},
	number={114},
	pages={1--47},
	note={Philadelphia: McCalla and Stavely}
}
@article{HalePlatero1974,
	author={Hale, Kenneth Locke and Platero, Paul},
	year={1974},
	title={Aspects of Navajo anaphora: Relativization and pronominalization},
	journal={Din\'e Bizaad Náníl'iih (Navajo Language Review)},
	volume={1},
	pages={9--28}
}
@article{Hale1983,
	author={Hale, Kenneth Locke},
	year={1983},
	title={Warlpiri and the grammar of nonconfigurational languages},
	journal={Natural Language and Linguistic Theory},
	volume={1},
	pages={5--49}
}
@article{HaleWhiteEagle1980,
	author={Hale, Kenneth and White Eagle, Josie},
	year={1980},
	title={A preliminary metrical account of Winnebago accent},
	journal={International Journal of American Linguistics},
	volume={46},
	pages={17--34}
}
@inproceedings{Hallman2004,
	author={Hallman, Peter},
	year={2004},
	title={Constituency and agency in VP},
	editor={Chand, Vineeta and Kelleher, Ann and Rodríguez, Ángelo J. and Schmeiser, Benjamin},
	booktitle={Proceedings of the 23\textsuperscript{rd} West Coast Conference on Formal Linguistics},
	pages={304--317},
	address={Somerville, MA},
	publisher={Cascadilla Press}
}

@book{HamiltonIrvin1848,
	author={Hamilton, Rev. William and Irvin, Samuel},
	year={1848},
	title={An Ioway grammar},
	publisher={Presbyterian Mission Press},
	address={Highland, KS}
}
@article{HankamerSag1976,
	author={Hankamer, Jorge and Sag, Ivan A.},
	year={1976},
	title={Deep and surface anaphora},
	journal={Linguistic Inquiry},
	volume={7},
	pages={391--426}
}
@book{Hanna1911,
	author={Hanna, Charles A.},
	year={1911},
	title={The wilderness trail, or The ventures and adventures of the Pennsylvania traders on the Allegheny path with some new annals of the old West, and the records of some strong men and some bad ones},
	volume={2},
	address={New York},
	publisher={G. P. Putnam's Sons}
}
@incollection{Harris2009,
	author={Harris, John},
	year={2009},
	title={Why final-obstruent devoicing is weakening},
	booktitle={Strength relations in phonology},
	editor={Nasukawa, Kuniya and Backley, Phillip},
	pages={10--45},
	address={Berlin},
	publisher={de Gruyter Mouton}
}
@book{Harshav1999,
	author={Harshav, Benjamin},
	year={1999},
	title={Language in time of revolution},
	address={Stanford},
	publisher={Stanford University Press}
}
@misc{Hartmann2012,
	author={Hartmann, Iren},
	year={2012},
	title={Hooc\k{a}k Lexique Pro database}
}
@book{HartmannMarschke2010,
	editor={Hartmann, Iren and Marschke, Christian},
	year={2010},
	series={Hoc\k{a}k teaching materials},
	number={2},
	title={Texts with analysis and translation and an audio-CD of original Hoc\k{a}k texts},
	address={Albany},
	publisher={State University of New York -- Albany Press}
}
@incollection{Haspelmath2007,
	author={Haspelmath, Martin},
	year={2007},
	title={Coordination},
	editor={Shopen, Timothy},
	series={Language typology and syntactic description},
	volume={2},
	booktitle={Complex constructions},
	edition={2},
	address={Cambridge},
	publisher={Cambridge University Press},
	pages={1--51}
}. 
@article{Heath1998,
	author={Heath, Jeffrey},
	year={1998},
	title={Pragmatic skewing in 1 ↔ 2 pronominal combinations in Native American languages},
	journal={International Journal of American Linguistics},
	volume={64},
	number={2},
	pages={83--104}
}    					      		      
@book{Heim1982,
	author={Heim, Irene},
	year={1982},
	title={The semantics of definite and indefinite noun phrases},
	publisher={University of Massachusetts -- Amherst (Doctoral dissertation)},
	address={Amherst}
}
@book{Heine1997,
	author={Heine, Bernd},
	year={1997},
	title={Possession: Cognitive sources, forces and grammaticalization},
	address={Cambridge},
	publisher={Cambridge University Press.}
}
@incollection{Heine2001,
	author={Heine, Bernd},
	year={2001},
	title={Ways of explaining possession},
	editor={Baron, Iréne and Herslund, Michael and Sørensen, Finn},
	booktitle={Dimensions of possession},
	pages={311--328},
	address={Amsterdam},
	publisher={John Benjamins}
}
@book{HelmbrechtLehmann2010,
	editor={Helmbrecht, Johannes and Lehmann, Christian},
	year={2010},
	series={Hoc\k{a}k teaching materials},
	number={1},
	title={Elements of grammar, learner's dictionary},
	address={Albany},
	publisher={State University of New York -- Albany Press}
}
@article{Helmbrecht2002,
	author={Helmbrecht, Johannes},
	year={2002},
	title={Nouns and verbs in Hocank (Winnebago)},
	journal={International Journal of American Linguistics},
	volume={68},
	number={1},
	pages={1--27}
}
@book{Helmbrecht2003,
	author={Helmbrecht, Johannes},
	year={2003},
	title={Possession in Hoc\k{a}k (Winnebago): Problems for a prototype approach},
	series={Arbeitspapiere des Seminars für Sprachwissenschaft der Universität Erfurt (ASSidUE)},
	number={8},
	address={Erfurt},
    publisher={Universität Erfurt},
	url={http://www.db-thueringen.de/servlets/DerivateServlet/Derivate-1887/ASSidUE08.pdf}
}
@misc{Helmbrecht2004,
	author={Helmbrecht, Johannes},
	year={2004},
	title={Coordination in Hoc\k{a}k (Winnebago)},
	howpublished={Paper presented at Sprachwissenschaftliches Doktorandenkolloquium, Universität Erfurt}
}
@misc{Helmbrecht2006a,
	author={Helmbrecht, Johannes},
	year={2006},
	title={Applicatives in Siouan languages: A study in comparative Siouan grammar},
	howpublished={Paper presented at the Siouan and Caddoan Languages Conference, Billings, MT}
}
@incollection{Helmbrecht2006b,
	author={Helmbrecht, Johannes},
	year={2006},
	title={Are there adjectives in Hoc\k{a}k (Winnebago)?},
	booktitle={Lexical categories and root classes in Amerindian languages},
	editor={Lois, Ximena and Vapnarsky, Valentina},
	pages={289--316},
	address={Bern},
	publisher={Peter Lang International Academic Publishers}
}
@incollection{Helmbrecht2011,
	author={Helmbrecht, Johannes},
	year={2011},
	title={The Accentual System of Hoc\k{a}k},
	editor={Wohlgemuth, Jan and Cysouw, Michael},
	booktitle={Rara and rarissima: Documenting the fringes of linguistic diversity},
	series={Empirical Approaches to Language Typology},
	number={46},
	pages={117--143},
	address={Berlin},
	publisher={de Gruyter Mouton}
}
@misc{HelmbrechtND,
	author={Helmbrecht, Johannes},
	title={Phonetics and Phonology},
	howpublished={Manuscript}
}
@article{Higginbotham1985,
	author={Higginbotham, James},
	year={1985},
	title={On semantics},
	journal={Linguistic Inquiry},
	volume={16},
	pages={547--94}
}
@incollection{Hinton2008,
	author={Hinton, Leanne},
	year={2008},
	title={Sleeping languages: Can they be awakened?},
	booktitle={The green book of language revitalization in practice},
	edition={3},
	editor={Hinton, Leanne and Hale, Kenneth Locke},
	pages={413--418},
	address={Bingley, West Yorkshire},
	publisher={Emerald Group Publishing}
}
@book{Hinton2013,
	editor={Hinton, Leanne},
	year={2013},
	title={Bringing our languages home: Language revitalization for families},
	address={Berkeley, CA},
	publisher={Heyday Books}
}
@article{Hoeksema1989,
	author={Hoeksema, Jack},
	year={1989},
	title={Review of ``The representation of (in)definiteness''},
	journal={Language},
	volume={65},
	number={1},
	pages={115--125}
}
@book{Hollow1970,
	author={Hollow, Robert C.},
	year={1970},
	title={A Mandan dictionary},
	address={Berkeley},
	publisher={University of California -- Berkeley (Doctoral dissertation)}
}
@article{Holmberg2001,
	author={Holmberg, Anders},
	year={2001},
	title={The syntax of `yes' and `no' in Finnish},
	journal={Studia Linguistica},
	volume={55},
	pages={140--174}
}
@incollection{Honeybone2008,
	author={Honeybone, Patrick},
	year={2008},
	title={Lenition, weakening and consonantal strength: Tracing concepts through the history of phonology},
	booktitle={Lenition and fortition},
	editor={Brand\~{a}o de Carvalho, Joaquim and Scheer, Tobias and S\'eg\'eral, Philippe},
	pages={9--92},
	address={Berlin},
	publisher={de Gruyter Mouton}
}
@book{Hopkins1988,
	author={Hopkins, Jill D.},
	year={1988},
	title={Deixis in Chiwere},
	publisher={University of Missouri -- Columbia (Master's thesis)},
	address={Columbia}
}								  	   
@article{Hopkins1990,
	author={Hopkins, Jill D.},
	year={1990},
	title={Spatial deixis in Chiwere},
	journal={Kansas Working Papers in Linguistics},
	volume={15},
	number={2},
	pages={60--72}
} 
@misc{HopkinsFurbee1989,
	author={Hopkins, Jill D. and Furbee, Louanna},
	year={1989},
	title={Discourse markers in Chiwere},
	howpublished={Paper presented at the 1989 Mid-America Linguistics Conference, Oklahoma State University, Stillwater, OK}
}
@misc{HopkinsFurbee1991,
	author={Hopkins, Jill D. and Furbee, Louanna},
	year={1991},
	title={The Chiwere Siouan verb-word},
	howpublished={Paper presented at the Conference on American Indian Languages held concurrently with the annual meeting of the American Anthropological Association, November 1991, Chicago}
}   
@misc{Hopkins19882012,
	author={Hopkins, Jill D.},
	year={1988--2012},
	title={Fieldnotes and transcriptions},
	address={Columbia: Missouri Chiwere Language Project, University of Missouri},
	howpublished={Archived at Luther College, Decorah, IA}
}  		
@misc{NAWHERC2015,
	author="{Native American Women's Health Education Resource Center}",
	year={2015},
	title={Dakoteyah wogdaka!},
	url={https://www.nativeshop.org/learn-dakota.html},
	address={Lake Andes, SD},
	publisher={Native American Women's Health Education Resource Center}
}
@article{Ingham2001,
	author={Ingham, Bruce},
	year={2001},
	title={Nominal and verbal status in Lakhota: A lexicographical study},
	journal={International Journal of American Linguistics},
	volume={67},
	number={2},
	pages={167--192}
}
@book{Ingham2003,
	author={Ingham, Bruce},
	year={2003},
	title={Lakota},
	series={Languages of the World / Materials},
	number={426},
	address={München},
	publisher={Lincom}
}
@article{IversonSalmons2007,
	author={Iverson, Gregory K. and Salmons, Joseph C.},
	year={2007},
	title={Domains and directionality in the evolution of German final fortition},
	journal={Phonology},
	volume={24},
	pages={121--145}
}
@incollection{Jackendoff1977a,
	author={Jackendoff, Ray},
	year={1977},
	title={Constraints on phrase-structure rules},
	booktitle={Formal syntax},
    pages={249--283},
	editor={Culicover, Peter W. and Wasow, Thomas and Akmajian, Adrian},
	publisher={Academic Press},
	address={New York}
}
@book{Jackendoff1977b,
	author={Jackendoff, Ray},
	year={1977},
	title={X-bar syntax},
	address={Cambridge, MA},
	publisher={MIT Press}
}
@book{Jackson2012,
	author={Jackson, Jason B.},
	year={2012},
	title={Yuchi indian histories before the removal},
	address={Lincoln},
	publisher={University of Nebraska Press}
}
@article{Jelinek1984,
	author={Jelinek, Eloise},
	year={1984},
	title={Empty categories, case and configurationality},
	journal={Natural Language and Linguistic Theory},
	volume={2},
	pages={39--76}
}
@incollection{Jelinek1987,
	author={Jelinek, Eloise},
	year={1987},
	title={Headless relatives and pronominal arguments: A typological survey},
	booktitle={Native American languages and pronominal arguments},
	editor={Kroeber, Paul and Moore, Robert E.},
	pages={136--148},
	address={Bloomington},
	publisher={Indiana University Linguistics Club}
}
@book{Jennings1990,
	author={Jennings, Francis},
	year={1990},
	title={The ambiguous Iroquois empire: The covenant-chain confederation of Indian tribes with English colonies from its beginnings to the Lancaster Treaty of 1744},
	edition={1},
	address={New York},
	publisher={W. W. Norton and Company}
}
@book{Johannessen1998,
	author={Johannessen, Janne Bondi},
	year={1998},
	title={Coordination},
	address={Oxford},
	publisher={Oxford University Press}
}
@misc{Johnson2013,
	author={Johnson, Meredith},
	year={2013},
	title={Verb-phrase ellipsis and \emph{v}: Evidence from Hoc\k{a}k},
	howpublished={Paper presented at the 87\textsuperscript{th} annual meeting of the Linguistic Society of America, Boston}
}
@inproceedings{Johnson2014,
	author={Johnson, Meredith},
	year={2014},
	title={Rightward movement and antecedent-contained deletion: New evidence from Hoc\k{a}k},
	booktitle={Proceedings of the 31\textsuperscript{st} West Coast Conference on Formal Linguistics},
	editor={Santana-LaBarge, Robert E.},
	pages={258--265}
}
@misc{JohnsonRosen2014,
	author={Johnson, Meredith and Rosen, Bryan},
	year={2014},
	title={Rightward movement and postverbal constituents: New evidence from Hoc\k{a}k},
	howpublished={Paper presented at the 50\textsuperscript{th} meeting of the Chicago Linguistics Society, University of Chicago}
}
@misc{Johnsonetal2013a,
	author={Johnson, Meredith and Rosen, Bryan and Schuck, Mateja},
	year={2013},
	title={Evidence for a VP constituent in Hoc\k{a}k},
	howpublished={Paper presented at the annual meeting of the Society for the Study of the Indigenous Languages of America (SSILA), Boston, 4 January 2013}
}
@misc{Johnsonetal2013b,
	author={Johnson, Meredith and Rosen, Bryan and Schuck, Mateja},
	year={2013},
	title={How configurational is Hoc\k{a}k?},
	howpublished={Paper presented at the 33\textsuperscript{rd} Siouan and Caddoan Languages Conference, Sitting Bull College, Fort Yates, ND}
}
@book{Jones1909,
	author={Jones, Daniel},
	year={1909},
	title={The pronunciation of English},
	address={Cambridge},
	publisher={Cambridge University Press}
}
@article{Jones2004,
	author={Jones, Matthew L.},
	year={2004},
	title={Wahtohtana h\'eda \~Ny\'ut\^{}achi Mah\'in X\'anje Ak\'ipa: The Year the Otoe and Missouria Meet the Americans},
	journal={Wíčazo Ša Review},
	volume={19},
	number={1},
	pages={35--46}
}
@incollection{Jones1906,
  author={Jones, William},
  year={1906},
  title={An Algonquian syllabary},
  booktitle={Boas anniversary volume: Anthropological papers written in honor of Franz Boas},
  editor={Lanfer, Berthold},
  publisher={G. E. Stechert},
  address={New York},
  pages={88--93}
  }
@book{Kan2001,
	editor={Kan, Sergei},
	year={2001},
	title={Strangers to relatives: The adoption and naming of anthropologists in Native North America},
	address={Lincoln},
	publisher={University of Nebraska Press}
}
@misc{KanzaLP2004,
	author={{Kanza Language Project}},
	year={2004},
	title={Waj\'ipha\textsuperscript{n}yi\textsuperscript{n}: A Kanza language game},
	address={Kaw City, OK: Kaw Nation},
	howpublished={Board game}
}
@book{KanzaLP2010,
	author={{Kanza Language Project}},
	editor={McBride, Justin T. and Cumberland, Linda A.},
	year={2010},
	title={Ka\'a\textsuperscript{n}ze w\'eyaje -- Kanza reader: Learning literacy through historical texts},
	address={Kaw City, OK},
	publisher={Kaw Nation}
}
@incollection{Kasak2016,
	author={Kasak, Ryan M.},
	year={2016},
	title={A distant genetic relationship between Siouan-Catawban and Yuchi},
	editor={Rudin, Catherine and Gordon, Bryan James},
	booktitle={Advances in the study of Siouan languages and linguistics},
	address={Berlin},
	publisher={Language Science Press}
}
@incollection{Johnson2016,
	author={Johnson, Meredith},
	year={2016},
	title={A description of verb-phrase ellipsis in Hocąk},
	editor={Rudin, Catherine and Gordon, Bryan James},
	booktitle={Advances in the study of Siouan languages and linguistics},
	address={Berlin},
	publisher={Language Science Press}
}
@incollection{Johnsonetal2016,
	author={Johnson, Meredith and Rosen, Bryan and Schuck, Mateja},
	year={2016},
	title={Evidence for a VP constituent in Hocąk},
	editor={Rudin, Catherine and Gordon, Bryan James},
	booktitle={Advances in the study of Siouan languages and linguistics},
	address={Berlin},
	publisher={Language Science Press}
}
@incollection{Rosen2016,
	author={Rosen, Bryan},
	year={2016},
	title={On the structure and constituency of Hocąk resultatives},
	editor={Rudin, Catherine and Gordon, Bryan James},
	booktitle={Advances in the study of Siouan languages and linguistics},
	address={Berlin},
	publisher={Language Science Press}
}
@misc{Kasak2012,
	author={Kasak, Ryan M.},
	year={2012},
	title={Treatment of vertitivity in Siouan},
	howpublished={Paper presented at the 31\textsuperscript{st} annual meeting of the Siouan and Caddoan Languages Conference, University of Kansas}
}
@misc{Kasak2013,
	author={Kasak, Ryan M.},
	year={2013},
	title={A reconstruction of verbs of motion in Proto-Siouan},
	publisher={Paper presented at the annual meeting of the Society for the Study of Indigenous Languages of the Americas, Boston}
}
@article{Kaufman2011,
	author={Kaufman, David V.},
	year={2011},
	title={Biloxi realis and irrealis particles},
	journal={Kansas Working Papers in Linguistics},
	volume={32},
	pages={1--7}
}
@article{Kaufman2013,
	author={Kaufman, David V.},
	year={2013},
	title={Positional auxiliaries in Biloxi},
	journal={International Journal of American Linguistics},
	volume={79},
	number={2},
	pages={283--299}
}
@book{Kaufman2014,
	author={Kaufman, David V.},
	year={2014},
	title={The lower Mississippi Valley as a language area},
	address={Lawrence},
	publisher={University of Kansas (Doctoral dissertation)}
}
@article{Kaufman2008,
	author={Kaufman, David V.},
	year={2008},
	title={Focality and topicality marking in Biloxi},
	journal={Kansas Working Papers in Linguistics},
	volume={30},
	pages={150--158}
}
@book{KaufmanJusteson2003,
	author={Kaufman, Terrence and Justeson, John},
	year={2003},
	title={A preliminary Mayan etymological dictionary},
	publisher={Foundation for the Advancement of Mesoamerican Studies},
	address={Los Angeles},
	url={http://www.famsi.org/reports/01051/index.html}
}
@book{Kayne1994,
	author={Kayne, Richard},
	year={1994},
	title={The antisymmetry of syntax},
	address={Cambridge, MA},
	publisher={MIT Press}
}
@book{KellyLocal1989,
	author={Kelly, John and Local, John},
	year={1989},
	title={Doing phonology: Observing, recording, interpreting},
	publisher={Manchester University Press},
	address={Mancester}
} 
@book{Kelly1992,
	author={Kelly, Page H.},
	year={1992},
	title={Biblical Hebrew: An introductory grammar},
	address={Grand Rapids, MI},
	publisher={William B. Eerdmans Publishing Company}
}
@article{Kennard1936,
	author={Kennard, Edward A.},
	year={1936},
	title={Mandan grammar},
	journal={International Journal of American Linguistics},
	volume={9},
	pages={1--43}
}
@article{KennedyMcNally2010,
	author={Kennedy, Chris and McNally, Louise},
	year={2010},
	title={Color, context and compositionality},
	journal={Synthese},
	volume={174},
	pages={79--98}
}
@misc{Kent2004,
	author={Kent, Reuben},
	year={2004},
	title={Bidanwe},
	howpublished={Compact disc}
}
@incollection{KentND,
	year={n.d.},
	author={Kent, Reuben},
	title={Turtle Island storyteller Reubin Kent: These Native ways},
	booktitle={Wisdom of the Elders},
	note={Institutional website},
	url={http://wisdomoftheelders.org/turtle-island-storyteller-reubin-kent/},
	urldate={2015-06-04}
}
@incollection{Kimball2005,
	author={Kimball, Geoffrey},
	year={2005},
	title={Natchez},
	editor={Hardy, Heather and Scancarelli, Janine},
	booktitle={Native languages of the southeastern United States},
	pages={385--453},
	address={Lincoln},
	publisher={University of Nebraska Press}
}
@incollection{King2008,
	author={King, Jeanette},
	year={2008},
	title={Te k\=ohanga reo: M\=aori language revitalization},
	booktitle={The green book of language revitalization in practice},
	edition={3},
	editor={Hinton, Leanne and Hale, Kenneth Locke},
	pages={119--128},
	address={Bingley, West Yorkshire},
	publisher={Emerald Group Publishing}
}
@book{Koontz1984,
	author={Koontz, John E.},
	year={1984},
	title={Preliminary sketch of the Omaha-Ponka language},
	address={Boulder},
	publisher={University of Colorado (Doctoral dissertation)}
}
@article{Koontz1985,
	author={Koontz, John E.},
	year={1985},
	title={A syncopating conjugation *k- stem in Lakota},
	journal={International Journal of American Linguistics},
	volume={51},
	number={4},
	pages={483--484}
}           
@incollection{Koontz2003a,
	author={Koontz, John E.},
	year={2003},
	title={FAQ},
	booktitle={Siouan languages},
	url={http://spot.colorado.edu/~koontz/faq.htm},
	urldate={2015-06-28},
	note={Personal website}
}
@misc{Koontz2003b,
	author={Koontz, John E.},
	year={2003},
	title={Names},
	booktitle={Siouan languages},
	url={http://spot.colorado.edu/~koontz/faq/names.htm},
	urldate={2015-06-28},
	howpublished={Personal website}
}
@misc{Koontz1991,
	author={Koontz, John E.},
	year={1991},
	title={Central Siouan syncopating stems},
	howpublished={Manuscript revision}
}
@inproceedings{Koontz1990,
	author={Koontz, John E.},
	year={1990},
	title={Central Siouan syncopating *V-stems},
	pages={518--533},
	booktitle={Proceedings of the 1990 Mid-America Linguistics Conference and Siouan and Caddoan Languages Conference},
	editor={Ingemann, Frances},
	address={Lawrence},
	publisher={University of Kansas}
}
@misc{Koontz1995a,
	author={Koontz, John E.},
	year={1995},
	title={Michigamea as a Siouan language},
	howpublished={Paper presented at the 15\textsuperscript{th} annual Siouan and Caddoan Languages Conference, University of New Mexico -- Albuquerque}
}
@book{Koontz1995b,
	author={Koontz, John E.},
	year={1995},
	title={Notes on Michigamea for Emanuel Drechsel},
	note={Manuscript},
	address={Boulder},
	publisher={University of Colorado}
}
@misc{Koontz2003,
	author={Koontz, John E.},
	year={2003},
	title={A focus marker in Omaha-Ponca (Dhegiha Siouan)},
	howpublished={Paper presented at the Siouan and Caddoan Languages Conference}
}
@incollection{Kornfilt1990,
	author={Kornfilt, Jaklin},
	year={1990},
	title={Turkish and the Turkic languages},
	editor={Comrie, Bernard},
	booktitle={The world's major languages},
	address={Oxford},
	publisher={Oxford University Press},
	pages={619--645}
}
@incollection{Kratzer1989,
	author={Kratzer, Angelika},
	year={1989},
	title={Stage-level and individual-level predicates},
	booktitle={Papers on quantification},
	editor={Bach, Emmon and Kratzer, Angelika and Partee, Barbara},
	pages={225--264},
	note={Report to the National Science Foundation},
	publisher={University of Massachusetts -- Amherst},
	address={Amherst}
}
@incollection{Kroskrity1998,
	author={Kroskrity, Paul V.},
	year={1998},
	title={Arizona Tewa Kiva speech as a manifestation of a dominant language ideology},
	crossref={Schieffelinetal1998},
	pages={103--122}
}
@book{Schieffelinetal1998,
	editor={Schieffelin, Bambi B. and Woolard, Kathryn A. and Kroskrity, Paul V.},
	year={1998},
	title={Language ideologies: Practice and theory},
	address={Oxford},
	publisher={Oxford University Press}
}
@book{KroskrityField2009,
	editor={Kroskrity, Paul V. and Field, Margaret C.},
	year={2009},
	title={Native American language ideologies: beliefs, practices and struggles in Indian Country},
	address={Tucson},
	publisher={University of Arizona Press}
}
@article{KunoKaburaki1977,
	author={Kuno, Susumo and Kaburaki, Etsuko},
	year={1977},
	title={Empathy and syntax},
	journal={Linguistic Inquiry},
	volume={8},
	pages={627--672}
}
@article{Langacker1993,
	author={Langacker, Ronald W.},
	year={1993},
	title={Reference-point constructions},
	journal={Cognitive Linguistics},
	volume={4},
	pages={1--38}
}
@article{Larson2014,
	author={Larson, Bradley},
	year={2014},
	title={Russian comitatives and the ambiguity of adjunction},
	journal={Journal of Slavic Linguistics},
	volume={22},
	number={1},
	pages={11--50}
}
@article{Larson1988,
	author={Larson, Richard K.},
	year={1988},
	title={On the double-object construction},
	journal={Linguistic Inquiry},
	volume={19},
	pages={335--392}
}
@misc{Larson2009,
	author={Larson, Rory},
	year={2009},
	title={Pronunciation and prosody in Omaha},
	publisher={Paper presented at the Siouan and Caddoan Languages Conference, University of Nebraska -- Lincoln}
}
@misc{Larson2004,
	author={Larson, Rory},
	year={2004},
	title={Loan words},
	howpublished={Paper presented at the Siouan and Caddoan Languages Conference, Kaw Nation Tribal Center, Kaw City, OK, June 2004}
}  	
@article{Latham1856,
	author={Latham, Robert G.},
	year={1856},
	title={On the languages of northern, western, and central America},
	journal={Transactions of the Philological Society},
	volume={3},
	number={1},
	pages={57--114}
}
@book{LefebvreMuysken1988,
	author={Lefebvre, Claire and Muysken, Pieter},
	year={1988},
	title={Mixed categories: Nominalization in Quechua},
	address={Dordrecht},
	publisher={Kluwer}
}
@book{Lehmann1998,
	author={Lehmann, Christian},
	year={1998},
	title={Possession in Yucatec Maya: Structures -- functions -- typology},
	address={München},
	publisher={Lincom},
	series={Lincom Studies in Native American Linguistics},
	number={4}
}
@book{Leonard2007,
	author={Leonard, Wesley Y.},
	year={2007},
	title={Miami language reclamation in the home: A case study},
	publisher={University of California -- Berkeley (Doctoral dissertation)},
	address={Berkeley}
}
@article{Leonard2011,
	author={Leonard, Wesley Y.},
	year={2011},
	title={Challenging ``Extinction'' through modern Miami language practices},
	journal={American Indian Culture and Research Journal},
	volume={35},
	number={2},
	pages={135--160}
}
@book{Lepsius1863,
	author={Lepsius, Carl Richard},
	year={1863},
	title={Standard alphabet for reducing unwritten languages and foreign graphic systems to a uniform orthography in European letters},
	edition={2},
	address={London},
	publisher={Williams and Norgate}
}  
@article{Lesley1881,
	author={Lesley, J. Peter},
	year={1886},
	title={Memoir of Samuel Stedman Haldeman, 1812--1880},
	journal={Biographical Memoirs of the National Academy of Sciences},
	volume={2},
	pages={139--172}
}
@book{LevinRappaportHovav1995,
	author={Levin, Beth and Rappaport Hovav, Malka},
	year={1995},
	title={Unaccusativity: At the syntax-lexical semantics interface},
	address={Cambridge, MA},
	publisher={MIT Press}
}
@book{Levin1964,
	author={Levin, Norman Balfour},
	year={1964},
	title={The Assiniboine language},
	address={Berlin},
	publisher={de Gruyter Mouton}
}
@article{Lévy-Bruhl1914,
	author={Lévy-Bruhl, Lucien},
	year={1914},
	title={L’expression de la possession dans les langues mélanésiennes},
	journal={Mémoires de la Société de Linguistique},
	volume={19},
	number={2},
	pages={96--104}
}
@incollection{Lewisetal2013,
	editor={Lewis, M. Paul and Simons, Gary F. and Fennig, Charles D.},
	year={2013},
	title={Iowa-Oto},
	booktitle={Ethnologue: Languages of the world},
	edition={17},
	address={Dallas},
	publisher={SIL International},
	url={http://www.ethnologue.com/language/iow},
	urldate={2015-06-28}
}
@book{Linn2000,
	author={Linn, Mary S.},
	year={2000},
	title={A grammar of Euchee (Yuchi)},
	address={Lawrence},
	publisher={University of Kansas (Doctoral dissertation)}
}
@book{Lipkind1945,
	author={Lipkind, William},
	year={1945},
	title={Winnebago grammar},
	address={New York},
	publisher={King's Crown Press}
}
@article{Li1993,
	author={Li, Yafei},
	year={1993},
	title={Structural head and aspectuality},
	journal={Language},
	volume={69},
	pages={480--504}
}
@article{Li1999,
	author={Li, Yafei},
	year={1999},
	title={Cross-componential causativity},
	journal={Natural Language and Linguistic Theory},
	volume={17},
	pages={445--497}
}
@book{Lobeck1995,
	author={Lobeck, Anne},
	year={1995},
	title={Ellipsis: Functional heads, licensing and identification},
	address={Oxford},
	publisher={Oxford University Press}
}
@book{Lowie1939,
	author={Lowie, Robert H.},
	year={1939},
	title={Hidatsa texts (with grammatical notes and phonograph transcriptions by Zellig Harris and C. F. Voegelin)},
	series={Prehistory Research Series},
	volume={1},
	number={6},
	address={Indianapolis},
	publisher={Indiana Historical Society}
}
@book{Lowie1941,
	author={Lowie, Robert H.},
	year={1941},
	title={The Crow language: Grammatical sketch and analyzed text},
	series={University of California Publications in American Archeology and Ethnology},
	volume={39},
	number={1},
	pages={1--142},
	address={Los Angeles},
	publisher={University of California Press}
}
@book{Makepeace2011,
	author={Makepeace, Anne},
	year={2011},
	title={We Still Live Here},
	address={Lakeville, CT},
	publisher={Makepeace Productions.}
}
@book{Mann2006,
	author={Mann, Charles C},
	year={2006},
	title={\emph{1491: New revelations of the Americas before Columbus}, 2nd ed},
	address={New York},
	publisher={ Random House.}
}
@book{Mark1988,
	author={Mark, Joan T.},
	year={1988},
	title={A stranger in her native land: Alice Fletcher and the American Indians},
	address={Lincoln},
	publisher={University of Nebraska Press}
}
@misc{Marsh1936,
	author={Marsh, Gordon H.},
	year={1936},
	title={Materials for a study of the Ioway language},
	howpublished={Manuscript 4178},
	address={Philadelphia: American Philosophical Society}
}
@article{Martin1993,
	author={Martin, Jack},
	year={1993},
	title={Inalienable possession in Creek (and its possible origin)},
	journal={International Journal of American Linguistics},
	volume={59},
	pages={442--52}
}
@book{Masica1976,
	author={Masica, Colin},
	year={1976},
	title={Defining a linguistic area: South Asia},
	address={Chicago},
	publisher={University of Chicago Press}
}
@book{Matthews1965,
	author={Matthews, George Hubert},
	year={1965},
	title={Hidatsa syntax},
	address={Berlin},
	publisher={de Gruyter Mouton}
}
@article{Matthews1959,
	author={Matthews, George Hubert},
	year={1959},
	title={Proto-Siouan kinship terminology},
	journal={American Anthropologist},
	volume={6},
	number={2},
	pages={252--278}
}
@article{Matthewson2004,
	author={Matthewson, Lisa},
	year={2004},
	title={On the methodology of semantic fieldwork},
	journal={International Journal of American Linguistics},
	volume={70},
	pages={369--415}
}
@book{Maximilian18391841,
	author={zu Wied-Neuwied, Maximilian Alexander Philipp},
	year={1839--1841},
	title={Reise in das innere Nord-America in den Jahren 1832 bis 1834: 2 Textb\"ande und 1 Bildband mit Illustrationen von Karl Bodmer},
	publisher={Verlag J. H\"olscher},
	address={Koblenz}
}
@book{McBrideCumberland2009,
	editor={McBride, Justin T. and Cumberland, Linda. A.},
	year={2009},
	title={Compiled Kanza texts},
	address={Kaw City, OK},
	publisher={Kaw Nation}
}
@book{McBrideCumberland2010,
	editor={McBride, Justin T. and Cumberland, Linda A.},
	year={2010},
	title={Ka\'a\textsuperscript{n}ze w\'eyaje -- Kanza reader: Learning literacy through historical texts},
	address={Kaw City, OK},
	publisher={Kaw Nation}
}
@article{McNally1993,
	author={McNally, Louise},
	year={1993},
	title={Comitative coordination: A case study in group formation},
	journal={Natural Language and Linguistic Theory},
	volume={11},
	number={2},
	pages={347--379}
}
@book{Meek2010,
	author={Meek, Barbra A.},
	year={2010},
	title={We are our language: An ethnography of language revitalization in a Northern Athabaskan community},
	address={Tucson},
	publisher={University of Arizona Press}
}
@book{Merchant2001,
	author={Merchant, Jason},
	year={2001},
	title={The syntax of silence: Sluicing, islands and the theory of ellipsis},
	address={Oxford},
	publisher={Oxford University Press}
}
@book{NatLangMeskSauk,
	author={{Native Languages of the Americas}},
	year={1998--2015},
	title={Mesquakie-Sauk (Sac and Fox)},
	url={http://www.native-languages.org/meskwaki-sauk.htm},
	urldate={2015}
}
@book{Meyer1925,
	author={Meyer, William},
	year={1925},
	title={Indian trails of the Southeast},
	address={Washington},
	publisher={Government Printing Office},
	series={Annual Report of the Bureau of American Ethnology to the Secretary of the Smithsonian Institution},
	number={42}
}
@book{Mielke2008,
	author={Mielke, Jeff},
	year={2008},
	title={The emergence of distinctive features},
	address={Oxford},
	publisher={Oxford University Press}
}
@article{Miner1979a,
	author={Miner, Kenneth L.},
	year={1979},
	title={An unusual natural class in Mississippi Valley Siouan},
	journal={Siouan and Caddoan Linguistics},
	volume={2},
	pages={8--9},
	address={Boulder},
	publisher={University of Colorado Department of Linguistics}
}
@article{Miner1979b,
	author={Miner, Kenneth L.},
	year={1979},
	title={Dorsey's law in Winnebago-Chiwere and Winnebago accent},
	journal={International Journal of American Linguistics},
	volume={45},
	number={1},
	pages={25--33}
}   		            	 					
@book{Mirzayan2011,
	author={Mirzayan, Armik},
	year={2011},
	title={Lakota intonation and prosody},
	address={Boulder},
	publisher={University of Colorado (Doctoral dissertation)}
}
@incollection{Mithun1988,
	author={Mithun, Marianne},
	year={1988},
	title={The grammaticization of coordination},
	editor={Haiman, John and Thompson, Sandra A.},
	booktitle={Clause combining in grammar and discourse},
	address={Amsterdam},
	publisher={John Benjamins},
	pages={331--359}
}
@book{Mithun1999,
	author={Mithun, Marianne},
	year={1999},
	title={The languages of Native North America},
	series={Cambridge Language Surveys},
	address={Cambridge},
	publisher={Cambridge University Press}
}
@book{Mixco1997a,
	author={Mixco, Mauricio J.},
	year={1997},
	title={Mandan},
	series={Languages of the World / Materials},
	number={159},
	address={München},
	publisher={Lincom}
}
@article{Mixco1997b,
	author={Mixco, Mauricio J.},
	year={1997},
	title={Mandan switch-reference: A preliminary view},
	journal={Anthropological Linguistics},
	volume={39},
	pages={220--298}
}
@article{Moore1988,
	author={Moore, Robert E.},
	year={1988},
	title={Lexicalization versus lexical loss in Wasco-Wishram language obsolescence},
	journal={International Journal of American Linguistics},
	volume={54},
	number={4},
	pages={453--468}
}
@book{Morgan1871,
	author={Morgan, Lewis Henry},
	year={1871},
	title={Systems of consanguinity and affinity of the human family},
	address={Washington},
	publisher={Smithsonian Institution}
}
@article{Muehlmann2008,
	author={Muehlmann, Shaylih},
	year={2008},
	title={`Spread your ass cheeks,' and other things that should not be said in Indigenous languages},
	journal={American Ethnologist},
	volume={35},
	number={1},
	pages={34--48}
}
@incollection{MulderThompson2008,
	author={Mulder, Jean and Thompson, Sandra A.},
	year={2008},
	title={The grammaticization of \emph{but} as a final particle in English conversation},
	editor={Laury, Ritva},
	booktitle={Crosslinguistic studies of clause combining},
	address={Amsterdam},
	publisher={John Benjamins},
	pages={179--204}
}
@book{Munn1993,
	author={Munn, Alan},
	year={1993},
	title={Topics in the syntax and semantics of coordinate structures},
	address={College Park},
	publisher={University of Maryland (Doctoral dissertation)}
}
@incollection{Murasugi2000,
	author={Murasugi, Keiko},
	year={2000},
	title={An antisymmetry analysis of Japanese relative clauses},
	editor={Alexiadou, Artemis and Law, Paul and Meinunger, Andr\'e and Wilder, Chris},
	booktitle={The syntax of relative clauses},
	pages={231--264},
	address={Amsterdam},
	publisher={John Benjamins}
} 
@incollection{Murray1977,
	author={Murray, Franklin},
	year={1977},
	title={Iowa Tribe of Oklahoma language},
	editor={Iowa Tribe of Oklahoma},
	booktitle={Bah Kho-Je: People of the Grey Snow},
	note={Government website},
	url={http://bahkhoje.com/wp-content/uploads/2014/11/Franklin-M.-Murray-An-Original-Ioway-Speaker-1896-1983-First-Ioway-Dictionary-created-by-him.pdf},
	urldate={2015-04-22}
}
@book{Nevins2013,
	author={Nevins, Marybeth Eleanor},
	year={2013},
	title={Lessons from Fort Apache: Beyond language endangerment and maintenance},
	address={Hoboken, NJ},
	publisher={Wiley-Blackwell}
}
@book{Oliverio1996,
	author={Oliverio, Giulia},
	year={1996},
	title={A grammar and dictionary of Tutelo},
	address={Lawrence},
	publisher={University of Kansas (Doctoral dissertation)}
}
@misc{DorseyNDOmahaPoncaCitedByGrant,
	author={Dorsey, James Owen},
	year={n.d.},
	title={{Ȼegiha} slip file (a dictionary of Omaha and Ponca)},
	howpublished={Box 13 items 133 and 144, Box 14 item 158, Boxes 17--19 item 186, Boxes 20--30 item 188, MS 4800, National Anthropological Archives, MS 4800},
	address={Washington: Smithsonian Institution},
	url={http://omahalanguage.unl.edu/dictionary/},
	urldate={2014-10-28}
}
@book{OtoeIowaWistrandRobinson1977,
	author={{Otoe and Iowa Language Speakers with Lila Wistrand-Robinson}},
	year={1977},
	title={Jiwele-Baxoje Wan'shige Ukenye ich'e -- Otoe-Iowa Indian language book I: Alphabet, conversational Phrases and drills},
	address={Park Hill, OK},
	publisher={Christian Children's Fund American Indian Project}
}
@book{OtoeIowaWistrandRobinson1978,
	author={{Otoe and Iowa Language Speakers with Lila Wistrand-Robinson}},
	year={1977},
	title={Jiwele-Baxoje Wan'shik'okenye ich'e -- Otoe-Iowa Indian language book II: Simple, compound and complex sentences; songs and stories for practice},
	address={Park Hill, OK},
	publisher={Christian Children's Fund American Indian Project}
}
@book{OtoeMissouriaLD2014,
	author={{Otoe-Missouria Language Department}},
	year={2014},
	title={Jiwere-Nut'achi banyi koge nuwe agr\k{i} grebr\k{a} agr\k{i} that\k{a}: 2015 Otoe-Missouria calendar},
	address={Red Rock, OK},
	publisher={Otoe-Missouria Language Department}
}
@incollection{ParksRankin2001,
	author={Parks, Douglas R. and Rankin, Robert L.},
	year={2001},
	title={Siouan languages},
	series={Handbook of North American Indians},
	booktitle={Plains},
	volume={13},
	editor={DeMallie, Raymond J. and Sturtevant, William C.},
	pages={94--114},
	address={Washington},
	publisher={Smithsonian Institution}
}
@article{ParksDeMallie1992,
	author={Parks, Douglas R. and DeMallie, Raymond J.},
	year={1992},
	title={Sioux, Assiniboine and Stoney dialects: A classification},
	journal={Anthropological Linguistics},
	volume={34},
	number={1},
	pages={233--255}
}
@book{ParksJonesHollow1978,
	editor={Parks, Douglas R. and Jones, A. Wesley and Hollow, Robert C.},
	year={1978},
	title={Earth lodge tales from the upper Missouri},
	address={Bismarck, ND},
	publisher={Mary College}
}
@book{Shields2012,
	author={Shields, Sr., George},
	editor={Parks, Douglas R. and DeMallie, Raymond J. and Cumberland, Linda A.},
	year={2012},
	title={Stories told by George Shields, Sr.},
	series={Assiniboine Narratives from Fort Belknap, Montana},
	note={Preliminary edition},
	address={Bloomington},
	publisher={American Indian Studies Research Institute, Indiana University}
}
@book{Patterson1990,
	author={Patterson, Trudi},
	year={1990},
	title={Theoretical aspects of Dakota morphology and phonology},
	address={Champaign},
	publisher={University of Illinois -- Urbana-Champaign (Doctoral dissertation)}
}
@book{PayneBarshi1999,
	editor={Payne, Doris L. and Barshi, Immanuel},
	year={1999},
	title={External possession},
	address={Amsterdam},
	publisher={John Benjamins},
	series={Typological Studies in Language},
	number={39}
}
@book{Perley2011,
	author={Perley, Bernard C.},
	year={2011},
	title={Defying Maliseet language death: Emergent vitalities of language, culture, and identity in eastern Canada},
	address={Lincoln},
	publisher={University of Nebraska Press}
}
@inproceedings{Perlmutter1978,
	author={Perlmutter, David},
	year={1978},
	title={Impersonal passives and the unaccusative hypothesis},
	booktitle={Proceedings of the 4\textsuperscript{th} meeting of the Berkeley Linguistics Society},
	pages={157--190},
	address={Berkeley},
	publisher={University of California --Berkeley}
}
@book{Pierrehumbert1980,
	author={Pierrehumbert, Janet B.},
	year={1980},
	title={The phonology and phonetics of English intonation},
	address={Cambridge, MA},
	publisher={Massachusetts Institute of Technology (Doctoral dissertation)}
}
@incollection{PierrehumbertHirschberg1990,
	author={Pierrehumbert, Janet B. and Hirschberg, Julia},
	year={1990},
	title={The meaning of intonational contours in the interpretation of discourse},
	editor={Cohen, Peter R. and Morgan, Jerry and Pollack, Martha E.},
	booktitle={Intentions in communication},
	pages={271--311},
	publisher={MIT Press},
	address={Cambridge, MA}
}
@book{Pilling1887,
	author={Pilling, James Constantine},
	year={1887},
	title={Bibliography of the Siouan languages},
	series={Bureau of American Ethnology Bulletin},
	number={5},
	address={Washington},
	publisher={Government Printing Office}
}
@incollection{Polinsky2013,
	author={Polinsky, Maria},
	year={2013},
	title={Applicative constructions},
	editor={Dryer, Matthew S. and Haspelmath, Martin},
	booktitle={The world atlas of language structures online},
	address={Leipzig},
	publisher={Max Planck Institute for Evolutionary Anthropology},
	url={http://wals.info/chapter/109},
	urldate={2015-08-23}
}
@book{Quintero2004,
	author={Quintero, Carolyn},
	year={2004},
	title={Osage grammar},
	series={Studies in the Anthropology of North American Indians},
	address={Lincoln},
	publisher={University of Nebraska Press}
}
@book{Quintero2009,
	author={Quintero, Carolyn},
	year={2009},
	title={Osage dictionary},
	address={Norman},
	publisher={University of Oklahoma Press}
}
@book{Radin1954,
	author={Radin, Paul},
	year={1954},
	title={The evolution of an American prose epic: A study in comparative literature},
	address={Basel},
	publisher={Ethnographical Museum}
}
@misc{RameyND,
	author={Ramey, Brett},
	year={n.d.},
	title={H\'oragewi},
	howpublished={Personal website},
	url={http://www.horagewi.com/},
	urldate={2015-06-27}
}
@inproceedings{Rankin1977,
	author={Rankin, Robert L.},
	year={1977},
	title={From verb, to auxiliary, to noun classifier and definite article: Grammaticalization of the Siouan verbs `sit', `stand', `lie'},
	editor={Brown, Robert L. and Houlihan, Kathleen and Hutchinson, Larry G. and MacLeish, Andrew},
	booktitle={Proceedings of the 1976 Mid-America Linguistics Conference},
	pages={273--83},
	address={Minneapolis},
	publisher={University of Minnesota Linguistics Department}
}
@article{Rankin1978,
	author={Rankin, Robert L.},
	year={1978},
	title={The unmarking of Quapaw phonology: A study of language death},
	journal={Kansas Working Papers in Linguistics},
	volume={3},
	pages={45--52}
}
@article{Rankin1982,
	author={Rankin, Robert L.},
	year={1982},
	title={A Quapaw vocabulary},
	journal={Kansas Working Papers in Linguistics},
	volume={7},
	pages={125--152}
}
@incollection{Rankin1988,
	author={Rankin, Robert L.},
	year={1988},
	title={Quapaw: Genetic and areal affiliations},
	editor={Shipley, William},
	booktitle={In honor of Mary Haas: From the Haas Festival conference on Native American linguistics},
	pages={629--650},
	address={Berlin},
	publisher={de Gruyter Mouton}
} 
@incollection{Rankin1989,
	author={Rankin, Robert L.},
	year={1989},
	title={Kansa},
	translator={Yamamoto, Akira},
	editor={Kamei, Takashi and Kono, Rokuro and Chino Eiichi},
	series={The Sanseido encyclopaedia of linguistics},
	volume={2},
	booktitle={Languages of the world},
	pages={301--307},
	address={Tokyo},
	publisher={Sanseido Press}
}
@article{Rankin1994,
	author={Rankin, Robert L.},
	year={1994},
	title={Notes on the Kansa word list of Maximilian, Prince of Wied},
	journal={Kansas Working Papers in Linguistics},
	volume={19},
	number={2},
	pages={201--210}
}
@inproceedings{Rankin1996,
	author={Rankin, Robert L.},
	year={1996},
	title={Deeper genetic relationships in North America: Some tempered pessimism},
	editor={Librik, David and Beeler, Roxane},
	booktitle={Proceedings of the 22\textsuperscript{nd} annual meeting of the Berkeley Linguistics Society: Special session on historical issues in Native American languages},
	pages={117--128},
	address={Berkeley},
	publisher={University of California -- Berkeley}
}
@inproceedings{Rankin1998macrosiouan,
	author={Rankin, Robert L.},
	year={1998},
	title={Grammatical evidence for genetic relationship and the Macro-Siouan hypothesis},
	editor={Tarpant, Marie-Lucie},
	booktitle={Actes du 21i\`eme colloque annuel de l'Association de Linguistique des Provinces Atlantiques},
	pages={20--44},
	address={Halifax},
	publisher={Mount Saint Vincent University}
}
@misc{Rankin1998scy,
	author={Rankin, Robert L.},
	year={1998},
	title={Siouan-Catawban-Yuchi genetic relationship: With a note on Caddoan},
	howpublished={Paper presented at the 18\textsuperscript{th} annual Siouan and Caddoan Languages Conference, Indiana University -- Bloomington}
}
@misc{Rankin1995,
	author={Rankin, Robert L.},
	year={1995},
	title={On Quapaw (and Siouan) ablaut},
	howpublished={Paper presented at the Siouan and Caddoan Languages Conference, Albuquerque, NM, July 1995}
}
@misc{RankinSwanton2002,
	author={Rankin, Robert L. and Swanton, John Reed},
	year={2002},
	title={An Ofo grammar sketch and Ofo-English Dictionary},
	howpublished={Unpublished manuscript},
	address={University of Kansas}
}
@incollection{Rankin2005b,
	author={Rankin, Robert L.},
	year={2005},
	title={Quapaw},
	editor={Hardy, Heather and Scancarelli, Janine},
	booktitle={The Native languages of the southeastern United States},
	address={Lincoln},
	publisher={University of Nebraska Press},
	pages={454--498}
}
@misc{Rankin2001,
	author={Rankin, Robert L.},
	year={2001},
	title={On Dakotan pre-boundary and cluster phonology},
	howpublished={Paper presented at the Siouan and Caddoan Languages Conference, University of Chicago, June 2001}
}
@misc{Rankin2002,
	author={Rankin, Robert L.},
	year={2002},
	title={Quapaw dictionary},
	howpublished={Unpublished manuscript},
	address={Lawrence: University of Kansas}
}
@misc{RankinSwanton2004,
	author={Rankin, Robert L. and Swanton, John Reed},
	year={2004},
	title={An Ofo grammar sketch and Ofo-English Dictionary},
	howpublished={Unpublished manuscript},
	address={Lasrence: University of Kansas}
} 
@misc{Rankin2004ofo,
	author={Rankin, Robert L.},
	year={2004},
	title={The Ofo language of Louisiana: Philological recovery of grammar and typology},
	howpublished={Paper presented at the 3\textsuperscript{rd} Language and Variety in the South Conference, University of Alabama -- Tuscaloosa}
}
@article{Rankin2004positionals,
	author={Rankin, Robert L.},
	year={2004},
	title={The history and development of Siouan positionals},
	journal={Sprachtypologie und Universalienforschung},
	volume={57},
	pages={202--227}
} 
@misc{Rankin2005a,
	author={Rankin, Robert L.},
	year={2005},
	title={Kansa-English lexical file},
	howpublished={Unpublished manuscript},
	address={Lawrence: University of Kansas}
}
@misc{Rankin2009,
	author={Rankin, Robert L.},
	year={2009},
	title={The Siouan verb template continued: Enclitics -- A comparative and historical survey},
	howpublished={Presented at the Siouan and Caddoan Languages Conference, University of Nebraska -- Lincoln, June 2009}
} 
@misc{Rankin2010,
	author={Rankin, Robert L.},
	year={2010},
	title={The place of Mandan in the Siouan language family},
	howpublished={Paper presented at the 30\textsuperscript{th} annual Siouan and Caddoan Languages Conference, Northeastern Illinois University, Chicago}
} 
@misc{Rankin2011,
	author={Rankin, Robert L.},
	year={2011},
	title={Who were the Tomahitans?},
	howpublished={Paper presented at the Siouan and Caddoan Languages Conference, White Cloud, KS}
}
@book{Rankinetal2015AccessMay,
	editor={Rankin, Robert L. and Carter, Richard T. and Jones, A. Wesley and Koontz, John E. and Rood, David S. and Hartmann, Iren},
	year={2015},
	title={Comparative Siouan dictionary},
	url={http://csd.clld.org},
	urldate={2015-05-22}
}
@book{Rankinetal2015AccessSeptember,
	editor={Rankin, Robert L. and Carter, Richard T. and Jones, A. Wesley and Koontz, John E. and Rood, David S. and Hartmann, Iren},
	year={2015},
	title={Comparative Siouan dictionary},
	url={http://csd.clld.org},
	urldate={2015-09-25}
}
@book{Rankinetal2006PDF,
	editor={Rankin, Robert L. and Carter, Richard T. and Jones, A. Wesley and Koontz, John E. and Rood, David S. and Hartmann, Iren},
	year={2006},
	title={Comparative Siouan dictionary},
	note={PDF file},
	url={http://csd.clld.org}
}
@incollection{Rankinetal2003,
	author={Rankin, Robert L. and Boyle, John P. and Graczyk, Randolph Jan and Koontz, John E.},
	year={2003},
	title={A synchronic and diachronic perspective on `word' in Siouan},
	editor={Dixon, Robert Malcolm Ward and Aikhenvald, Alexandra Y.},
	booktitle={Word: A cross-linguistic typology},
	address={Cambridge},
	publisher={Cambridge University Press},
	pages={180--204}
}						     					     
@misc{RankinetalND,
	author={Rankin, Robert L. and Carter, Richard T. and Jones, A. Wesley},
	year={n.d.},
	title={Proto-Siouan phonology and grammar},
	howpublished={Unpublished manuscript},
	publisher={Universities of Kansas, Nebraska and Mary}
}
@inproceedings{Rankinetal1998,
	author={Rankin, Robert L. and Carter, Richard T. and Jones, A. Wesley},
	year={1998},
	title={Proto-SIouan phonology and grammar},
	editor={Li, Xingzhong and López, Luís and Stroik, Tom},
	booktitle={Papers from the 1997 {Mid-America} linguistics conference},
	pages={366--375},
	address={Columbia},
	publisher={University of Missouri Press}
}
@incollection{Rauh1983a,
	author={Rauh, Gisa},
	year={1983},
	title={Aspects of deixis},
	booktitle={Essays on deixis},
	editor={Rauh, Gisa},
	pages={9--60},
	series={Tübinger Beiträge zur Linguistik},
	number={188},
	address={Tübingen},
	publisher={Gunter Narr Verlag}
}  
@incollection{Rauh1983b,
	author={Rauh, Gisa},
	year={1983},
	title={Tenses as deictic categories: An analysis of English and German tenses},
	booktitle={Essays on deixis},
	editor={Rauh, Gisa},
	pages={229--275},
	series={Tübinger Beiträge zur Linguistik},
	number={188},
	address={Tübingen},
	publisher={Gunter Narr Verlag}
}  				          
@incollection{Reyhner1999,
	author={Reyhner, Jon},
	year={1999},
	title={Introduction: Some basics of language revitalization},
	booktitle={Revitalizing Indigenous languages},
	editor={Reyhner, Jon and Cantoni, Gina and St. Clair, Robert N. and Parsons Yazzie, Evangeline},
	pages={v--xx},
	address={Flagstaff},
	publisher={Northern Arizona University}
}
@book{Rice1989,
	author={Rice, Keren},
	year={1989},
	title={A grammar of Slave},
	address={Berlin},
	publisher={de Gruyter Mouton}
}
@article{Rice1993,
	author={Rice, Keren},
	year={1993},
	title={A reexamination of the feature [sonorant]: The status of ``sonorant obstruents''},
	journal={Language},
	volume={69},
	pages={308--344}
}
@misc{Rice2013,
	author={Rice, Keren},
	year={2013},
	title={Sonorant obstruents revisited},
	howpublished={Handout forthe  International Conference on Phonetics and Phonology 2013, National Institute for Japanese Language and Linguistics, 25 January}
}
@misc{RiceAvery1991,
	author={Rice, Keren and Avery, Peter},
	year={1991},
	title={A learning path for phonology: A theory of segmental elaboration},
	howpublished={Paper presented at the Boston University Conference on Child Language Acquisition, October 1991}
}
@book{Riggs1852,
	author={Riggs, Mary Ann Clark},
	year={1852},
	title={An English and Dakota vocabulary},
	address={New York},
	publisher={R. Craighead}
}
@book{Riggs1851,
	author={Riggs, Rev. Stephen Return},
	year={1851},
	title={Grammar and dictionary of the Dakota language},
	series={Smithsonian contributions to knowledge},
	volume={4},
	number={40},
	address={Washington},
	publisher={Smithsonian Institution}
}
@article{Ringenetal2013,
	author={Ringen, Catherine and Beckman, Jill and Jessen, Michael},
	year={2013},
	title={Empirical evidence for laryngeal features: Aspirating vs. true voice languages},
	journal={Journal of Linguistics},
	volume={49},
	pages={259--284}
}
@incollection{Rizzi1997,
	author={Rizzi, Luigi},
	year={1997},
	title={The fine structure of the left periphery},
	booktitle={Elements of grammar},
	editor={Haegeman, Liliane},
	address={Dordrecht},
	publisher={Kluwer},
	pages={213--276}
}
@article{Roberts1991,
	author={Roberts, Ian},
	year={1991},
	title={Excorporation and minimality},
	journal={Linguistic Inquiry},
	volume={22},
	number={1},
	pages={209--218}
}
@misc{WistrandRobinson1972,
	author={Wistrand-Robinson, Lila},
	year={1972},
	title={An Iowa/Otoe-English dictionary},
	howpublished={Unpublished manuscript},
	address={Lawrence: University of Kansas}
}  
@incollection{Rood1979,
	author={Rood, David S.},
	year={1979},
	title={Siouan},
	booktitle={The languages of Native America: Historical and comparative assessment},
	editor={Campbell, Lyle and Mithun, Marianne},
	pages={236--298},
	address={Austin},
	publisher={University of Texas Press}
}
@incollection{RoodTaylor1996,
	author={Rood, David S. and Taylor, Allan R.},
	year={1996},
	title={Sketch of Lakhota, a Siouan language},
	series={Handbook of North American Indians},
	number={17},
	booktitle={Languages},
	editor={Sturtevant, William C. and Goddard, Ives},
	publisher={Smithsonian Institution},
	address={Washington},
	pages={440--482}
}		           			           
@book{Rood1975,
	author={Rood, David S.},
	year={1975},
	title={Wichita grammar},
	address={New York},
	publisher={Garland Publishing}
}
@article{Rood1977,
	author={Rood, David S.},
	year={1977},
	title={Some Lakhota presuppositions},
	journal={Colorado Research in Linguistics},
	volume={7},
	pages={110--124}
}
@article{Rood1985,
	author={Rood, David S.},
	year={1985},
	title={Definiteness subcategorized in discourse: Lakhota \emph{kˀų}},
	journal={Kansas Working Papers in Linguistics},
	volume={10},
	pages={144--83}
}
@incollection{Rood1996,
	author={Rood, David S.},
	year={1996},
	title={Sketch of Wichita, a Caddoan language},
	series={Handbook of North American Indians},
	number={17},
	booktitle={Languages},
	editor={Sturtevant, William C. and Goddard, Ives},
	publisher={Smithsonian Institution},
	address={Washington},
	pages={580--608}
}
@incollection{RoodKoontz2002,
	author={Rood, David S. and Koontz, John E.},
	year={2002},
	title={The comparative Siouan dictionary project},
	editor={Frawley, William and Hill, Kenneth C. and Munro, Pamela},
	booktitle={Making dictionaries: Preserving Indigenous languages of the Americas},
	address={Berkeley},
	publisher={University of California Press},
	pages={259--281}
}  
@misc{Rosen2014,
	author={Rosen, Bryan},
	year={2014},
	title={On the existence of adjectives in Hoc\k{a}k},
	howpublished={Paper presented at the 88\textsuperscript{th} annual meeting of the Linguistic Society of America, Minneapolis}
}
@book{Rosen2015,
	author={Rosen, Bryan},
	year={2015},
	title={The syntax of adjectives in Hoc\k{a}k},
	address={Madison},
	publisher={University of Wisconsin (Doctoral dissertation)}
}
@book{Ross1967,
	author={Ross, John Robert},
	year={1968 (1967)},
	title={Constraints on variables in syntax},
	address={Bloomington},
	publisher={Indiana University Linguistics Club}
}
@article{Ross1969,
	author={Ross, John Robert},
	year={1969},
	title={Auxiliaries as main verbs},
	journal={Studies in Philosophical Linguistics},
	volume={1},
	pages={77--102}
}
@article{Rouveret2012,
	author={Rouveret, Alain},
	year={2012},
	title={VP ellipsis, phases and the syntax of morphology},
	journal={Natural Language and Linguistic Theory},
	volume={30},
	pages={897--963}
} 
@misc{Rudes2007,
	author={Rudes, Blair A.},
	year={2007},
	title={Catawba grammar; Word-order frequency},
	howpublished={Unpublished manuscripts},
	address={Charlotte},
	publisher={University of North Carolina}
}
@misc{Rudin1998,
	author={Rudin, Catherine},
	year={1998},
	title={Postverbal constituents in Omaha-Ponca},
	howpublished={Paper presented at the Siouan and Caddoan Languages Conference, Bloomington, IN}
}
@misc{Rudin2003,
	author={Rudin, Catherine},
	year={2003},
	title={Phrasal conjunction in Omaha-Ponca},
	howpublished={Paper presented at the annual meeting of the Society for the Study of Indigenous Languages of the Americas, Atlanta}
}
@book{RundleRundle2007,
	author={Rundle, Kelly and Rundle, Tammy},
	year={2007},
	title={Lost nation: The Ioway 1},
	address={Moline, IL},
	publisher={Fourth Wall Films},
	note={Movie}
}
@article{Safir1986,
	author={Safir, Kenneth},
	year={1986},
	title={Relative clauses in a theory of binding and levels},
	journal={Linguistic Inquiry},
	volume={17},
	number={4},
	pages={663--89}
}
@article{Sag1976,
	author={Sag, Ivan A.},
	year={1976},
	title={A note on verb phrase deletion},
	journal={Linguistic Inquiry},
	volume={7},
	pages={664--671}
}
@article{Samuels2006,
	author={Samuels, David W.},
	year={2006},
	title={Bible translation and Medicine-Man talk: Missionaries, indexicality, and the ``Language Expert'' on the San Carlos Apache Reservation},
	journal={Language in Society},
	volume={35},
	number={4},
	pages={529--557}
}
@article{Sapir1920,
	author={Sapir, Edward},
	year={1920},
	title={The Hokan and Coahuiltecan languages},
	journal={International Journal of American Linguistics},
	volume={1},
	pages={280--290}
}
@article{Sapir1921,
	author={Sapir, Edward},
	year={1921},
	title={A bird's-eye view of American languages north of Mexico},
	journal={Science},
	volume={54},
	pages={408}
}
@article{Sapir1929,
	author={Sapir, Edward},
	year={1929},
	title={Central and North American languages},
	journal={Encyclopaedia Britannica},
	volume={5},
	pages={138--141}
}
@article{ScarboroughetalInPress,
	author={Scarborough, Rebecca and Zellou, Georgia and Mirzayan, Armik and Rood, David S.},
	year={in press},
	title={Phonetic and phonological patterns of nasality in Lakota vowels},
	journal={Journal of the International Phonetic Association}
}
@misc{Schwartz2014,
	author={Schwartz, Saul},
	year={2014},
	title={Who wrote Whitman's grammar?},
	howpublished={Paper presented at the Siouan and Caddoan Languages Conference, University of Wisconsin -- Madison, 23--25 May 2014}
}
@incollection{Schweitzer2001,
	author={Schweitzer, Marjorie},
	year={2001},
	title={Otoe and Missouria},
	series={Handbook of North American Indians},
	booktitle={Plains},
	volume={13},
	editor={DeMallie, Raymond J. and Sturtevant, William C.},
	pages={447--461},
	address={Washington},
	publisher={Smithsonian Institution}
}
@book{Seiler1983,
	author={Seiler, Hansjakob},
	year={1983},
	title={Possession as an operational dimension of language},
	address={Tübingen},
	publisher={Gunter Narr Verlag}
}
@incollection{Seiler2001,
	author={Seiler, Hansjakob},
	year={2001},
	title={The operational basis of possession: A dimensional approach revisited},
	booktitle={Dimensions of possession},
	editor={Baron, Irène and Herslund, Michael and Sørensen, Finn},
	address={Amsterdam},
	publisher={John Benjamins},
	pages={27--40}
}
@book{Shaw1980,
	author={Shaw, Patricia A.},
	year={1980},
	title={Theoretical issues in Dakota phonology and morphology},
	address={New York},
	publisher={Garland Publishing}
}
@incollection{Szigetvari2008,
	author={Szigetvári, Péterr},
	year={2008},
	title={What and where?},
	booktitle={Lenition and fortition},
	editor={Brand\~{a}o de Carvalho, Joaquim and Scheer, Tobias and S\'eg\'eral, Philippe},
	pages={93--129},
	address={Berlin},
	publisher={de Gruyter Mouton}
}
@book{Song2005,
	author={Song, Hongkyu},
	year={2005},
	title={Causatives and resultatives in Korean},
	address={Madison},
	publisher={University of Wisconsin (Doctoral dissertation)}
}
@article{Sportiche1985,
	author={Sportiche, Dominique},
	year={1985},
	title={Remarks on crossover},
	journal={Linguistic Inquiry},
	volume={16},
	pages={460--469}
}
@article{Stassen2000,
	author={Stassen, Leon},
	year={2000},
	title={AND-languages and WITH-languages},
	journal={Linguistic Typology},
	volume={4},
	number={1},
	pages={1--54}
}
@book{Stolzetal2008,
	author={Stolz, Thomas and Kettler, Sonia and Stroh, Cornelia and Urdze, Aina},
	year={2008},
	title={Split possession},
	series={Studies in Language Companion Series},
	number={101},
	address={Amsterdam},
	publisher={John Benjamins}
}
@book{SturtevantTrigger1978,
	editor={Sturtevant, William C. and Trigger, Bruce G.},
	year={1978},
	title={Northeast},
	series={Handbook of North American Indians},
	number={15},
	address={Washington},
	publisher={Smithsonian Institution}
}
@book{SturtevantGoddard1996,
	editor={Sturtevant, William C. and Goddard, Ives},
	year={1996},
	title={Languages},
	series={Handbook of North American Indians},
	number={17},
	address={Washington},
	publisher={Smithsonian Institution}
}
@book{SturtevantFogelson2004,
	editor={Sturtevant, William C. and Fogelson, Raymond D.},
	year={2004},
	title={Southeast},
	series={Handbook of North American Indians},
	number={14},
	address={Washington},
	publisher={Smithsonian Institution}
}
@book{DeMallieSturtevant2001,
	editor={DeMallie, Raymond J. and Sturtevant, William C.},
	year={2001},
	title={Plains},
	series={Handbook of North American Indians},
	number={13},
	address={Washington},
	publisher={Smithsonian Institution}
}
@misc{Susman1939,
	author={Susman, Amelia L.},
	year={1939},
	title={The Winnebago syllabary},
	howpublished={Manuscript, Freeman guide no. 3903},
	address={Philadelphia: Library of the American Philosophical Society}
}
@book{Susman1943,
	author={Susman, Amelia},
	year={1943},
	title={The accentual system of Winnebago},
	address={New York},
	publisher={Columbia University (Doctoral dissertation)}
}
@misc{Swadesh1939,
	author={Swadesh, Morris},
	year={1939},
	title={Chitimacha grammar, texts, and vocabulary},
	howpublished={Manuscript 497.3.B63c G6.5, Franz Boas Collection of Materials for American Linguistics},
	address={Philadelphia: American Philosophical Society}
}
@incollection{Swadesh1971,
	author={Swadesh, Morris},
	year={1971},
	title={What is glottochronology?},
	editor={Sherzer, Joel},
	booktitle={The origin and diversification of language},
	pages={271--284},
	address={Chicago},
	publisher={Aldine-Atherton}
}
@incollection{Swanton1909,
	author={Swanton, John Reed},
	year={1909},
	title={A new Siouan dialect},
	editor={Boas, Franz},
	booktitle={Putman anniversary volume: Anthropological essays presented to Frederic Ward Putnam in honor of his seventieth birthday},
    pages={477--486},
	address={New York},
	publisher={G. E. Stechert}
}
@book{Swanton1952,
	author={Swanton John Reed},
	year={1952},
	title={The Indian tribes of North America},
	series={Bureau of American Ethnology Bulletin},
	number={145},
	address={Washington},
	publisher={Government Printing Office}
}
@article{Tadmoretal2010,
	author={Tadmor, Uri and Haspelmath, Martin and Taylor, Bradley},
	year={2010},
	title={Borrowability and the notion of basic vocabulary},
	journal={Diachronica},
	volume={27},
	number={2},
	pages={226--246}
}
@article{Taylor1976a,
	author={Taylor, Allan},
	year={1976},
	title={On verbs of motion in Siouan languages},
	journal={International Journal of American Linguistics},
	volume={42},
	number={4},
	pages={287--296}
} 	            
@article{Taylor1976b,
	author={Taylor, Allan},
	year={1976},
	title={Words for `buffalo'},
	journal={International Journal of American Linguistics},
	volume={42},
	pages={165--166}
}
@book{Thomason2001,
	author={Thomason, Sarah G.},
	year={2001},
	title={Language contact: An introduction},
	address={Washington},
	publisher={Georgetown University Press}
}
@book{Trechter1995,
	author={Trechter, Sara},
	year={1995},
	title={The pragmatic functions of gendered clitics in Lakhota},
	address={Lawrence},
	publisher={University of Kansas (Doctoral dissertation)}
}
@book{Ullrich2008,
	editor={Ullrich, Jan F.},
	year={2008},
	title={New Lakota dictionary},
	edition={1},
	publisher={Lakota Language Consortium},
	address={Bloomington, IN},
	url={http://www.lakotadictionary.org/nldo.php}
}

@book{Ullrich2012,
	editor={Ullrich, Jan F.},
	year={2012},
	title={New Lakota Dictionary},
	edition={2},
	address={Bloomington, IN},
	publisher={Lakota Language Consortium},
	url={http://www.lakotadictionary.org/nldo.php}
}
@misc{Ullrich2014a,
	author={Ullrich, Jan F.},
	year={2014},
	title={Citation / quotation conventions for list?},
	howpublished={Posted to the Siouan mailing list, 25 April 2014},
	url={http://listserv.linguistlist.org/pipermail/siouan/2014-April/009556.html},
	urldate={2015-06-28}
}
@misc{Ullrich2014b,
	author={Ullrich, Jan F.},
	year={2014},
	title={Saul and Jan's discussion},
	howpublished={Posted to the Siouan mailing list, 25 April 2014},
	url={http://listserv.linguistlist.org/pipermail/siouan/2014-April/009559.html},
	urldate={2015-06-28}
}
@book{Ullrich2016,
	author={Ullrich, Jan F.},
	year={2016},
	title={Lakota language handbook: A pedagogical grammar for self-study and practice},
	address={Bloomington, IN},
	publisher={Lakota Language Consortium}
}
@incollection{Ultan1978,
	author={Ultan, Russell},
	year={1978},
	title={Toward a typology of substantival possession},
	editor={Greenberg, Joseph H.},
	booktitle={Universals of human language},
	volume={4},
    pages={11--50},
	address={Stanford},
	publisher={Stanford University Press}
}
@incollection{Vajda2010,
	author={Vajda, Edward J.},
	year={2010},
	title={A Siberian link with Na-Dene languages},
	editor={James, Kari and Potter, Ben A.},
	series={Anthropological papers of the University of Alaska},
	volume={5},
	booktitle={The Dene-Yeniseian connection},
	pages={33--99},
	address={Fairbanks},
	publisher={University of Alaska -- Fairbanks Department of Anthropology}
}
@book{vanCraenenbroeck2004,
	author={van Craenenbroeck, Jeroen},
	year={2004},
	title={Ellipsis in Dutch dialects},
	address={Leiden},
	publisher={Universiteit van Leiden (Doctoral dissertation)}
}
@book{vanOirsouw1987,
	author={van Oirsouw, Robert R.},
	year={1987},
	title={The syntax of coordination},
	address={London},
	series={Croom Helm Linguistics Series},
	publisher={Routledge}
}
@book{VanValin1977,
	author={Van Valin, Jr., Robert D.},
	year={1977},
	title={Aspects of Lakhota syntax: A study of Lakhota (Teton Dakota) syntax and its implications for universal grammar},
	address={Berkeley},
	publisher={University of California -- Berkeley (Doctoral dissertation)}
}
@incollection{VanValin1985,
	author={Van Valin, Jr., Robert D.},
	year={1985},
	title={Case marking and the structure of the Lakhota clause},
	editor={Nichols, Johanna and Woodbury, Anthony C.},
	booktitle={Grammar inside and outside the clause: Some approaches to theory from the field},
	pages={363--413},
	address={Cambridge},
	publisher={Cambridge University Press}
}
@article{VanValin1987,
	author={Van Valin, Jr., Robert D.},
	year={1987},
	title={The role of government in the grammar of head-marking languages},
	journal={International Journal of American Linguistics},
	volume={53},
	pages={371--397}
}
@book{VanValinLaPolla1997,
	author={Van Valin, Jr., Robert D. and LaPolla, Randy J.},
	year={1997},
	title={Syntax: Structure, meaning and function},
	address={Cambridge},
	publisher={Cambridge University Press}
}
@book{Veselinova2003,
	author={Veselinova, Ljuba N.},
	year={2003},
	title={Suppletion in verb paradigms: Bits and pieces of a puzzle},
	address={Stockholm},
	publisher={Stockholms universitet (Doctoral dissertation)}
}
@incollection{Voorhis1984,
	author={Voorhis, Paul},
	year={1984},
	title={Catawba morphology in the texts of Frank Speck and of Matthew Red Thunder Cloud},
	editor={Strantzali, Letta},
	booktitle={Kansas Working Papers in Linguistics},
	volume={9},
	number={2 (Studies in Native American Languages 3)},
	pages={1--30},
	address={Lawrence},
	publisher={University of Kansas}
}
@book{Wagner1931,
	author={Wagner, Günter},
	year={1931},
	title={Yuchi tales},
	editor={Boas, Franz},
	series={Publications of the American Ethnological Society},
	volume={13},
	address={New York},
	publisher={G. E. Stechert}
}
@incollection{Wagner1934,
	author={Wagner, Günter},
	year={1934},
	title={Yuchi},
	editor={Boas, Franz},
	booktitle={Handbook of American Indian languages},
	volume={3},
    pages={293--384},
	address={New York},
	publisher={Columbia University Press}
}
@book{Walchli2005,
	author={W\"alchli, Bernhard},
	year={2005},
	title={Co-compounds and natural coordination},
	address={Oxford},
	publisher={Oxford University Press}
}
@incollection{Walker1981,
  author={Walker, Willard},
  year={1981},
  title={Native American writing systems},
  booktitle={Languages in the USA},
  editor={Ferguson, Charles A. and Heath, Shirley Brice},
  publisher={Cambridge University Press},
  address={Cambridge},
  pages={145--174}
  }
@incollection{Walker1996,
  	author={Walker, Willard},
  	year={1996},
  	title={Native writing systems},
	series={Handbook of North American Indians},
	number={17},
	booktitle={Languages},
	editor={Sturtevant, William C. and Goddard, Ives},
	publisher={Smithsonian Institution},
	address={Washington},
  	pages={158--184}
  }
@book{Wallace1993,
	author={Wallace, Karen K.},
	year={1993},
	title={Verb incorporation and agreement in Crow},
	address={Los Angeles},
	publisher={University of California -- Los Angeles (Doctoral dissertation)}
}
@incollection{WardBirner2001,
	author={Ward, Gregory and Birner, Betty J.},
	year={2001},
	title={Discourse and information structure},
	editor={Schiffrin, Deborah and Tannen, Deborah and Hamilton, Heidi},
	booktitle={Handbook of discourse analysis},
	pages={119--137},
	address={New York},
	publisher={Wiley-Blackwell}
}
@incollection{Warner2008,
	author={Warner, Sam L. No`eau},
	year={2008},
	title={The movement to revitalize Hawaiian language and culture},
	booktitle={The green book of language revitalization in practice},
	edition={3},
	editor={Hinton, Leanne and Hale, Kenneth Locke},
	pages={133--144},
	address={Bingley, West Yorkshire},
	publisher={Emerald Group Publishing}
}
@article{Washio1997,
	author={Washio, Ryuichi},
	year={1997},
	title={Resultatives, compositionality and language variation},
	journal={Journal of East Asian Linguistics},
	volume={6},
	pages={1--49}
}
@article{Watanabe2004,
	author={Watanabe, Akira},
	year={2004},
	title={Parametrization of quantificational determiners and head-internal relatives},
	journal={Language and Linguistics},
	volume={5},
	pages={59--97}
}
@article{Watkins1976,
	author={Watkins, Laurel},
	year={1976},
	title={Position in grammar: Sit, stand, lie},
	journal={Kansas Working Papers in Linguistics},
	volume={1},
	pages={16--41}
}
@book{Weber1983,
	author={Weber, David},
	year={1983},
	title={Relativization and nominalized clauses in Huallaga (Huanuco) Quechua},
	series={University of California Publications in Linguistics},
	number={103},
	address={Berkeley},
	publisher={University of California Press}
}
@incollection{Wechsler2005,
	author={Wechsler, Stephen},
	year={2005},
	title={Resultatives under the ``event-argument homomorphism'' model of telicity},
	booktitle={The syntax of aspect},
	editor={Erteschik-Shir, Nomi and Rapoport, Tova},
	pages={255--273},
	address={Oxford},
	publisher={Oxford University Press}
}
@incollection{Wedel2001,
	author={Wedel, Mildred W.},
	year={2001},
	title={Iowa},
	series={Handbook of North American Indians},
	booktitle={Plains},
	volume={13},
	editor={DeMallie, Raymond J. and Sturtevant, William C.},
	pages={236--246},
	address={Washington},
	publisher={Smithsonian Institution}
}
@book{Wesche1995,
	author={Wesche, Birgit},
	year={1995},
	title={Symmetric coordination: An alternative theory of phrase structure},
	address={Tübingen},
	publisher={Max Niemeyer Verlag}
}
@book{West2003,
	author={West, Shannon Louise},
	year={2003},
	title={Subjects and objects in Assiniboine Nakoda},
	address={Victoria},
	publisher={University of Victoria (Master's thesis)}
}
@book{WhiteEagle1988,
	author={White Eagle, Josephine P.},
	year={1988},
	title={A lexical study of Winnebago},
	series={Lexicon Project Working Papers},
	number={26},
	address={Cambridge, MA},
	publisher={MIT Center for Cognitive Science}
}
@article{Whiteley2003,
	author={Whiteley, Peter},
	year={2003},
	title={Do ``language rights'' serve Indigenous interests? Some Hopi and other queries},
	journal={American Anthropologist},
	volume={105},
	number={4},
	pages={712--722}
}
@book{Whitman1936,
	author={Whitman, William},
	year={1936},
	title={The Oto},
	publisher={Columbia University Press},
	address={New York}
} 	       	         
@article{Whitman1947,
	author={Whitman, William},
	year={1947},
	title={Descriptive grammar of Ioway-Oto},
	journal={International Journal of American Linguistics},
	volume={13},
	number={4},
	pages={233--48}
}
@inproceedings{Williams2008,
	author={Williams, Alexander},
	year={2008},
	title={Word order in resultatives},
	booktitle={Proceedings of the 26\textsuperscript{th} West Coast Conference on Formal Linguistics},
	editor={Chang, Charles B. and Haynie, Hannah J.},
	pages={507--515},
	address={Somerville, MA},
	publisher={Cascadilla Press}
}
@incollection{Williamson1987,
	author={Williamson, Janis Shirley},
	year={1987},
	title={An indefiniteness restriction for relative clauses in Lakhota},
	booktitle={The representation of (in)definiteness},
	editor={Reuland, Eric and ter Meulen, Alice},
	pages={168--190},
	address={Cambridge, MA},
	publisher={MIT Press}
}
@book{Williamson1984,
	author={Williamson, Janis Shirley},
	year={1984},
	title={Studies in Lakhota grammar},
	address={San Diego},
	publisher={University of California -- San Diego (Doctoral dissertation)}
}
@incollection{WilsonKamana2008,
	author={Wilson, William H. and Kaman\=a, Kauanoe},
	year={2008},
	title={Mai loko mai o ka `i`ini -- Proceeding from a Dream: The `Aha P\=unana Leo connection in Hawaiian language revitalization},
	booktitle={The green book of language revitalization in practice},
	edition={3},
	editor={Hinton, Leanne and Hale, Kenneth Locke},
	pages={147--176},
	address={Bingley, West Yorkshire},
	publisher={Emerald Group Publishing}
}
@book{Winford2003,
	author={Winford, Donald},
	year={2003},
	title={An introduction to contact linguistics},
	address={New York},
	publisher={Wiley-Blackwell}
}
@misc{Wolfenbarger1996,
	author={Wolfenbarger, Deon},
	year={1996},
	title={National Register of Historical Places Registration Form for the White Cloud Historic District},
	howpublished={Submitted to the National Park Service, United States Department of the Interior},
	url={http://pdfhost.focus.nps.gov/docs/NRHP/Text/96000701.pdf},
	urldate={2015-06-28}
}
@article{Wolff1950a,
	author={Wolff, Hans},
	year={1950},
	title={Comparative Siouan I},
	journal={International Journal of American Linguistics},
	volume={16},
	number={2},
	pages={61--66}
}
@article{Wolff1950b,
	author={Wolff, Hans},
	year={1950},
	title={Comparative Siouan II},
	journal={International Journal of American Linguistics},
	volume={16},
	number={3},
	pages={113--121}
}
@article{Wolff1950c,
	author={Wolff, Hans},
	year={1950},
	title={Comparative Siouan III},
	journal={International Journal of American Linguistics},
	volume={16},
	number={4},
	pages={168--178}
}
@article{Wolff1950d,
	author={Wolff, Hans},
	year={1950},
	title={Comparative Siouan IV},
	journal={International Journal of American Linguistics},
	volume={17},
	number={4},
	pages={197--204}
}
@inproceedings{Wolvengrey1991,
	author={Wolvengrey, Arok},
	year={1991},
	title={A marker of focus in Mandan discourse},
	booktitle={Proceedings of the 1990 Mid-America Linguistics Conference and Siouan and Caddoan Languages Conference},
	editor={Ingemann, Frances},
	address={Lawrence},
	publisher={University of Kansas},
	pages={584--598}
} 
@article{Woolard1998,
	author={Woolard, Kathryn},
	year={1998},
	title={Simultaneity and bivalency as strategies in bilingualism},
	journal={Journal of Linguistic Anthropology},
	volume={8},
	number={1},
	pages={3--29}
}
@article{Woolford2010,
	author={Woolford, Ellen},
	year={2010},
	title={Active-stative agreement in Choctaw and Lakota},
	journal={Revista Virtual de Estudos da Linguagem},
	volume={8},
	pages={6--46}
}
@book{YellowBrowShortBull1980,
	author={{Yellow Brow} and {Short Bull}},
	editor={Medicine Horse, Mary Helen},
	year={1980},
	title={Bitaalásshia alítchiasshiituualak baháa awúuasshiituualak},
	publisher={Bilingual Materials Development Center},
	address={Crow Agency, MT}
}
@misc{YoshidaGallego2008,
	author={Yoshida, Masaya and Gallego, \'{A}ngel J.},
	year={2008},
	title={Phases and ellipsis},
	howpublished={Paper presented at the 27\textsuperscript{th} West Coast Conference on Formal Linguistics}
}
@article{Zagona1988,
	author={Zagona, Karen},
	year={1988},
	title={Proper government of antecedentless VP in English and Spanish},
	journal={Natural Language and Linguistic Theory},
	volume={6},
	pages={95--128}
}
@book{Zenes2009,
	author={Zenes, Bozena},
	year={2009},
	title={Coordination of noun phrases in Biloxi},
	address={Chicago},
	publisher={Northeastern Illinois University},
	note={Unpublished manuscript}
}
