Basso, Keith H. 1990. Semantic Aspects of Acculturation. In Western Apache Language and Culture: Essays in Linguistic Anthropology. University of Arizona Press: Tucson, AZ. Pp. 15-24.

Boersma, Paul, & David Weenink (1992) Praat: Doing phonetics by computer [software available at http://www.praat.org].

Chomsky, Noam. 1998. Minimalist Inquiries. In MIT Working Papers in Linguistics, Cambridge. Also in Martin, Roger, Michaels, David and Uriagereka, Juan (eds.), Step by Step: Essays on Minimalist Syntax in Honor of Howard Lasnik, 89-155. MIT Press, Cambridge.

Chomsky, Noam. 2001. Beyond explanatory adequacy. In MIT Occasional Papers in Linguistics, Cambridge. Also in Belletti, Adriana (ed.), Structures and Beyond: The Cartography of Syntactic Structures, Volume 2, 104-131. Oxford University Press, Oxford.

Dorsey, James Owen. ms; no date. A grammar and dictionary of the Ponka language. 4800 Dorsey Papers. Washington: Smithsonian Institution.

Dorsey, James Owen. ms; no date. Slip file for a dictionary of Omaha-Ponca. Online at http://omahalanguage.unl.edu/images.php

Dorsey, James Owen. n.d. Unpublished notes and slipfiles, Anthropological Archives, Smithsonian Institution, Washington, D.C.

Goddard, Ives. 1996. Introduction, in Handbook of North American Indians, Vol. 17 Languages, William C. Sturtevant, general editor, I. Goddard volume editor. Smithsonian Institution, Washington, D.C. Pp.1-16.

Gordon, Bryan J. 2009. ``Artifiers'' in Mississippi Valley Siouan: A novel determiner class. (Paper presented at the annual meeting of the Linguistic Society of America, San Francisco, 8-11 January 2009.)

Greer, Jill D. 2016. Baxoje-Jiwere grammar sketch. In Catherine Rudin and Bryan Gordon (eds.), Advances in the study of Siouan languages and linguistics. Berlin: Language Science Press. ???-???.

Helmbrecht, Johannes. Phonetics and Phonology. Ms, privately shared with this writer.

Hopkins, Jill D. n.d. Fieldnotes and transcriptions from 1988-2012, Missouri Chiwere Language Project, University of Missouri-Columbia (archived at Luther College, Decorah, IA).

Johnson, Meredith. 2014. Rightward Movement and Antecedent-Contained Deletion: New Evidence from Hocąk. In Robert E. Santana-LaBarge (ed.), Proceedings of the 31st West Coast Conference on Formal Linguistics, 258-265.

Kent, Reuben N.d. Turtle Island Storyteller Reubin Kent: These Native Ways. Wisdom of the Elders. http://wisdomoftheelders.org/turtle-island-storyteller-reubin-kent/, accessed June 4, 2015.

Koontz, John E. 1991. Central Siouan syncopating stems. Ms. revision of `Central Siouan syncopating *V-stems' in Frances Ingemann, ed., 1990 MidAmerican Linguistics Conference Papers, pp 518-533. Lawrence, Ks.: University of Kansas Department of Linguistics.

Marsh, Gordon n.d. Materials for a Study of the Ioway Language. Ms, American Philosophical Society Archives, Philadelphia, PA.

Maximilian zu Wied-Neuwied. 1839-1841. Reise in das innere Nord-America in den Jahren 1832 bis 1834, 2 Textbände und 1 Bildband mit Illustrationen von Karl Bodmer, J. Hölscher, Koblenz 1839-41.

Leonard, Wesley Y. 2007 Miami Language Reclamation in the Home: A Case Study. Ph.D. dissertation, Department of Linguistics, University of California, Berkeley.

Lesley, J. P. 1881. Memoir of Samuel Stedman [sic] Haldeman. Proceedings of the National Academy of Sciences 139-172.

Ullrich, Jan. 2008. New Lakota Dictionary. 738-760. Bloomington, IN: Lakota Language Consortium.

Ultan, Russel 1978. Toward a typology of substantival possession. In Joseph H. Greenberg (ed.), Universals of human language 4. Stanford: Stanford University Press.

Murray, Franklin 1977 Iowa Tribe of Oklahoma Language. Perkins: Iowa Tribe of Oklahoma. http://bahkhoje.com/wp-content/uploads/2014/11/Franklin-M.-Murray-An-Original-Ioway-Speaker-1896-1983-First-Ioway-Dictionary-created-by-him.pdf, accessed April 22, 2015.

Perlmutter, David. 1978. Impersonal passives and the unaccusative hypothesis. Proceedings of the 4th Berkeley Linguistics Society, pp. 157-190. Berkeley: University of California.

Polinsky, Maria. 2013. Applicative constructions. In: Dryer, Matthew S. and Haspelmath, Martin (eds.) The world atlas of language structures online. Leipzig: Max Planck Institute for Evolutionary Anthropology. (Available online at http://wals.info/chapter/109, Accessed on 2015-08-23.)

Rankin, Robert L.; Richard T. Carter; A. Wesley Jones; John E. Koontz; David S. Rood and Iren Hartmann, (eds.) 2015. {Comparative Siouan Dictionary}. Leipzig: Max Planck Institute for Evolutionary Anthropology. (Available online at http://csd.clld.org, Accessed on 2015-09-25.)
 
Rood, David and Allan R. Taylor. 1996. Sketch of Lakhota, a Siouan Language. In Goddard, Ives (ed.), Languages. Vol. 17 of Sturtevant, William C. (ed.) Handbook of North American Indians. Washington,DC: Smithsonian Institution, pp. 440-482.

Rood, David and Allan Taylor. 1996. A Sketch of Lakhota, A Siouan Language. In Handbook of North American Indians vol. 17 Languages, I. Goddard, volume editor, Smithsonian Institution, Washington, D.C. Pp. 440-482.

Rood, David S. and Allan R. Taylor. 1996. Sketch of Lakhota, a Siouan language. In Ives Goddard (ed.), Handbook of North American Indians vol 17. Smithsonian Institution.

Schwartz, Saul n.d. Who Wrote Whitman's Grammar? Presented at the Siouan and Caddoan Languages Conference, May 23-25, 2014, University of Wisconsin, Madison, WI.