@InCollection{AnderBois2019,
  author    = {Scott AnderBois},
  booktitle = {Questions in discourse -- {Volume} 1: {Semantics}},
  publisher = {Brill},
  title     = {Negation, alternatives, and negative polar questions in {American} {English}},
  year      = {2019},
  address   = {Leiden},
  editor    = {Klaus von Heusinger and Edgar Onea and Malte Zimmermann},
  number    = {35},
  pages     = {118-171},
  series    = {Current Research in the Semantics / Pragmatics Interface},
  owner     = {radeksimik},
  doi       = {10.1163/9789004378308_004},
}

@Article{Bates.etal2015,
  author    = {Douglas Bates and Martin Maechler and Ben Bolker and Steve Walker},
  title     = {Fitting linear mixed-effects models using lme4},
  journal   = {Journal of Statistical Software},
  year      = {2015},
  volume    = {67},
  number    = {1},
  pages     = {1-48},
  owner     = {radeksimik},
  timestamp = {2018-07-19},
  doi       = {10.18637/jss.v067.i01},
}

@article{claus2017puzzling,
  title={Puzzling response particles: {An} experimental study on the {German} answering system},
  author={Claus, Berry and Meijer, A. Marlijn and Repp, Sophie and Krifka, Manfred},
  journal={Semantics and Pragmatics},
  volume={10},
  number={19},
pages = {1-51},
  year={2017},
doi = {10.3765/sp.10.19},
}

@unpublished{Lenth2024,
  title = {{emmeans: Estimated Marginal Means, aka Least-Squares Means}},
  author = {Russell V. Lenth},
  year = {2024},
  note = {R package version 1.10.2.090002},
  url = {https://rvlenth.github.io/emmeans/},
}

@article{esipova2021polar,
  title={Polar responses in {Russian} across modalities and across interfaces},
  author={Esipova, Maria},
  journal={Journal of Slavic Linguistics},
  volume={29},
  number={FASL 28 extra issue},
pages = {1-11},
doi = {10.1353/jsl.2021.a923057},
  year={2021}
}

@article{espinal2019response,
  title={Response systems: {The} syntax and semantics of fragment answers and response particles},
  author={Espinal, M. Teresa and Tubau, Susagna},
  journal={Annual Review of Linguistics},
  volume={5},
  pages={261--287},
  year={2019},
  doi = {10.1146/annurev-linguistics-011718-012613},
}

@InCollection{Geist.Repp2023,
  author    = {Ljudmila Geist and Sophie Repp},
  booktitle = {Advances in formal {Slavic} linguistics 2021},
  publisher = {Language Science Press},
  title     = {Responding to negative biased questions in {Russian}},
  year      = {2023},
  address   = {Berlin},
  editor    = {Petr Biskup and Marcel Börner and Olav Mueller-Reichau and Iuliia Shcher\-bina},
doi = {10.5281/zenodo.10123641},
  series    = {Open Slavic Linguistics},
number = {8},
pages = {145-177},
}

@Article{Goodhue2022,
  author  = {Daniel Goodhue},
  journal = {Natural Language Semantics},
  title   = {Isn't there more than one way to bias a polar question?},
  year    = {2022},
  number  = {4},
  pages   = {379-413},
  volume  = {30},
  owner   = {radeksimik},
  doi     = {10.1007/s11050-022-09198-2},
}

@Article{Goodhue.Wagner2018,
author = {Daniel Goodhue and Michael Wagner},
journal = {Glossa: a journal of general linguistics},
title = {Intonation, \emph{yes} and \emph{no}},
volume = {3},
number = {1},
pages = {5. 1--45},
year = {2018},
doi = {10.5334/gjgl.210},
}


@article{gruet2016yes,
  title={Yes or no, or how to answer a negative question},
  author={Gruet-Skrabalova, Hana},
  journal={Linguistica},
  volume={56},
number = {1},
  pages={127--142},
  year={2016},
doi = {10.4312/linguistica.56.1.127-142},
}

@InProceedings{Gruetskrabalova2015,
  author    = {Hana Gruet-Skrabalova},
  booktitle = {Slavic grammar from a formal perspective: {The} 10th Anniversary {FDSL} Conference},
  title     = {Verbs and particles in minimal answers to \textit{yes-no} questions in {Czech}},
  year      = {2015},
  address   = {Frankfurt am Main},
  editor    = {Gerhild Zybatow and Petr Biskup and Marcel Guhl and Claudia Hurtig and Olav Mueller-Reichau and Maria Yastrebova},
  pages     = {197-215},
  publisher = {Peter Lang},
  owner     = {radeksimik},
  timestamp = {2021-07-14},
}


@InProceedings{Gunlogson2002,
  author           = {Christine Gunlogson},
  booktitle        = {{SALT 12: Proceedings} from the 12th Conference on {Semantics and Linguistic Theory}},
  title            = {Declarative questions},
  year             = {2002},
  address          = {Ithaca, NY},
  editor           = {Brendan Jackson},
  pages            = {124-143},
  publisher        = {CLC Publications},
  creationdate     = {2022-02-14T17:59:55},
  modificationdate = {2022-02-14T18:01:04},
  owner            = {radeksimik},
  doi              = {10.3765/salt.v12i0.2860},
}

@InProceedings{Haussler.Juzek2017,
  author    = {Jana Häussler and Tom Juzek},
  booktitle = {{Proceedings of Linguistic Evidence 2016: Empirical, theoretical, and computational perspectives}},
  title     = {Hot topics surrounding acceptability judgment tasks},
  year      = {2017},
  editor    = {Sam Featherston and Robin Hörnig and Reinhild Steinberg and Birgit Umbreit and Jennifer Wallis},
  publisher = {University of T\"{u}bingen},
address = {Tübingen},
  owner     = {radeksimik},
  timestamp = {2021-07-15},
  doi       = {10.15496/publikation-19039},
}

@inproceedings{Kramer.Rawlins2011,
  title={Polarity particles: {An} ellipsis account},
  author={Kramer, Ruth and Rawlins, Kyle},
  booktitle={{NELS 39: Proceedings of the Thirty-Ninth Annual Meeting of the North East Lingusitic Society}},
  volume={2},
  pages={479--492},
  year={2011},
  publisher={GLSA Publications},
address = {Amherst, MA},
editor = {Suzi Lima and Kevin Mullin and Brian W. Smith},
}

@unpublished{kramer2012ellipsis,
  title={An ellipsis approach to answer particles in positive and negative contexts},
  author={Kramer, Ruth and Rawlins, Kyle},
  note={Presented in the Workshop on the Syntax of Answers to Polar Questions ({Newcastle University})},
  year={2012}
}

@InProceedings{krifka13,
  author           = {Manfred Krifka},
  booktitle        = {{SALT 23: Proceedings} from the 23rd Conference on {Semantics and Linguistic Theory}},
  title            = {Response particles as propositional anaphors},
  year             = {2013},
  address          = {Ithaca, NY},
  editor           = {Todd Snider},
  pages            = {1-18},
  publisher        = {CLC Publications},
  creationdate     = {2022-02-11T13:00:42},
  modificationdate = {2022-02-11T13:02:57},
  owner            = {radeksimik},
  doi              = {10.3765/salt.v23i0.2676},
}

@InProceedings{Liberman.Sag1974,
author = {Mark Liberman and Ivan Sag},
title = {Prosodic form and discourse function},
booktitle = {{CLS 10: Papers} from the tenth regional meeting of the {Chicago Linguistic Society}},
editors = {Robert A. Fox and Michael W. {La Galy} and Anthony Bruck},
publisher = {Chicago Linguistic Society},
address = {Chicago, IL},
pages = {416-427},
year = {1974},
}

@Article{Maldonado.Culbertson2023,
author = {Mora Maldonado and Jennifer Culbertson},
journal = {Glossa: a journal of general linguistics},
title = {\emph{You say yes, I say no}: {Investigating} the link between meaning and form in response particles},
volume = {8},
number = {1},
pages = {1--41},
year  = {2023},
doi = {10.16995/glossa.9185},
}

@Unpublished{rcore,
  author           = {{R {Core} {Team}}},
  note             = {{Vienna}: {R} {Foundation} for {Statistical} {Computing}},
  title            = {R: {A} language and environment for statistical computing},
  year             = {2021},
  modificationdate = {2022-06-07T21:19:24},
  owner            = {radeksimik},
  timestamp        = {2021-05-04},
  url              = {https://www.r-project.org},
}

@incollection{Repp2013,
	title = {Common ground management: {Modal} particles, illocutionary negation and verum},
	shorttitle = {Common ground management},
	booktitle = {Beyond expressives: {Explorations} in use-conditional meaning},
	publisher = {Brill},
	author = {Repp, Sophie},
	year = {2013},
 editor = {Daniel Gutzmann and Hans-Martin Gärtner},
	keywords = {to read, semantics, verum},
	pages = {231--274},
 doi = {10.1163/9789004183988_008},
}

@Article{roelofsen-farkas15,
  author           = {Floris Roelofsen and Donka F. Farkas},
  journal          = {Language},
  title            = {Polarity particle responses as a window onto the interpretation of questions and assertions},
  year             = {2015},
  number           = {2},
  pages            = {359-414},
  volume           = {91},
  creationdate     = {2022-02-11T12:53:57},
  modificationdate = {2022-02-11T12:55:36},
  owner            = {radeksimik},
  url              = {https://www.jstor.org/stable/24672234},
}

@unpublished{strachenko23,
  title = {{L-Rex Linguistic rating experiments [software], version 1.0.2}},
  author = {Alexej Starschenko and Marta Wierzba},
  year = {2023},
  note = {{GNU General Public License v3.0}},
  url = {https://github.com/2e2a/l-rex/}
}

@InProceedings{Ladd1981,
  author    = {Robert D. Ladd},
  booktitle = {{CLS} 17: {Papers} from the Seventeenth Regional Meeting of the {Chicago} {Linguistics} {Society}},
  title     = {A first look at the semantics and pragmatics of negative questions and tag questions},
  year      = {1981},
  address   = {Chicago, IL},
  editor    = {Roberta Hendrick and Carrie Masek and Mary Frances Miller},
  pages     = {164-171},
  publisher = {Chicago Linguistic Society},
}

@MastersThesis{Stankova2023,
  author  = {Anna Sta{\v{n}}ková},
  school  = {Charles University},
  title   = {The expression of speaker's bias in {Czech} polar questions},
  year    = {2023},
  address = {Praha},
}

@Article{Stankova.Simik2024,
author = {Anna Sta{\v{n}}ková and Radek Šimík},
title = {Negation in {Czech} polar questions},
journal = {Journal of Slavic Linguistics},
pubstate = {to appear},
}