@InCollection{fox07b,
  author   = {Fox, Danny},
  title    = {Free choice and the theory of scalar implicatures},
  pages    = {71--120},
  crossref = {sauerland07ed},
  keywords = {@class_pragmatics},
}

@InCollection{Cinque:2014,
  author    = {Cinque, Guglielmo},
  booktitle = {Functional Structure from Top to Toe: The Cartography of Syntactic Structures},
  title     = {Again on Tense, Aspect, Mood morpheme order and the ``{M}irror {P}rinciple''},
  editor    = {Svenonius, Peter},
  pages     = {232--265},
  publisher = {Oxford University Press},
  volume    = {9},
  address   = {Oxford, UK},
  keywords  = {head movement, cartography, SWpaper},
  year      = {2014},
}

@Article{chierchia1992,
  author     = {Chierchia, Gennaro},
  title      = {Anaphora and Dynamic Binding},
  doi        = {10.1007/BF00635805},
  number     = {2},
  pages      = {111--183},
  volume     = {15},
  bdsk-url-1 = {https://doi.org/10.1007/BF00635805},
  journal    = {Linguistics and Philosophy},
  year       = {1992},
}

@Article{Collins2005b,
  author  = {Collins, Chris},
  title   = {A smuggling approach to the passive in {English}},
  pages   = {81--120},
  volume  = {8},
  journal = {Syntax},
  year    = {2005},
}

@Book{cinque2006a,
  author    = {Cinque, Guglielmo},
  title     = {Restructuring and functional heads},
  number    = {4},
  publisher = {Oxford University Press},
  series    = {{The Cartography of Syntactic Structures}},
  address   = {Oxford},
  ids       = {Cinque2006},
  year      = {2006},
}

@Article{Collins2005a,
  author  = {Collins, Chris},
  title   = {A smuggling approach to raising in {English}},
  pages   = {289--298},
  volume  = {36},
  journal = {Linguistic Inquiry},
  year    = {2005},
}

@PhdThesis{Gokgoz.2013,
  author = {Gökgöz, Kadir},
  title  = {The nature of object marking in {American Sign Language}},
  school = {Purdue University},
  year   = {2013},
}

@InCollection{Harley:2004ue,
  author       = {Harley, Heidi},
  booktitle    = {{Proceedings of the 34th annual meeting of the North East Linguistic Society}},
  title        = {Merge, Conflation, and Head Movement: {{The First Sister Principle}} Revisited},
  editor       = {Moulton, Keir and Wolf, Matthew},
  publisher    = {{University of Massachusetts Amherst, GLSA}},
  address      = {Amherst},
  affiliation  = {University of Arizona},
  organization = {{University of Arizona}},
  rating       = {0},
  read         = {Yes},
  year         = {2004},
}

@Unpublished{Kratzer:2000,
  author     = {Kratzer, Angelika},
  title      = {The event argument and the semantics of verbs},
  note       = {Ms., University of Massachusetts at Amherst},
  url        = {https://semanticsarchive.net/Archive/GU1NWM4Z/},
  bdsk-url-1 = {https://semanticsarchive.net/Archive/GU1NWM4Z/},
  year       = {2003},
}

@InCollection{Quadros.DLM.2010,
  author    = {Müller de Quadros, Ronice and Diane Lillo-Martin},
  booktitle = {Sign languages: {A} {Cambridge} language survey},
  title     = {Clause structure},
  editor    = {Diane Brentari},
  publisher = {Cambridge University Press},
  year      = {2010},
}

@Article{Fischer.Gough.1978,
  author  = {Fischer, Susan and Bonnie Gough},
  title   = {Verbs in {American Sign Language}},
  pages   = {12--48},
  volume  = {7},
  journal = {Sign Language Studies},
  year    = {1978},
}

@Article{Bobaljik.2002,
  author  = {Jonathan D. Bobaljik},
  title   = {A-chains at the {PF}-interface: {C}opies and `covert' movement},
  pages   = {197--267},
  volume  = {20},
  journal = {Natural Language and Linguistic Theory},
  year    = {2002},
}

@Article{SigurTHsson:1992lj,
  author  = {Sigurðsson, Halldór Ármann},
  title   = {{Um beygingarsamr{\ae}mi og málkunnáttu [On agreement and language knowledge]}},
  pages   = {63--87},
  volume  = {14},
  journal = {{\'I}slenskt mál og almenn málfr{\ae}ði},
  year    = {1992},
}

@Article{oltra-massuet2005a,
  author  = {Oltra-Massuet, Isabel and Arregi, Karlos},
  title   = {Stress-by-structure in {Spanish}},
  pages   = {43--84},
  volume  = {36},
  journal = {Linguistic Inquiry},
  year    = {2005},
}

@Article{nicolae15b,
  author     = {Nicolae, Andreea C.},
  title      = {Questions with {NPI}s},
  doi        = {10.1007/s11050-014-9110-8},
  pages      = {21--76},
  volume     = {23},
  bdsk-url-1 = {https://doi.org/10.1007/s11050-014-9110-8},
  journal    = {Natural Language Semantics},
  year       = {2015},
}

@Article{Matushansky:2006,
  author   = {Matushansky, Ora},
  title    = {Head Movement in Linguistic Theory},
  number   = {1},
  pages    = {69--109},
  volume   = {37},
  journal  = {Linguistic Inquiry},
  keywords = {head movement, SWpaper},
  year     = {2006},
}

@Book{kuno1973,
  author    = {Kuno, Susumu},
  title     = {The structure of the {J}apanese language},
  publisher = {MIT Press},
  address   = {Cambridge},
  year      = {1973},
}

@InCollection{WurmbrandLohningerToAppear,
  author    = {Wurmbrand, Susi and Lohninger, Magdalena},
  booktitle = {{Propositional Arguments in Cross-Linguistic Research: Theoretical and Empirical Issues}},
  title     = {An implicational universal in complementation: {Theoretical} insights and empirical progress},
  editor    = {Hartmann, Jutta M. and Wöllstein, Angelika},
  publisher = {Mouton de Gruyter},
  address   = {Berlin},
  year      = {2019},
}

@Article{sells01a,
  author  = {Sells, Peter},
  title   = {Negative polarity licensing and interpretation},
  pages   = {3--22},
  volume  = {9},
  journal = {Harvard studies in {K}orean linguistics},
  year    = {2001},
}


@Book{Zubizarreta:1998,
  author    = {Zubizarreta, Maria Luisa},
  title     = {Prosody, Focus, and Word Order},
  pages     = {213},
  publisher = {MIT Press},
  series    = {Linguistic Inquiry Monographs},
  volume    = {33},
  address   = {Cambridge, Massachusetts},
  keywords  = {library},
  year      = {1998},
}

@Book{bovskovic1997syntax,
  author    = {Bošković, Željko},
  title     = {The syntax of nonfinite complementation: {A}n economy approach},
  number    = {32},
  publisher = {MIT Press},
  address   = {Cambridge, MA},
  year      = {1997},
}

@MastersThesis{caro2015a,
  author  = {Di Caro, Vincenzo Nicolò},
  title   = {Syntactic constructions with motion verbs in some {S}icilian dialects: {A} comparative analysis},
  address = {Venice},
  ids     = {DiCaro2015},
  school  = {{Ca' Foscari University of Venice}},
  year    = {2015},
}

@InCollection{aoyagi94,
  author    = {Aoyagi, Hiroshi and Ishii, Toru},
  booktitle = {Japanese/{K}orean Linguistics 4},
  title     = {On {NPI} licensing in {J}apanese},
  pages     = {295--311},
  publisher = {{CSLI} Publications},
  address   = {Stanford, Calif.},
  year      = {1994},
}

@Article{caro2015b,
  author  = {Di Caro, Vincenzo Nicolò and Giusti, Giuliana},
  title   = {A Protocol for the Inflected Construction in {S}icilian Dialects},
  pages   = {393--421},
  volume  = {49},
  journal = {Annali di Ca' Foscari. Serie occidentale},
  year    = {2015},
}

@Article{tanaka2002raising,
  author    = {Tanaka, Hidekazu},
  title     = {Raising to object out of {CP}},
  number    = {4},
  pages     = {637--652},
  volume    = {33},
  journal   = {Linguistic Inquiry},
  publisher = {MIT Press},
  year      = {2002},
}

@Book{Legate:2014,
  author    = {Legate, Julie Anne},
  title     = {Voice and v: Lessons from {A}cehnese},
  publisher = {{MIT} Press},
  address   = {Cambridge, MA},
  year      = {2014},
}

@InCollection{Selkirk1996,
  author    = {Selkirk, Elisabeth},
  booktitle = {Signal to syntax: {B}ootstrapping from speech to grammar in early acquisition},
  title     = {The prosodic structure of function words},
  editor    = {Morgan, J. L. and K. Demuth},
  note      = {2014},
  pages     = {187--214},
  publisher = {Psychology Press},
  address   = {New York/London},
  year      = {1996},
}

@InProceedings{homer08h,
  author     = {Homer, Vincent},
  booktitle  = {Semantics and Linguistic Theory},
  title      = {Disruption of {NPI} licensing: {T}he case of presuppositions},
  doi        = {10.3765/salt.v18i0.2483},
  pages      = {429--446},
  volume     = {18},
  bdsk-url-1 = {https://doi.org/10.3765/salt.v18i0.2483},
  year       = {2008},
}

@Article{miyagawa16a,
  author     = {Miyagawa, Shigeru and Nishioka, Nobuaki and Zeijlstra, Hedde},
  title      = {Negative sensitive items and the discourse-configurational nature of {J}apanese},
  doi        = {10.5334/gjgl.6},
  number     = {33},
  volume     = {1},
  bdsk-url-1 = {https://doi.org/10.5334/gjgl.6},
  journal    = {Glossa},
  year       = {2016},
}

@Article{Baker:1990,
  author   = {Baker, Mark C. and Hale, Ken},
  title    = {Relativized {M}inimality and Pronoun Incorporation},
  number   = {2},
  pages    = {289--297},
  volume   = {21},
  journal  = {Linguistic Inquiry},
  keywords = {functional categories, CLS},
  year     = {1990},
}

@Book{ArregiNevins2012,
  author    = {Arregi, Karlos and Andrew Nevins},
  title     = {Morphotactics: {{B}}asque auxiliaries and the structure of spellout},
  publisher = {Springer},
  address   = {Dordrecht},
  ids       = {arregi2012morphotactics, ArregiNevins12, arregi2012a},
  year      = {2012},
}

@PhdThesis{huang1982,
  author  = {Huang, C. T. James},
  title   = {Logical relations in {C}hinese and the theory of grammar},
  address = {Cambridge},
  school  = {Massachusetts Institute of Technology},
  year    = {1982},
}

@Article{Cinque:2005,
  author    = {Cinque, Guglielmo},
  title     = {Deriving {G}reenberg's {U}niversal 20 and Its Exceptions},
  number    = {3},
  pages     = {315--332},
  volume    = {36},
  journal   = {Linguistic Inquiry},
  keywords  = {VPpaper, SWpaper},
  local-url = {file://localhost/Users/kyle/Documents/Bookends/Attachments/*Linguistic%20Inquiry/36.3cinque.pdf},
  year      = {2005},
}

@Article{csener2008non,
  author  = {Şener, Serkan},
  title   = {Non-canonical case licensing is canonical: {A}ccusative subjects of {CPs in Turkish}},
  address = {University of Connecticut},
  journal = {Ms.},
  year    = {2008},
}

@InProceedings{yoshimura06a,
  author    = {Yoshimura, Keiko},
  booktitle = {Proceedings of the thirty-fourth {W}estern Conference On Linguistics},
  title     = {The semantics of focus particle \emph{shika} `only' in {J}apanese},
  editor    = {Bainbridge, Erin and Agbayani, Brian},
  pages     = {499--512},
  year      = {2006},
}

@Article{rizzi1976a,
  author  = {Rizzi, Luigi},
  title   = {Ristrutturazione},
  pages   = {1--54},
  volume  = {1},
  journal = {Rivista di grammatica generativa},
  year    = {1976},
}

@InCollection{helgadottir2012,
  author    = {Helgadóttir, Sigríður and Svavarsdóttir, Ásta and Rögnvaldsson, Eiríkur and Bjarnadóttir, Kristín and Loftsson, Hrafn},
  booktitle = {{Proceedings of the Workshop on Language Technology for Normalisation of Less-Resourced Languages (SALTMIL 8 -- AfLaT2012, Istanbul, Turkey)}},
  title     = {The {{Tagged Icelandic Corpus}} ({{M\'IM}})},
  editor    = {De Pauw, Guy AND de Schryver, Gilles-Maurice AND Forcada, Mikel L. AND Sarasola, Kepa AND M. Tyers, Francis AND Wagacha, Peter W.},
  pages     = {67--72},
  publisher = {European Language Resources Association},
  address   = {Paris},
  year      = {2012},
}

@Book{nishigauchi90,
  author     = {Nishigauchi, Taisuke},
  title      = {Quantification in the Theory of Grammar},
  doi        = {10.1007/978-94-009-1972-3},
  publisher  = {Kluwer Academic Publishers},
  address    = {Dordrecht, Netherlands},
  bdsk-url-1 = {https://doi.org/10.1007/978-94-009-1972-3},
  year       = {1990},
}

@InCollection{Koopman:2006zp,
  author    = {Koopman, Hilda},
  booktitle = {Agreement Systems},
  title     = {{Agreement configurations: In defense of ``Spec head''}},
  editor    = {Boeckx, Cedric},
  pages     = {159--199},
  publisher = {John Benjamins},
  address   = {Philadelphia},
  year      = {2006},
}

@Article{Wurmbrand:2008wc,
  author    = {Wurmbrand, Susi},
  title     = {Word Order and Scope in {{German}}},
  editor    = {Zwart, Jan-Wouter},
  pages     = {89--110},
  volume    = {46},
  address   = {{Groningen}},
  journal   = {Groninger Arbeiten zur Germanistischen Linguistik},
  local-url = {file://localhost/Users/Grunar\%201/Dropbox/Library.papers3/Files/BE/BE799767-C249-4EAB-B806-C9689F752A37.pdf},
  publisher = {{Groninger Arbeiten zur Germanistischen Linguistik}},
  rating    = {0},
  read      = {Yes},
  uri       = {papers3://publication/uuid/5F0D3846-2990-4DB5-8464-825421997079},
  year      = {2008},
}

@InCollection{boskovic2012,
  author    = {Bošković, Željko},
  booktitle = {Discourse and Grammar: {F}rom Sentence Types to Lexical Categories},
  title     = {On {NP}s and clauses},
  editor    = {Günther Grewendorf and Thomas Ede Zimmermann},
  pages     = {174--242},
  publisher = {Mouton de Gruyter},
  address   = {Berlin},
  year      = {2012},
}

@Book{IwasakiIngkaphirom2005,
  author    = {Iwasaki, Shoichi and Preeya Ingkaphirom},
  title     = {A Reference Grammar of {Thai}},
  publisher = {Cambridge University Press},
  address   = {Cambridge, UK},
  year      = {2005},
}

@InCollection{Chomsky:2015,
  author    = {Chomsky, Noam},
  booktitle = {Structures, Strategies and Beyond: {Studies} in honour of {A}driana {B}elletti},
  title     = {Problems of Projection: {Extensions}},
  editor    = {Di Domenico, Elisa and Hamann, Cornelia and Matteini, Simona},
  pages     = {1--16},
  publisher = {John Benjamins},
  address   = {Amsterdam},
  year      = {2015},
}

@Article{hein2020case,
  author    = {Hein, Johannes and Murphy, Andrew},
  title     = {{Case matching and syncretism in ATB-dependencies}},
  number    = {2},
  pages     = {254--302},
  volume    = {74},
  journal   = {Studia Linguistica},
  publisher = {Wiley Online Library},
  year      = {2020},
}

@Article{boskovic2014,
  author  = {Bošković, Željko},
  title   = {Now {I}'m a phase, now {I}'m not a phase: {O}n the variability of phases with extraction and ellipsis},
  number  = {1},
  pages   = {27--89},
  volume  = {45},
  ids     = {bo2014a, Boskovic14, bovskovic2014now},
  journal = {Linguistic Inquiry},
  year    = {2014},
}

@PhdThesis{zariquieybiondi2011,
  author = {Zariquiety Biondi, Roberto},
  title  = {A grammar of {K}ashibo-{K}akataibo},
  school = {Melbourne: La Trobe University},
  year   = {2011},
}

@Book{Grohmann:2003b,
  author    = {Grohmann, Kleanthes K.},
  title     = {Prolific Domains: On the Anti-Locality of Movement Dependencies},
  publisher = {John Benjamins},
  address   = {Amsterdam, The Netherlands},
  keywords  = {functional categories, VPpaper, SWpaper},
  year      = {2003},
}

@InProceedings{horn2000a,
  author    = {Horn, Laurence},
  booktitle = {Proceedings of the 15th Annual Conference of the {I}sraeli Association for Theoretical Linguistics},
  title     = {Any and (-)ever: {F}ree choice and free relatives},
  editor    = {Adam Z. Wynder},
  pages     = {71--111},
  year      = {2000},
}

@InCollection{rizzi1997,
  author    = {Luigi Rizzi},
  booktitle = {Elements of grammar: {H}andbook in generative syntax},
  title     = {The fine structure of the left periphery},
  editor    = {Liliane Haegeman},
  pages     = {281--337},
  publisher = {Kluwer Academic Publishers},
  address   = {Dordrecht},
  year      = {1997},
}

@InCollection{Bailyn2018,
  author    = {Bailyn, John F.},
  booktitle = {{Proceedings of FASL 24}},
  title     = {{Bulgarian} superiority and minimalist movement theory},
  editor    = {Yohei Oseki AND Masha Esipova AND Stephanie Harves},
  publisher = {Michigan Slavic Publications},
  address   = {Ann Arbor, MI},
  page      = {27--49},
  year      = {2018},
}

@Article{Lourenco.Wilbur.2018,
  author     = {Lourenço, Guilherme and Ronnie B. Wilbur},
  title      = {Are plain verbs really plain? {C}o-localization as the agreement marker in sign languages},
  doi        = {10.31009/FEAST.i2.06},
  pages      = {68--81},
  volume     = {2},
  bdsk-url-1 = {https://doi.org/10.31009/FEAST.i2.06},
  journal    = {FEAST. Formal and Experimental Advances in Sign language Theory},
  year       = {2018},
}

@Article{saito2008n,
  author    = {Saito, Mamoru and Lin, T-H Jonah and Murasugi, Keiko},
  title     = {N'-ellipsis and the structure of noun phrases in {C}hinese and {J}apanese},
  number    = {3},
  pages     = {247--271},
  volume    = {17},
  journal   = {Journal of East Asian Linguistics},
  publisher = {Springer},
  year      = {2008},
}

@Article{May1979,
  author  = {May, Robert},
  title   = {Must {COMP}-to-{COMP} movement be stipulated?},
  pages   = {719--725},
  volume  = {10},
  journal = {Linguistic Inquiry},
  year    = {1979},
}

@Article{King:1996,
  author   = {King, Tracy Holloway},
  title    = {Slavic Clitics, Long Head Movement, and Prosodic Inversion},
  number   = {3},
  pages    = {274--311},
  volume   = {4},
  journal  = {Journal of Slavic Linguistics},
  keywords = {head movement, VPpaper, SWpaper},
  year     = {1996},
}

@Article{fintel07a,
  author     = {von Fintel, Kai and Iatridou, Sabine},
  title      = {Anatomy of a modal construction},
  doi        = {10.1162/ling.2007.38.3.445},
  pages      = {445--483},
  volume     = {38},
  bdsk-url-1 = {https://doi.org/10.1162/ling.2007.38.3.445},
  journal    = {Linguistic Inquiry},
  year       = {2007},
}

@Article{hiraiwa2001multiple,
  author  = {Hiraiwa, Ken},
  title   = {Multiple agree and the defective intervention constraint in {J}apanese},
  number  = {40},
  pages   = {67--80},
  volume  = {40},
  journal = {MIT working papers in linguistics},
  year    = {2001},
}

@MastersThesis{bavsic2005nominal,
  author = {Bašic, Monika},
  title  = {Nominal subextractions and the structure of {NP}s in {S}erbian and {E}nglish},
  school = {Universitetet i Tromsø},
  year   = {2005},
}

@Book{rudin21986aspects,
  author    = {Rudin, Catherine},
  title     = {Aspects of {B}ulgarian syntax: {C}omplementizers and WH constructions},
  publisher = {Slavica Publishers},
  year      = {1986},
}

@Article{kiparsky2004a,
  author  = {Kiparsky, Paul},
  title   = {Blocking and periphrasis in inflectional paradigms},
  pages   = {113--135},
  journal = {Yearbook of Morphology},
  year    = {2005},
}

@Book{Bailyn2012,
  author    = {Bailyn, John F.},
  title     = {The Syntax of {Russian}},
  publisher = {Cambridge University Press},
  address   = {Cambridge},
  year      = {2012},
}

@InCollection{chomsky2001derivation,
  author    = {Chomsky, Noam},
  booktitle = {Ken Hale: {A} life in language},
  title     = {Derivation by phase},
  editor    = {Michael Kenstowicz},
  pages     = {1--52},
  publisher = {MIT Press},
  address   = {Cambridge, MA},
  year      = {2001},
}

@Article{joseph1976raising,
  author    = {Joseph, Brian D},
  title     = {Raising in {M}odern {G}reek: {A} copying process},
  pages     = {241--281},
  volume    = {2},
  address   = {Cambridge, MA},
  journal   = {Harvard studies in syntax and semantics},
  publisher = {Department of Linguistics, Harvard University},
  year      = {1976},
}

@InCollection{Donati:2006,
  author    = {Donati, Caterina},
  booktitle = {Wh-movement: {{moving}} on},
  title     = {On {W}h-movement},
  editor    = {Cheng, Lisa and Corver, Norbert},
  pages     = {21--46},
  publisher = {{MIT} Press},
  address   = {Cambridge, {MA}},
  keywords  = {SWpaper},
  year      = {2006},
}

@Article{bhatt2013locating,
  author    = {Bhatt, Rajesh and Walkow, Martin},
  title     = {{Locating agreement in grammar: An argument from agreement in conjunctions}},
  number    = {4},
  pages     = {951--1013},
  volume    = {31},
  journal   = {Natural Language \& Linguistic Theory},
  publisher = {Springer},
  year      = {2013},
}

@InCollection{Bejar:2008sw,
  author    = {Béjar, Susana},
  booktitle = {Phi Theory: {Phi}-Features across Modules and Interfaces},
  title     = {Conditions on Phi-{Agree}},
  editor    = {Harbour, Daniel and Adger, David and Béjar, Susana},
  pages     = {130--154},
  publisher = {Oxford University Press},
  address   = {Oxford},
  year      = {2008},
}

@Book{Thomson:1987bn,
  author    = {Thomson, Colin D.},
  title     = {Icelandic Inflections},
  publisher = {Buske},
  address   = {Hamburg},
  year      = {1987},
}

@Unpublished{Chomsky:2021,
  author   = {Chomsky, Noam},
  title    = {Genuine Explanations},
  note     = {Plenary Talk: WCCFL \url{https://www.youtube.com/watch?v=F6SbPKmVNVQ}},
  keywords = {head movement (0:54)},
  year     = {2021},
}

@Article{Bailyn2004,
  author  = {Bailyn, John F.},
  title   = {Generalized Inversion},
  number  = {1},
  pages   = {1--49},
  volume  = {22},
  journal = {Natural Language and Linguistic Theory},
  year    = {2004},
}

@Article{calabrese2014a,
  author  = {Calabrese, Andrea and Pescarini, Diego},
  title   = {Clitic metathesis in the {Friulian} dialect of {Forni di Sotto}},
  number  = {2},
  pages   = {275--308},
  volume  = {26},
  journal = {Probus},
  year    = {2014},
}

@PhdThesis{camargosouza2020switch,
  author = {Camargo Souza, Livia},
  title  = {Switch-reference as anaphora: {A} modular account},
  school = {Rutgers University},
  year   = {2020},
}

@Article{MP93a,
  author   = {John McCarthy and Alan Prince},
  title    = {Generalized alignment},
  pages    = {79--153},
  volume   = {12},
  journal  = {Yearbook of Morphology},
  keywords = {Morphology},
  year     = {1993},
}

@Article{bovskovic1997superiority,
  author    = {Bošković, Željko},
  title     = {Superiority effects with multiple wh-fronting in {S}erbo-{C}roatian},
  number    = {1},
  pages     = {1--20},
  volume    = {102},
  journal   = {Lingua},
  publisher = {Elsevier},
  year      = {1997},
}

@Article{Merchant2015,
  author  = {Merchant, Jason},
  title   = {How much context is enough? {T}wo cases of span-conditionned stem},
  number  = {2},
  pages   = {273--303},
  volume  = {46},
  journal = {Linguistic Inquiry},
  year    = {2015},
}

@InCollection{zwarts98a,
  author     = {Zwarts, Frans},
  booktitle  = {Plurality and Quantfication},
  title      = {Three types of polarity},
  doi        = {10.1007/978-94-017-2706-8_5},
  editor     = {Hamm, Fritz and Hinrichs, Erhard W.},
  pages      = {177--238},
  publisher  = {Kluwer},
  bdsk-url-1 = {https://doi.org/10.1007/978-94-017-2706-8_5},
  year       = {1998},
}

@Book{steever2019dravidian,
  author    = {Steever, Sanford B},
  title     = {The Dravidian Languages},
  publisher = {Routledge},
  year      = {2019},
}

@PhdThesis{valenzuela2003transitivity,
  author = {Valenzuela, Pilar M},
  title  = {Transitivity in {S}hipibo-{K}onibo grammar},
  school = {University of Oregon},
  year   = {2003},
}

@Article{Rudin1988,
  author  = {Rudin, Catherine},
  title   = {On multiple questions and multiple wh-fronting},
  pages   = {455--501},
  volume  = {6},
  journal = {Natural Language and Linguistic Theory},
  year    = {1988},
}

@Article{SigMin,
  author     = {Sigurðsson, Halldór Ármann},
  title      = {{Minimalist C/case}},
  number     = {2},
  pages      = {191--227},
  volume     = {43},
  bdsk-url-1 = {http://ling.auf.net/lingBuzz/000967},
  journal    = {Linguistic Inquiry},
  year       = {2012},
}

@InCollection{CardinalettiGiusti2001,
  author    = {Cardinaletti, Anna and Giuliana Giusti},
  booktitle = {Semi-lexical categories: {{O}}n the function of content words and the content of function words},
  title     = {Semi-lexical motion verbs in {Romance} and {Germanic}},
  editor    = {Norbert Corver and Henk van Riemsdijk},
  pages     = {371--414},
  publisher = {Mouton de Gruyter},
  address   = {Berlin},
  ids       = {cardinaletti2001a},
  year      = {2001},
}

@InCollection{pesetsky1987wh,
  author    = {David Pesetsky},
  booktitle = {The representation of (In)definiteness},
  title     = {Wh-in-situ: {Movement} and unselective binding},
  editor    = {Eric J. Reuland AND Alice ter Meulen},
  pages     = {98--129},
  publisher = {Cambridge University Press},
  address   = {Cambridge},
  year      = {1987},
}

@InCollection{may2017inverse,
  author    = {May, Robert and Bale, Alan},
  booktitle = {The {Wiley Blackwell} Companion to Syntax},
  title     = {Inverse linking},
  edition   = {2},
  editor    = {Martin Everaert and van Riemsdijk, Henk C.},
  publisher = {John Wiley \& Sons},
  year      = {2017},
}

@Article{crnic14a,
  author    = {Crnič, Luka},
  title     = {Non-monotonicity in {NPI} licensing},
  doi       = {10.1007/s11050-014-9104-6},
  pages     = {1--49},
  volume    = {22},
  journal   = {Natural Language Semantics},
  publisher = {Springer},
  year      = {2014},
}

@Article{BorsleyJaworska1988,
  author  = {Borsley, Robert and Jaworska, Ewa},
  title   = {A note on prepositions and Case marking in {Polish}},
  number  = {4},
  pages   = {685--691},
  volume  = {19},
  journal = {Linguistic Inquiry},
  year    = {1988},
}

@PhdThesis{podobryaev2014persons,
  author = {Podobryaev, Alexander},
  title  = {Persons, imposters, and monsters},
  school = {Massachusetts Institute of Technology},
  year   = {2014},
}

@InCollection{Mor00,
  author    = {Edith Moravcsik},
  booktitle = {Morphology: {A}n international handbook on inflection and word-formation},
  title     = {Infixation},
  editor    = {Geert Booij},
  pages     = {545--552},
  publisher = {Walter de Gruyter},
  volume    = {1},
  address   = {Berlin},
  keywords  = {Infixation},
  year      = {2000},
}

@Misc{murphy2020left,
  author     = {Murphy, Andrew},
  title      = {Left-branch extraction and remnant movement},
  note       = {Unpublished manuscript, University of Chicago.},
  url        = {http://www.andrewmurphy.de/articles/lberem.pdf},
  bdsk-url-1 = {http://www.andrewmurphy.de/articles/lberem.pdf},
  year       = {2020},
}

@Article{calabrese2015a,
  author  = {Calabrese, Andrea},
  title   = {Irregular Morphology and Athematic Verbs in {Italo-Romance}},
  number  = {1},
  pages   = {61--93},
  volume  = {2},
  journal = {Isogloss},
  year    = {2015},
}

@Article{Pak16,
  author   = {Marjorie Pak},
  title    = {Optimizing by accident: \textit{A/an} allomorphy and glottal stop},
  editor   = {Patrick Farrell},
  number   = {12},
  pages    = {1--13},
  volume   = {1},
  journal  = {Proceedings of the {L}inguistic {S}ociety of {A}merica},
  keywords = {Allomorphy},
  year     = {2016},
}

@Book{Boskovic1997,
  author    = {Bošković, Željko},
  title     = {The syntax of nonfinite complementation: {{A}}n economy approach},
  publisher = {MIT Press},
  address   = {Cambridge, MA},
  sortname  = {Boskovic, Zeljko},
  year      = {1997},
}

@Book{squartini1998a,
  author    = {Squartini, Mario},
  title     = {Verbal periphrases in {Romance}},
  publisher = {Mouton de Gruyter},
  address   = {Berlin},
  year      = {1998},
}

@InProceedings{heim2000,
  author    = {Heim, Irene},
  booktitle = {Proceedings of {Semantics} and {Linguistic} {Theory} 10},
  title     = {Degree operators and scope},
  editor    = {Jackson, B. and Matthews, T.},
  pages     = {40--64},
  publisher = {CLC Publications},
  address   = {Cornell University, Ithaca, NY},
  year      = {2000},
}

@Book{Todaro1989,
  author    = {Tatiana Todaro},
  title     = {Cunti e storie: {La} tradizione orale a {Campi} {Salentina}},
  publisher = {Regione Puglia},
  year      = {1989},
}

@Article{Pereltsvaig2021,
  author  = {Pereltsvaig, Asya},
  title   = {The {OVS} order in {R}ussian: Where are the {O} and the {VP}?},
  number  = {Proceedings of {FASL} 28},
  volume  = {29},
  journal = {{Journal of Slavic Linguistics}},
  year    = {2021},
}

@InProceedings{Horwood02,
  author    = {Graham Horwood},
  booktitle = {Proceedings of {WCCFL} 21},
  title     = {Precedence Faithfulness Governs Morpheme Position},
  editor    = {Line Mikkelsen and Chris Potts},
  pages     = {166--179},
  publisher = {Cascadilla Press},
  address   = {Somerville, MA},
  keywords  = {Infixation},
  year      = {2002},
}

@InProceedings{kawamori01a,
  author    = {Kawamori, Masahito and Ikeya, Akira},
  booktitle = {Proceedings of the 15th {Pacific Asia} Conference on Language, Information and Computation},
  title     = {Japanese negative polarity items and negative concord},
  pages     = {85--96},
  publisher = {Chinese and Oriental Languages Information Processing Society},
  url       = {http://hdl.handle.net/2065/12103},
  year      = {2001},
}

@Book{baker2015case,
  author    = {Baker, Mark C.},
  title     = {Case: {Its} principles and its parameters},
  number    = {146},
  publisher = {Cambridge: Cambridge University Press},
  year      = {2015},
}

@Book{cooper2013quantification,
  author    = {Cooper, Robin},
  title     = {Quantification and syntactic theory},
  publisher = {Springer},
  year      = {2013},
}

@Article{lowenstamm1996cv,
  author    = {Lowenstamm, Jean},
  title     = {CV as the only syllable type},
  pages     = {419--441},
  volume    = {2},
  journal   = {Current trends in phonology: Models and methods},
  publisher = {ESRI Salford},
  year      = {1996},
}

@Book{Landau:2000,
  author    = {Landau, Idan},
  title     = {Elements of Control: {Structure} and Meaning in Infinitival Constructions},
  publisher = {Kluwer},
  address   = {Dordrecht},
  year      = {2000},
}

@InCollection{Chomsky:2001mh,
  author    = {Chomsky, Noam},
  booktitle = {Ken {Hale}: {A} Life in Language},
  title     = {Derivation by phase},
  editor    = {Kenstowicz, Michael},
  pages     = {1--52},
  publisher = {MIT Press},
  address   = {Cambridge, MA},
  year      = {2001},
}

@Article{Guilfoyle:1992,
  author   = {Guilfoyle, Eithne and Hung, Henrietta and Travis, Lisa deMena},
  title    = {Spec of {IP} and Spec of {VP}: {Two} Subjects in {A}ustronesian Languages},
  number   = {3},
  pages    = {375--414},
  volume   = {10},
  journal  = {Natural Language and Linguistic Theory},
  keywords = {CJL2020, SWpaper},
  year     = {1992},
}

@InCollection{CardinalettiGiusti2019,
  author    = {Cardinaletti, Anna and Giuliana Giusti},
  booktitle = {Linguistic Variations: {{S}}tructure and Interpretation. {{S}}tudies in Honor of {M. Rita Manzini}},
  title     = {Multiple agreement in southern {Italian} dialects},
  editor    = {Ludovico Franco and Paolo Lorusso},
  pages     = {125--147},
  publisher = {Mouton De Gruyter},
  address   = {Berlin},
  ids       = {cardinaletti2019a},
  year      = {2019},
}

@PhdThesis{Hendricks99,
  author   = {Sean Quillan Hendricks},
  title    = {Reduplication without template constraints: A study in bare-consonant reduplication},
  keywords = {Morphology},
  school   = {The University of Arizona},
  year     = {1999},
}

@InProceedings{Dowty:1986,
  author    = {Dowty, David},
  booktitle = {Proceedings of {ESCOL} 86},
  title     = {A note on Collective Predicates, Distributive Predicates and \textit{All}},
  pages     = {97--115},
  year      = {1987},
}

@InCollection{Rizzi:2006ti,
  author    = {Rizzi, Luigi},
  booktitle = {Wh-Movement: {{Moving on}}},
  title     = {On the Form of Chains: {{Criterial}} Positions and {{ECP}} Effects},
  editor    = {Cheng, Lisa Lai-Shen and Corver, Norbert},
  pages     = {97--133},
  publisher = {{MIT Press}},
  address   = {{Cambridge, MA}},
  local-url = {file://localhost/Users/Grunar\%201/Dropbox/Library.papers3/Files/60/6059ACA9-DFEE-4875-B988-C5585CB45E94.pdf},
  rating    = {0},
  read      = {Yes},
  uri       = {papers3://publication/uuid/4F14F386-797A-4086-BC13-3F1E2A3A1134},
  year      = {2006},
}

@InProceedings{citko1998multiple,
  author    = {Citko, Barbara},
  booktitle = {Proceedings of the {A}nnual {W}orkshop on {F}ormal {A}pproaches to {S}lavic {L}inguistics: {T}he {C}onnecticut {M}eeting 1997},
  title     = {On multiple wh movement in {S}lavic},
  editor    = {Zeljko Boskovic and Steven Franks and William Snyder},
  pages     = {97--113},
  publisher = {Michigan Slavic Publications},
  address   = {Ann Arbor, MI},
  year      = {1998},
}

@InCollection{Schutze:2003mh,
  author     = {Schütze, Carson T.},
  booktitle  = {{Grammatik i fokus/Grammar in focus: Festschrift for Christer Platzack}},
  title      = {{Syncretism and double agreement with Icelandic nominative objects}},
  editor     = {Delsing, Lars-Olof and Falk, Cecilia and Josefsson, Gunlög and Sigurðsson, Halldór Ármann},
  pages      = {295--303},
  publisher  = {Department of Scandinavian Languages},
  volume     = {II},
  address    = {Lund},
  bdsk-url-1 = {http://citeseerx.ist.psu.edu/viewdoc/download?doi=10.1.1.2.2452&rep=rep1&type=pdf},
  year       = {2003},
}

@Article{rudin1988multiple,
  author    = {Rudin, Catherine},
  title     = {On multiple questions and multiple wh fronting},
  number    = {4},
  pages     = {445--501},
  volume    = {6},
  journal   = {Natural Language \& Linguistic Theory},
  publisher = {Springer},
  year      = {1988},
}

@PhdThesis{takahashi2011,
  author  = {Masahiko Takahashi},
  title   = {Some theoretical consequences of {C}ase-marking in {J}apanese},
  address = {Storrs},
  school  = {University of Connecticut},
  year    = {2011},
}

@InProceedings{bondarenko2017ecm,
  author    = {Bondarenko, Tatiana},
  booktitle = {Proceedings of {WAFL} 12},
  title     = {{ECM} in {B}uryat and the optionality of movement},
  editor    = {Leyla Zidani-Ero\u{G}lu AND Matthew H. Ciscel AND Elena Koulidobrova},
  number    = {83},
  pages     = {31--42},
  publisher = {{MIT Working Papers in Linguistics}},
  address   = {Cambridge, MA},
  year      = {2017},
}

@Article{citko2005nature,
  author  = {Citko, Barbara},
  title   = {{On the nature of merge: External merge, internal merge, and parallel merge}},
  number  = {4},
  pages   = {475--496},
  volume  = {36},
  journal = {Linguistic Inquiry},
  year    = {2005},
}

@Book{Faarlund:2004,
  author    = {Faarlund, Jan Terje},
  title     = {The Syntax of {{Old Norse}}: {{With}} a Survey of Inflectional Morphology and a Complete Bibliography},
  publisher = {{Oxford University Press}},
  address   = {{Oxford}},
  rating    = {0},
  uri       = {papers3://publication/uuid/5EEC2292-C7DB-46A9-9438-0879BCC5006A},
  year      = {2004},
}

@Unpublished{heim2006,
  author     = {Heim, Irene},
  title      = {Remarks on Comparative Clauses as Generalized Quantifiers},
  url        = {https://semanticsarchive.net/Archive/mJiMDBlN/},
  bdsk-url-1 = {https://semanticsarchive.net/Archive/mJiMDBlN/},
  year       = {2006},
}

@Article{Hicks2009,
  author  = {Hicks, Glyn},
  title   = {Tough-Constructions and their derivation},
  pages   = {535--566},
  volume  = {40},
  journal = {Linguistic Inquiry},
  year    = {2009},
}

@Article{moskal2016towards,
  author  = {Moskal, Beata and Smith, Peter W.},
  title   = {Towards a theory without adjacency: {H}yper-contextual {VI}-rules},
  number  = {3},
  pages   = {295--312},
  volume  = {26},
  journal = {Morphology},
  year    = {2016},
}

@Article{Landau:2016,
  author     = {Landau, Idan},
  title      = {Against a null comitative analysis of partial control},
  doi        = {10.1162/LING_a_00222},
  number     = {3},
  pages      = {572--580},
  volume     = {47},
  bdsk-url-1 = {https://doi.org/10.1162/LING_a_00222},
  journal    = {Linguistic Inquiry},
  year       = {2016},
}

@InCollection{OConnor:2013wz,
  author    = {O'Connor, Catherine and Maling, Joan and Skarabela, Barbora},
  booktitle = {Morphosyntactic Categories and the Expression of Possession},
  title     = {Nominal Categories and the Expression of Possession: {{A}} Cross-Linguistic Study of Probabilistic Tendencies and Categorial Constraints},
  editor    = {Börjars, Kersti and Denison, David and Scott, Alan},
  pages     = {89--121},
  publisher = {{John Benjamins}},
  address   = {Amsterdam},
  local-url = {file://localhost/Users/Grunar\%201/Dropbox/Library.papers3/Files/98/98A1FB88-8523-4DE8-BF06-3DD6C0E2A056.pdf},
  rating    = {0},
  read      = {Yes},
  uri       = {papers3://publication/uuid/FF92197E-79D0-49B2-89DA-A86B511F3C10},
  year      = {2013},
}

@Book{Postal1971,
  author    = {Postal, Paul},
  title     = {Cross-over phenomena},
  publisher = {Holt, Rinehart and Winston},
  address   = {New York},
  year      = {1971},
}

@InCollection{pesetsky2007,
  author     = {Pesetsky, David and Torrego, Esther},
  booktitle  = {Phrasal and Clausal Architecture: {{Syntactic}} Derivation and Interpretation. {{In}} Honor of {{Joseph E}}. {{Emonds}}},
  title      = {The Syntax of Valuation and the Interpretability of Features},
  doi        = {10.1075/la.101.14pes},
  editor     = {Karimi, Simin and Samiian, Vida and Wilkins, Wendy K.},
  pages      = {262--294},
  publisher  = {{John Benjamins}},
  address    = {{Amsterdam}},
  bdsk-url-1 = {https://doi.org/10.1075/la.101.14pes},
  year       = {2007},
}

@Article{Sigurdsson:2006wn,
  author    = {Sigurðsson, Halldór Ármann},
  title     = {The {{Icelandic}} noun phrase: {{Central}} traits},
  pages     = {193--236},
  volume    = {121},
  journal   = {Arkiv för nordisk filologi},
  local-url = {file://localhost/Users/Grunar\%201/Dropbox/Library.papers3/Articles/2006/Sigur\%C3\%B0sson/2006\%20Sigur\%C3\%B0sson-2.pdf},
  rating    = {0},
  read      = {Yes},
  uri       = {papers3://publication/uuid/C3582BB6-1C59-4F18-BF42-53D5D22561B6},
  year      = {2006},
}


@Article{arregi2019mark,
  author  = {Arregi, Karlos and Hanink, Emily},
  title   = {Switch reference as index agreement},
  pages   = {651--702},
  volume  = {40},
  journal = {Natual Language and Linguistic Theory},
  year    = {2022},
}

@Article{gajewski11a,
  author  = {Gajewski, Jon},
  title   = {Licensing strong {NPI}s},
  doi     = {10.1007/s11050-010-9067-1},
  pages   = {109--148},
  volume  = {19},
  journal = {Natural Language Semantics},
  year    = {2011},
}

@Article{Pereltsvaig2008,
  author  = {Pereltsvaig, Asya},
  title   = {Split phrases in colloquial {Russian}},
  pages   = {5--38},
  volume  = {62},
  journal = {Studia Linguistica},
  year    = {2008},
}

@Book{Brentari.1998,
  author    = {Diane Brentari},
  title     = {A prosodic model of sign language phonology},
  publisher = {MIT Press},
  year      = {1998},
}

@Article{Dekany:2018,
  author   = {Dékány, Éva},
  title    = {Approaches to head movement: {A} critical assessment.},
  doi      = {10.5334/gjgl.316},
  number   = {1},
  volume   = {3},
  journal  = {Glossa},
  keywords = {SWpaper},
  year     = {2018},
}

@InCollection{sauerland05f,
  author     = {Sauerland, Uli},
  booktitle  = {Proceedings of {Sinn und Bedeutung} 9},
  title      = {Don't Interpret Focus! Why a presuppositional account of focus fails and how a presuppositional account of givenness works},
  doi        = {10.18148/sub/2005.v9i0.775},
  editor     = {Maier, Emar and Bary, Corien and Huitink, Janneke},
  pages      = {370--384},
  publisher  = {Radboud University Nijmegen},
  address    = {Nijmegen},
  bdsk-url-1 = {https://doi.org/10.18148/sub/2005.v9i0.775},
  year       = {2005},
}

@Article{Schmitt:2019a,
  author     = {Schmitt, Viola},
  title      = {Cumulation across attitudes and plural projection},
  doi        = {10.1093/jos/ffaa008},
  number     = {4},
  pages      = {557--609},
  volume     = {37},
  bdsk-url-1 = {https://doi.org/10.1093/jos/ffaa008},
  journal    = {Journal of {Semantics}},
  year       = {2020},
}

@Article{yatsushiro09b,
  author     = {Yatsushiro, Kazuko},
  title      = {The distribution of quantificational suffixes in {J}apanese},
  doi        = {10.1007/s11050-009-9044-8},
  pages      = {141--172},
  volume     = {17},
  bdsk-url-1 = {https://doi.org/10.1007/s11050-009-9044-8},
  journal    = {Natural Language Semantics},
  year       = {2009},
}

@Article{fong2019proper,
  author    = {Fong, Suzana},
  title     = {Proper movement through {S}pec-{CP}: {A}n argument from hyperraising in {M}ongolian},
  number    = {1},
  pages     = {1--42},
  volume    = {4},
  journal   = {Glossa: {A Journal of General Linguistics}},
  publisher = {Ubiquity Press},
  year      = {2019},
}

@Unpublished{Haslinger:2020d,
  author = {Haslinger, Nina and Schmitt, Viola},
  title  = {Abstraction and traces in the plural projection mechanism},
  note   = {Ms. {U}niversity of G\"{o}ttingen, University of Graz},
  year   = {2020},
}

@Book{TakahashiFunakoshi2013,
  author    = {Takahashi, Masahiko and Kenshi Funakoshi},
  title     = {On {PP} left branch extraction in {Japanese}},
  publisher = {UPenn Working Papers in Linguistics},
  address   = {In Proceedings of the 36th Annuαl Penn Linguistic Colloquium, ed. K. Shwayder, 237-246. Philadelphia},
  year      = {2013},
}

@Article{KalinIP,
  author  = {Laura Kalin},
  title   = {Infixes really are (underlyingly) prefixes/suffixes: {E}vidence from allomorphy on the fine timing of infixation},
  number  = {4},
  pages   = {641--682},
  volume  = {98},
  journal = {Language},
  year    = {2022},
}

@InCollection{cardinaletti2003a,
  author    = {Cardinaletti, Anna and Giusti, Giuliana},
  booktitle = {The syntax of {I}talian dialects},
  title     = {Motion verbs as functional heads},
  editor    = {Tortora, Cristina},
  pages     = {31--49},
  publisher = {Oxford University Press},
  address   = {Oxford \& New York},
  year      = {2003},
}

@Article{Vicente:2009,
  author   = {Vicente, Luis},
  title    = {An Alternative to Remnant Movement for Partial Predicate Fronting},
  number   = {2},
  pages    = {158--191},
  volume   = {12},
  journal  = {Syntax},
  keywords = {VP-fronting, SWpaper},
  year     = {2009},
}


@Article{Stanton20,
  author  = {Stanton, Juliet},
  title   = {Allomorph selection precedes phonology: {E}vidence from the {Y}indjibarndi locative},
  number  = {4},
  pages   = {1317--1352},
  volume  = {40},
  journal = {Natural Language and Linguistic Theory},
  year    = {2022},
}

@InCollection{jeong2003deriving,
  author    = {Jeong, Youngmi},
  booktitle = {Multiple Wh-Fronting},
  title     = {Deriving anti-superiority effects: {M}ultiple wh-questions in {J}apanese and {K}orean},
  editor    = {Boeckx, Cedric and Grohmann, Kleanthes K.},
  pages     = {131--140},
  publisher = {John Benjamins Publishing},
  address   = {Amsterdam},
  year      = {2003},
}

@Article{Cheng:2007um,
  author    = {Cheng, Lisa Lai-Shen and Downing, Laura J.},
  title     = {The prosody and syntax of {{Zulu}} relative clauses},
  pages     = {51--63},
  volume    = {15},
  journal   = {SOAS Working Papers in Linguistics},
  local-url = {file://localhost/Users/Grunar\%201/Dropbox/Library.papers3/Files/4D/4D976241-DF1A-4371-B1E4-7CA4961C4D3E.pdf},
  rating    = {0},
  read      = {Yes},
  uri       = {papers3://publication/uuid/DC61C3DF-BB79-449D-9CA0-6103F6EFB552},
  year      = {2007},
}

@Article{Stepanov2007,
  author  = {Stepanov, Arthur},
  title   = {The end of {CED}? {{M}}inimalism and extraction domains},
  number  = {1},
  pages   = {80--126},
  volume  = {10},
  journal = {Syntax},
  year    = {2007},
}

@InProceedings{Hagstrom:2000,
  author    = {Hagstrom, Paul},
  booktitle = {Proceedings of the {N}orth {E}ast {L}inguistic {S}ociety},
  title     = {The movement of question particles},
  editor    = {Hirotani, Masako and Coetzee, Andries and Hall, Nancy and Kim, Ji-yung},
  pages     = {275--286},
  publisher = {Graduate Linguistic Student Association},
  address   = {Rutgers University},
  keywords  = {SWpaper},
  year      = {2000},
}

@Book{Richards:2001a,
  author    = {Richards, Norvin},
  title     = {Movement in language: {Interactions} and architectures},
  pages     = {326},
  publisher = {Oxford University Press},
  address   = {Oxford},
  keywords  = {library},
  year      = {2001},
}

@Book{Roberts:2010,
  author    = {Roberts, Ian},
  title     = {Agreement and Head Movement: {Clitics}, Incorporation, and Defective Goals},
  publisher = {MIT Press},
  keywords  = {SWpaper},
  year      = {2010},
}

@InCollection{Anderson:1990sm,
  author    = {Anderson, Stephen R.},
  booktitle = {{Modern Icelandic syntax}},
  title     = {{The grammar of Icelandic verbs in \textit{-st}}},
  editor    = {Maling, Joan and Zaenen, Annie},
  pages     = {235--273},
  publisher = {Academic Press},
  address   = {New York},
  year      = {1990},
}

@InCollection{Hagstrom:2004,
  author    = {Hagstrom, Paul},
  booktitle = {Clause Structure in {S}outh {A}sian Languages},
  title     = {Particle movement in {S}inhala and {J}apanese},
  editor    = {Dayal, Veneeta Srivastav and Mahajan, Anoop},
  pages     = {227--252},
  publisher = {Kluwer Publications},
  address   = {Dordrecht},
  keywords  = {SWpaper},
  year      = {2004},
}

@Book{Riemsdijk1978,
  author    = {van Riemsdijk, Henk},
  title     = {A case study in syntactic markedness: {{T}}he binding nature of prepositional phrases},
  publisher = {Peter de Ridder Press},
  address   = {Lisse},
  year      = {1978},
}

@InCollection{Rizzi:2001a,
  author    = {Rizzi, Luigi},
  booktitle = {The Handbook of Contemporary Syntactic Theory},
  title     = {Relativized minimality effects},
  editor    = {Baltin, Mark and Collins, Chris},
  pages     = {89--110},
  publisher = {Blackwell Publishers Ltd},
  address   = {Oxford, UK},
  keywords  = {SWpaper},
  year      = {2001},
}

@Article{bovskovic2002multiple,
  author    = {Bošković, Željko},
  title     = {On multiple wh-fronting},
  number    = {3},
  pages     = {351--383},
  volume    = {33},
  journal   = {Linguistic Inquiry},
  publisher = {MIT Press},
  year      = {2002},
}

@InProceedings{csener2011null,
  author    = {Şener, Nilüfer Gültekin and Şener, Serkan},
  booktitle = {Proceedings of {WAFL}7},
  title     = {Null subjects and indexicality in {T}urkish and {U}yghur},
  editor    = {Andrew Simpson},
  pages     = {269--284},
  publisher = {Massachussetts Institute of Technology},
  address   = {Cambridge, MA},
  year      = {2011},
}

@Article{wiltschko1997d,
  author  = {Wiltschko, Martina},
  title   = {D-Linking, scrambling und superiority in {G}erman},
  number  = {41},
  pages   = {107--142},
  journal = {GAGL: Groninger Arbeiten zur germanistischen Linguistik},
  year    = {1997},
}

@Article{Calabrese12,
  author  = {Andrea Calabrese},
  title   = {Allomorphy in the {I}talian passato remoto: {A} {D}istributed {M}orphology analysis},
  pages   = {1--75},
  volume  = {18},
  ids     = {calabrese2012a},
  journal = {Language and Information Society},
  year    = {2012},
}

@InCollection{newell2018re,
  author    = {Newell, Heather and Noonan, Maire},
  booktitle = {Heading in the right direction: Linguistic treats for Lisa deMena Travis},
  title     = {A Re-portage on spanning: {F}eature Portaging and Non-Terminal Spell-Out},
  editor    = {Laura Kalin and Ileana Paul and Jozina Vander Klok and Francesco Gentile and Jeff Lamontagne},
  number    = {1},
  publisher = {McGill Working Papers in Linguistics},
  volume    = {25},
  address   = {Montreal, QC},
  year      = {2018},
}

@Article{Braze.2004,
  author  = {Braze, David},
  title   = {Aspectual inflection, verb raising and object fronting in {American Sign Language}},
  pages   = {29--58},
  volume  = {114},
  journal = {Lingua},
  year    = {2004},
}

@InCollection{bye2012a,
  author    = {Bye, Patrik and Svenonius, Peter},
  booktitle = {The morphology and phonology of exponence},
  title     = {Non-concatenative morphology as epiphenomenon},
  editor    = {Trommer, Jochen},
  number    = {41},
  pages     = {427--495},
  publisher = {Oxford University Press},
  series    = {Oxford studies in theoretical linguistics},
  address   = {Oxford},
  year      = {2012},
}

@PhdThesis{calabrese1988a,
  author  = {Calabrese, Andrea},
  title   = {Towards a theory of phonological alphabets},
  address = {Cambridge, MA},
  school  = {Massachusetts Institute of Technology},
  year    = {1988},
}

@InCollection{Chomsky:1995uq,
  author    = {Chomsky, Noam},
  booktitle = {Evolution and Revolution in Linguistic Theory: {{Essays}} in Honor of {{Carlos Otero}}},
  title     = {Bare Phrase Structure},
  editor    = {Campos, Héctor and Kempchinsky, Paul},
  pages     = {51--109},
  publisher = {{Georgetown University Press}},
  address   = {{Washington, D.C.}},
  local-url = {file://localhost/Users/Grunar\%201/Dropbox/Library.papers3/Books/1995/Chomsky/1995\%20Chomsky.pdf},
  rating    = {0},
  read      = {Yes},
  uri       = {papers3://publication/uuid/EB5822CC-CFC9-43B2-88F6-DF36E6FF8C1B},
  year      = {1995},
}

@Misc{Embick1997,
  author = {Embick, David},
  title  = {Voice and the Interfaces of Syntax},
  note   = {Doctoral dissertation, University of Pennsylvania.},
  year   = {1997},
}

@Article{BittnerHale1996,
  author  = {Bittner, Maria and Ken Hale},
  title   = {The structural determination of case and agreement},
  number  = {1},
  pages   = {1--68},
  volume  = {27},
  journal = {Linguistic inquiry},
  year    = {1996},
}

@Book{Brody.1995,
  author    = {Michael Brody},
  title     = {Lexico-Logical Form: {A} radically {Minimalist} theory},
  publisher = {MIT Press},
  year      = {1995},
}

@Book{ChomskyHalle68,
  author    = {Noam Chomsky and Morris Halle},
  title     = {The sound pattern of {E}nglish},
  publisher = {Harper and Row},
  address   = {New York},
  keywords  = {Phonology},
  year      = {1968},
}

@InCollection{Kenesei2005,
  author    = {Kenesei, István},
  booktitle = {Approaches to {Hungarian} 9},
  title     = {Nonfinite clauses in derived nominals},
  editor    = {Christopher Pi{\~n}ón and Péter Siptár},
  pages     = {161--186},
  publisher = {Akadémiai Kiadó},
  address   = {Budapest},
  sortname  = {Kenesei, Istvan},
  year      = {2005},
}

@Article{Langendoen:1978,
  author  = {Langendoen, D. Terence},
  title   = {The logic of reciprocity},
  number  = {2},
  pages   = {177--197},
  volume  = {9},
  journal = {Linguistic Inquiry},
  year    = {1978},
}

@Article{hirsch16b,
  author  = {Hirsch, Aron},
  title   = {An unexceptional semantics for expressions of exception},
  pages   = {Article 16},
  url     = {http://repository.upenn.edu/pwpl/vol22/iss1/16},
  volume  = {22},
  journal = {University of Pennsylvania Working Papers in Linguistics},
  year    = {2016},
}

@Article{yoon2007raising,
  author    = {Yoon, James H},
  title     = {Raising of major arguments in {K}orean and {J}apanese},
  number    = {3},
  pages     = {615--653},
  volume    = {25},
  journal   = {Natural Language \& Linguistic Theory},
  publisher = {Springer},
  year      = {2007},
}

@InCollection{Keenan:2000,
  author    = {Keenan, Edward L.},
  booktitle = {Formal Issues in {A}ustronesian Linguistics},
  title     = {Morphology is Structure: {A} {M}alagasy Test Case},
  editor    = {Paul, Ileana and Phillips, Vivianne and Travis, Lisa deMena},
  pages     = {27--48},
  publisher = {Kluwer Academic Publishers},
  keywords  = {CLS, CJL2020, SWpaper},
  year      = {2000},
}

@InCollection{nunes2009brazilian,
  author    = {Nunes, Jairo},
  booktitle = {Minimalist {E}ssays on {B}razilian {P}ortuguese Syntax},
  title     = {Brazilian {P}ortuguese under minimalist lenses},
  editor    = {Nunes, Jairo},
  pages     = {3--14},
  publisher = {John Benjamins},
  address   = {Amsterdam/ Philadelphia},
  year      = {2009},
}

@PhdThesis{SigurTHsson:1989dm,
  author = {Sigurðsson, Halldór Ármann},
  title  = {{Verbal syntax and case in Icelandic}},
  school = {{Lund University}},
  year   = {1989},
}

@Book{Rad81,
  author    = {Ramaswami Radhakrishnan},
  title     = {The {N}ancowry word: {P}honology, affixal morphology and roots of a {N}icobarese language},
  publisher = {Linguistic Research},
  address   = {Carbondale, Illinois},
  keywords  = {Infixation},
  year      = {1981},
}

@InCollection{ledgeway2015a,
  author    = {Ledgeway, Adam},
  booktitle = {Syntax over Time},
  title     = {Reconstructing complementizer-drop in the dialects of {S}alento: {A} syntactic or phonological phenomenon?},
  editor    = {Biberauer, Theresa and Walkden, George},
  pages     = {146--162},
  publisher = {Oxford University Press},
  address   = {Oxford},
  year      = {2015},
}

@Unpublished{leehorn1994,
  author = {Lee, Young-Suk and Horn, Laurence},
  title  = {\textit{Any} as Indefinite plus \textit{even}},
  note   = {{Ms. Yale University}},
  year   = {1994},
}

@Article{shimoyama06,
  author     = {Shimoyama, Junko},
  title      = {Indeterminate Phrase Quantification in {J}apanese},
  doi        = {10.1007/s11050-006-0001-5},
  pages      = {139--173},
  volume     = {14},
  bdsk-url-1 = {https://doi.org/10.1007/s11050-006-0001-5},
  journal    = {Natural Language Semantics},
  year       = {2006},
}

@Article{Steriade88,
  author   = {Donca Steriade},
  title    = {Reduplication and Syllable Transfer in {S}anskrit and Elsewhere},
  number   = {1},
  pages    = {73--155},
  volume   = {5},
  journal  = {Phonology},
  keywords = {Morphology},
  year     = {1988},
}

@Book{williams2002representation,
  author    = {Williams, Edwin},
  title     = {Representation theory},
  publisher = {MIT Press},
  year      = {2002},
}

@Article{SandS2014,
  author  = {Shklovsky, Kirill and Sudo, Yasutada},
  title   = {The syntax of monsters},
  number  = {3},
  pages   = {381--402},
  volume  = {45},
  journal = {{L}inguistic {I}nquiry},
  type    = {Journal Article},
  year    = {2014},
}

@Article{SigEPP,
  author  = {Sigurðsson, Halldór Ármann},
  title   = {{On EPP effects}},
  number  = {2},
  pages   = {159--189},
  volume  = {64},
  journal = {Studia Linguistica},
  year    = {2010},
}

@Article{baker2020agree,
  author  = {Baker, Mark C. and Souza, Livia Camargo},
  title   = {Agree without agreement: {Switch}-reference and reflexive voice in two {P}anoan languages},
  pages   = {1--62},
  volume  = {38},
  journal = {Natural Language \& Linguistic Theory},
  year    = {2020},
}

@PhdThesis{Caha2009,
  author = {Caha, Pavel},
  title  = {The Nanosyntax of case},
  school = {University of Tromsø.},
  year   = {2009},
}

@Article{Brody1993,
  author  = {Brody, Michael},
  title   = {Theta-Theory and Arguments},
  number  = {1},
  pages   = {1--23},
  volume  = {24},
  journal = {Linguistic Inquiry},
  year    = {1993},
}

@InCollection{Ottosson:2008b,
  author    = {Ottósson, Kjartan},
  booktitle = {Grammatical Change and Linguistic Theory: {The} {Rosendal} Papers},
  title     = {{The diffusion of systemic changes through the inflectional system: {Evidence} from person-number inflection in the Nordic languages and German}},
  editor    = {Eythórsson, Thórhallur},
  pages     = {329--356},
  publisher = {John Benjamins},
  address   = {Philadelphia},
  year      = {2008},
}

@Book{bybee1994a,
  author    = {Bybee, Joan and Perkins, Revere and Pagliuca, William},
  title     = {The evolution of grammar: {T}ense, aspect and modality in the languages of the world},
  publisher = {University of Chicago Press},
  address   = {Chicago},
  year      = {1994},
}

@Book{Josefsson:1997te,
  author    = {Josefsson, Gunlög},
  title     = {On the Principles of Word Formation in {{Swedish}}},
  publisher = {{Lund University Press}},
  address   = {{Lund}},
  year      = {1997},
}

@Article{polinsky2001long,
  author    = {Polinsky, Maria and Potsdam, Eric},
  title     = {Long-distance agreement and topic in {T}sez},
  number    = {3},
  pages     = {583--646},
  volume    = {19},
  journal   = {Natural Language \& Linguistic Theory},
  publisher = {Springer},
  year      = {2001},
}

@Article{manzini2017a,
  author  = {Manzini, M. Rita and Lorusso, Paolo and Savoia, Leonardo M.},
  title   = {\textit{a/bare} finite complements in {Southern} {Italian} varieties: {Mono}-clausal or bi-clausal syntax?},
  pages   = {11--59},
  volume  = {3},
  journal = {Quaderni di Linguistica e Studi Orientali},
  year    = {2017},
}

@PhdThesis{DiCaro2019,
  author  = {Di Caro, Vincenzo Nicolò},
  title   = {Multiple agreement constructions in {Southern Italo-Romance}: {The} syntax of {Sicilian} pseudo-coordination},
  address = {Venice},
  ids     = {caro2019a},
  school  = {{Ca' Foscari University of Venice}},
  year    = {2019},
}

@PhdThesis{Corver1990,
  author = {Corver, Norbert},
  title  = {The syntax of left branch extractions},
  school = {Tilburg University},
  year   = {1990},
}

@Article{Magnusson:1984ue,
  author    = {Magnússon, Friðrik},
  title     = {Um Innri Ger\dh{} Nafnli\dh a í \'Islensku},
  pages     = {81--111},
  volume    = {6},
  journal   = {\'Islenskt mál og almenn málfr\ae\dh i},
  local-url = {file://localhost/Users/Grunar\%201/Dropbox/Library.papers3/Articles/1984/Magn\%C3\%BAsson/\%C3\%8Dslenskt\%20m\%C3\%A1l\%20og\%20almenn\%20m\%C3\%A1lfr\%C3\%A6\%C3\%B0i\%201984\%20Magn\%C3\%BAsson.pdf},
  rating    = {0},
  read      = {Yes},
  uri       = {papers3://publication/uuid/E81BB216-8323-4846-B3B1-9D0BD5B33507},
  year      = {1984},
}

@Book{Julien:2005wh,
  author    = {Julien, Marit},
  title     = {Nominal Phrases from a {{Scandinavian}} Perspective},
  publisher = {{John Benjamins}},
  address   = {{Amsterdam}},
  local-url = {file://localhost/Users/Grunar\%201/Dropbox/Library.papers3/Files/23/23AA6DA0-D3BB-4773-BE16-774C89B3B822.pdf},
  rating    = {0},
  read      = {Yes},
  uri       = {papers3://publication/uuid/65EF1F62-0621-4D2A-ACA4-ECC115D53AFA},
  year      = {2005},
}

@PhdThesis{Wolf08,
  author   = {Matthew Wolf},
  title    = {Optimal Interleaving: {S}erial phonology-morphology interaction in a constraint-based model},
  keywords = {Infixation},
  school   = {University of Massachusetts Amherst},
  year     = {2008},
}

@InCollection{Corver1992,
  author    = {Corver, Norbert},
  booktitle = {Proceedings of the 22nd Annual Meeting of the {North East Linguistic Society}},
  title     = {On deriving certain left branch extraction asymmetries: {{A}} case study in parametric syntax},
  editor    = {Kimberley Broderick},
  pages     = {67--84},
  publisher = {University of Massachusetts, Graduate Linguistic Student Association},
  address   = {Amherst},
  year      = {1992},
}

@Article{oxford2019inverse,
  author    = {Oxford, Will},
  title     = {{Inverse marking and Multiple Agree in Algonquin}},
  number    = {3},
  pages     = {955--996},
  volume    = {37},
  journal   = {Natural Language \& Linguistic Theory},
  publisher = {Springer},
  year      = {2019},
}

@InCollection{DiCaro2018,
  author    = {Di Caro, Vincenzo Nicolò},
  booktitle = {{Italian} dialectology at the interfaces},
  title     = {The Inflected Construction in the dialects of {Sicily}: {{P}}arameters of microvariation},
  editor    = {Silvio Cruschina AND Adam Ledgeway and Eva-Maria Remberger},
  pages     = {63--78},
  publisher = {John Benjamins},
  address   = {Amsterdam},
  ids       = {caro2018a},
  sortname  = {Di Caro, Vincenzo Nicolo},
  year      = {2018},
}

@Article{ross1980,
  author  = {Ross, John R.},
  title   = {No Negatives in \textit{than}-Clauses, More Often Than Not},
  issue   = {1},
  pages   = {119--123},
  volume  = {4},
  journal = {Studies in Language},
  year    = {1980},
}

@InCollection{Kucerova:2007nn,
  author    = {Kučerová, Ivona},
  booktitle = {{Proceedings of the {34th Western Conference on Linguistics}}},
  title     = {{Agreement in Icelandic: {An} argument for derivational theory of intervention effects}},
  editor    = {Bainbridge, Erin and Agbayani, Brian},
  pages     = {272--284},
  publisher = {University of California},
  address   = {Fresno},
  year      = {2007},
}

@Article{dendikken2017predication,
  author    = {Den Dikken, Marcel},
  title     = {Predication in the syntax of hyperraising and copy raising},
  number    = {1},
  pages     = {3--43},
  volume    = {64},
  journal   = {Acta Linguistica Academica},
  publisher = {Akadémiai Kiadó},
  year      = {2017},
}

@InCollection{Chomsky:2001a,
  author    = {Chomsky, Noam},
  booktitle = {Ken {H}ale: {A} Life in Linguistics},
  title     = {Derivation by Phase},
  editor    = {Kenstowicz, Michael},
  pages     = {1--52},
  publisher = {MIT Press},
  address   = {Cambridge},
  year      = {2001},
}

@PhdThesis{Ingason:2016wv,
  author    = {Ingason, Anton Karl},
  title     = {Realizing Morphemes in the {{Icelandic}} Noun Phrase},
  type      = {{{PhD}} Dissertation},
  address   = {{Philadelphia, PA}},
  local-url = {file://localhost/Users/Grunar\%201/Dropbox/Library.papers3/Files/A5/A5F671BE-49C5-4707-BB21-F844FBD1D379.pdf},
  rating    = {0},
  read      = {Yes},
  school    = {University of Pennsylvania},
  uri       = {papers3://publication/uuid/2C61A780-C645-4A42-ACDC-9955E318DFE3},
  year      = {2016},
}

@Unpublished{Christopoulos2018,
  author = {Christopoulos, Christos},
  title  = {Re-stricting the locality of contextual allomorphy},
  note   = {Ms., University of Connecticut.},
  ids    = {christopoulos2018a},
  year   = {2018},
}

@Article{Larson:2021,
  author  = {Larson, Richard K.},
  title   = {Rethinking cartography},
  number  = {2},
  pages   = {245--268},
  volume  = {97},
  journal = {Language},
  year    = {2021},
}

@InCollection{dayal2013,
  author    = {Dayal, Veneeta},
  booktitle = {Alternatives in Semantics},
  title     = {A viability constraint on alternatives for free choice},
  editor    = {F{\u a}l{\u a}u{\c s}, Anamaria},
  pages     = {88--122},
  publisher = {Palgrave Macmillan},
  series    = {Palgrave Studies in Pragmatics, Language and Cognition 19},
  address   = {London},
  year      = {2013},
}

@InCollection{heck2007,
  author    = {Heck, Fabian and Müller, Gereon},
  booktitle = {Proceedings of the {34th Western Conference on Linguistics}},
  title     = {Extremely Local Optimization},
  editor    = {Erin Bainbridge and Brian Agbayani},
  pages     = {170--183},
  publisher = {California State University},
  address   = {Fresno},
  langid    = {english},
  year      = {2007},
}

@InProceedings{Liddell.1977,
  author    = {Liddell, Scott},
  booktitle = {Proceedings of the {First National Symposium in Sign Language Research and Teaching}},
  title     = {Non-Manual Signals in {American Sign Language}: {A} Many Layered System},
  editor    = {W. C. Stokoe},
  pages     = {193--228},
  publisher = {National Association of the Deaf},
  address   = {Silver Spring},
  year      = {1977},
}

@PhdThesis{Noyer92,
  author   = {Rolf Noyer},
  title    = {Features, positions and affixes in autonomous morphological structure},
  address  = {Cambridge, MA},
  ids      = {noyer1992a},
  keywords = {Morphology},
  school   = {Massachusetts Institute of Technology},
  year     = {1992},
}

@InCollection{ChristopoulosPetrosino2017,
  author    = {Christopoulos, Christos and Roberto Petrosino},
  booktitle = {Proceedings of the 35th {West Coast Conference in Formal Linguistics}},
  title     = {{Greek} root-allomorphy without spans},
  editor    = {Wm. G. Bennett AND Lindsay Hracs AND Dennis Ryan Storoshenko},
  pages     = {151--160},
  publisher = {Cascadilla Proceedings Project},
  address   = {Somerville, MA},
  ids       = {christopoulos2017a},
  year      = {2017},
}

@PhdThesis{bruening2001syntax,
  author = {Bruening, Benjamin},
  title  = {Syntax at the edge: {C}ross-clausal phenomena and the syntax of {P}assamaquoddy},
  school = {Massachusetts Institute of Technology},
  year   = {2001},
}

@Book{Diesing1992,
  author    = {Diesing, Molly},
  title     = {Indefinites},
  publisher = {MIT Press},
  address   = {Cambridge, MA},
  year      = {1992},
}

@Article{Kim10,
  author   = {Yuni Kim},
  title    = {Phonological and morphological conditions on affix order in {H}uave},
  number   = {1},
  pages    = {133--163},
  volume   = {20},
  journal  = {Morphology},
  keywords = {Morphology},
  year     = {2010},
}

@Article{carminati2002,
  author     = {Carminati, Maria Nella and Frazier, Lyn and Reyner, Keith},
  title      = {Bound variables and c‐command},
  doi        = {10.1093/jos/19.1.1},
  number     = {1},
  pages      = {1--34},
  volume     = {19},
  bdsk-url-1 = {https://doi.org/10.1093/jos/19.1.1},
  journal    = {Journal of Semantics},
  year       = {2002},
}

@Article{Schmitt:2019,
  author     = {Viola Schmitt},
  title      = {Pluralities across categories and plural projection},
  doi        = {10.3765/sp.12.17},
  pages      = {69--138},
  volume     = {12},
  bdsk-url-1 = {http://dx.doi.org/10.3765/sp.12.17},
  journal    = {Semantics and Pragmatics},
  year       = {2019},
}

@InProceedings{dayal2009,
  author    = {Dayal, Veneeta},
  booktitle = {{Universals} and Variation: {Proceedings} of {GLOW} in {Asia VII}},
  title     = {Variation in {English} Free Choice Items},
  editor    = {Mohanty, Rajat and Menon, Mythili},
  pages     = {237--256},
  publisher = {{The English and Foreign Languages University Press}},
  address   = {Hyderabad},
  year      = {2009},
}

@PhdThesis{Trommer01,
  author   = {Jochen Trommer},
  title    = {Distributed Optimality},
  keywords = {Morphology},
  school   = {Universität Potsdam},
  year     = {2001},
}

@Article{BiberauerHR.2014,
  author  = {Biberauer, Theresa and Anders Holmberg and Ian Roberts},
  title   = {A syntactic universal and its consequences},
  number  = {2},
  pages   = {169--225},
  volume  = {45},
  journal = {Linguistic Inquiry},
  year    = {2014},
}

@InCollection{wurmbrand2014gisli,
  author    = {Wurmbrand, Susi},
  booktitle = {Complex {{Visibles Out There}}: {{Proceedings}} of the {{Olomuc Linguistics Colloquium}}},
  title     = {Restructuring across the World},
  editor    = {Veselovská, Ludmila and Janebová, Markéta},
  pages     = {275--294},
  publisher = {{Palack\'y University}},
  address   = {{Olomuc}},
  year      = {2014},
}

@Article{dayal2004,
  author    = {Dayal, Veneeta},
  title     = {The universal force of free choice \textit{any}},
  number    = {1},
  pages     = {5--40},
  volume    = {4},
  journal   = {{Linguistic Variation Yearbook}},
  publisher = {John Benjamins},
  year      = {2004},
}

@Book{loporcaro1997,
  author    = {Loporcaro, Michele},
  title     = {L'origine del raddoppiamento fonosintattico: {Saggio} di fonologia diacronica romanza},
  publisher = {Francke Verlag},
  address   = {Basel},
  ids       = {michele1997a},
  year      = {1997},
}

@Book{Adamec1966,
  author    = {Adamec, Přemysl},
  title     = {Porjadok slov v sovremennom russkom jazyke},
  publisher = {Academia},
  address   = {Praha},
  year      = {1966},
}

@Article{FranksProgovac1994,
  author  = {Franks, Steven. and Progovac, Ljiljana},
  title   = {On the placement of {S}erbo-{C}roatian clitics},
  pages   = {69--78},
  volume  = {7},
  journal = {Indiana Linguistic Studies},
  year    = {1994},
}

@InCollection{Chierchia:1989,
  author    = {Gennaro Chierchia},
  booktitle = {Semantics and Contextual Expression},
  title     = {Anaphora and Attitudes De Se},
  editor    = {Bartsch, R. and van Benthem, J. and van Emde Boas, P.},
  pages     = {1--31},
  publisher = {Foris},
  address   = {Dordrecht},
  year      = {1989},
}

@InProceedings{BF16,
  author    = {Hezekiah Akiva Bacovcin and Aaron Freeman},
  booktitle = {Proceedings of the Forty-Sixth Annual Meeting of the {North East Linguistic Society}},
  title     = {Infixation, integration, and phonological cycles: {Evidence} from {A}kkadian verbal morphology},
  editor    = {Chris Hammerly and Brandon Prickett},
  number    = {2},
  pages     = {51--58},
  publisher = {{MIT} {P}ress},
  address   = {Cambridge, MA},
  keywords  = {Morphology, Infixation},
  year      = {2016},
}

@Article{okubo2013,
  author  = {Okubo, Tatsuhiro},
  title   = {Two types of compounds in {{Distributed Morphology}}},
  pages   = {147--158},
  volume  = {32},
  journal = {Tsukuba English Studies},
  year    = {2013},
}

@Book{rizzi1990a,
  author    = {Rizzi, Luigi},
  title     = {Relativized Minimality},
  publisher = {MIT Press},
  address   = {Cambridge, MA},
  year      = {1990},
}

@Article{brody1995hungarian,
  author  = {Brody, Michael},
  title   = {Hungarian focus and bare checking theory},
  volume  = {340},
  journal = {Arbeitspapiere des Sonderforschungsbereichs},
  year    = {1995},
}

@Article{Ernst2007,
  author  = {Ernst, Thomas},
  title   = {On the role of semantics in a theory of adverb syntax},
  number  = {6},
  pages   = {1008--1033},
  volume  = {117},
  journal = {Lingua},
  year    = {2007},
}

@Book{Liddell.1980,
  author    = {Liddell, Scott},
  title     = {{American Sign Language} syntax},
  publisher = {Mouton De Gruyter},
  address   = {The Hague},
  year      = {1980},
}

@PhdThesis{Levin:2015,
  author   = {Levin, Ted},
  title    = {Licensing without Case},
  type     = {Ph{D} dissertation},
  keywords = {case, Malagasy, CLS, CJL2020},
  school   = {{MIT}},
  year     = {2015},
}

@Article{encreve1983liaison,
  author  = {Encrevé, Pierre},
  title   = {La liaison sans encha{\^\i}nement},
  number  = {1},
  pages   = {39--66},
  volume  = {46},
  journal = {Actes de la recherche en sciences sociales},
  year    = {1983},
}

@InCollection{Taraldsen:1995om,
  author    = {Taraldsen, Knut Tarald},
  booktitle = {Studies in comparative {Germanic} syntax},
  title     = {On agreement and nominative objects in {Icelandic}},
  editor    = {Haider, Hubert and Olsen, Susan and Vikner, Sten},
  note      = {{Papers presented at the 7th workshop on comparative {G}ermanic syntax, held at the University of Stuttgart in November 1991}},
  pages     = {307--327},
  publisher = {Kluwer},
  address   = {Dordrecht},
  year      = {1995},
}

@Misc{alonso-ovalle04a,
  author       = {Alonso-Ovalle, Luis and Hirotani, Masako},
  title        = {A negative concord exceptive: {J}apanese \emph{sika}},
  howpublished = {Poster, NELS 35},
  year         = {2004},
}

@Article{hamblin1973,
  author  = {Hamblin, Charles Leonhard},
  title   = {Questions in {M}ontague {E}nglish},
  pages   = {41--53},
  volume  = {10},
  journal = {Foundations of Language},
  year    = {1973},
}

@Article{krifka1998a,
  author  = {Krifka, Manfred},
  title   = {Additive particles under stress},
  pages   = {111--128},
  volume  = {8},
  journal = {Semantics and Linguistic Theory},
  year    = {1998},
}

@Article{bonet2019,
  author     = {Bonet, Eulàlia and Cheng, Lisa Lai-Shen and Downing, Laura J. and Mascaró, Joan},
  title      = {{{(In)direct}} reference in the phonology-syntax interface under phase theory: {A} response to ``{{Modular PIC}}" ({{D}}'{{Alessandro}} and {{Scheer}} 2015)},
  doi        = {10.1162/ling_a_00324},
  number     = {4},
  pages      = {751--777},
  volume     = {50},
  bdsk-url-1 = {https://doi.org/10.1162/ling_a_00324},
  journal    = {Linguistic Inquiry},
  year       = {2019},
}

@InProceedings{arregi2018a,
  author    = {Arregi, Karlos and Pietraszko, Asia},
  booktitle = {Proceedings of the {Linguistic Society of America}},
  title     = {Generalized Head Movement},
  editor    = {Farrell, Patrick},
  number    = {5},
  pages     = {1--15},
  publisher = {Linguistic Society of America},
  volume    = {3},
  address   = {Washington, DC},
  year      = {2018},
}

@InCollection{hoeksema05m,
  author    = {Hoeksema, Jack},
  booktitle = {Rejected papers: {F}eestbundel voor {Ron van Zonnevel}},
  title     = {\emph{In days, weeks, months, years, ages}: {A} class of temporal negative polarity items},
  editor    = {Gilbers, Dicky and Hendriks, Petra},
  pages     = {72--85},
  publisher = {University of Groningen},
  address   = {Groningen, Netherlands},
  year      = {2005},
}

@InCollection{Cruschina2013,
  author    = {Cruschina, Silvio},
  booktitle = {The boundaries of pure morphology: {{D}}iachronic and synchronic perspectives},
  title     = {Beyond the stem and inflectional morphology: {{A}}n irregular pattern at the level of periphrasis},
  editor    = {Silvio Cruschina AND Martin Maiden and John C. Smith},
  pages     = {262--283},
  publisher = {Oxford University Press},
  address   = {Oxford},
  ids       = {cruschina2013a},
  year      = {2013},
}

@PhdThesis{Quadros.1999,
  author = {Müller de Quadros, Ronice},
  title  = {Phrase structure of {Brazilian Sign Language}},
  school = {Pontifícia Universidade Católica do Rio Grande do Sul},
  year   = {1999},
}

@Book{Siddiqi:2009tm,
  author    = {Siddiqi, Daniel},
  title     = {Syntax within the {{Word}}: {{Economy}}, Allomorphy and Argument Selection in {{Distributed Morphology}}},
  publisher = {{John Benjamins}},
  address   = {{Amsterdam}},
  local-url = {file://localhost/Users/Grunar\%201/Dropbox/Library.papers3/Files/92/9289C611-DD3F-4337-9B3F-E9CDF62658D1.pdf},
  rating    = {0},
  read      = {Yes},
  uri       = {papers3://publication/uuid/9DE7A1C0-6C4F-47FA-A209-702F5A235BE1},
  year      = {2009},
}

@Article{Boskovic1997a,
  author   = {Bošković, Željko},
  title    = {Superiority effects with multiple wh-fronting in {S}erbo-{Croatian}},
  number   = {1},
  pages    = {1--20},
  volume   = {102},
  journal  = {Lingua},
  sortname = {Boszkovicz, Zzeljko},
  year     = {1997},
}

@InCollection{todaro2018a,
  author    = {Todaro, Giuseppina and Prete, Fabio Del},
  booktitle = {Italian dialectology at the interfaces},
  title     = {The morphosyntax-semantics interface and the {S}icilian {Doubly Inflected Construction}},
  editor    = {Cruschina, Silvio and Ledgeway, Adam and Remberger, Eva-Maria},
  pages     = {131--154},
  publisher = {John Benjamins},
  address   = {Amsterdam},
  year      = {2018},
}

@Article{Cohn92,
  author   = {Abigail C. Cohn},
  title    = {The consequences of dissimilation in {S}undanese},
  number   = {2},
  pages    = {199--220},
  volume   = {9},
  journal  = {Phonology},
  keywords = {Infixation},
  year     = {1992},
}

@InCollection{alexiadou1999raising,
  author    = {Alexiadou, Artemis and Anagnostopoulou, Elena},
  booktitle = {{Proceedings of WCCFL 18}},
  title     = {Raising without infinitives and the nature of agreement},
  editor    = {Sonya Bird AND Andrew Carnie AND Jason D. Haugen and Peter Norquest},
  pages     = {14--26},
  publisher = {Cascadilla Press},
  address   = {Somerville, MA},
  year      = {1999},
}

@Book{ManziniSavoia2005,
  author    = {Manzini, M. Rita and Leonardo M. Savoia},
  title     = {I dialetti italiani e romanci: {Morfosintassi} generativa},
  publisher = {Edizioni dell'Orso},
  address   = {Alessandria},
  ids       = {manzini2005a},
  year      = {2005},
}

@Article{mcfadden2018aba,
  author  = {McFadden, Thomas},
  title   = {*ABA in stem-allomorphy and the emptiness of the nominative},
  number  = {1},
  pages   = {1--36},
  volume  = {3},
  journal = {Glossa: a journal of general linguistics},
  year    = {2018},
}

@Article{Alderete99,
  author   = {John Alderete and Jill Beckman and Laura Benua and Amalia Gnanadesikan and John McCarthy and Suzanne Urbanczyk},
  title    = {Reduplication with fixed segmentism},
  number   = {3},
  pages    = {327--364},
  volume   = {30},
  journal  = {Linguistic Inquiry},
  keywords = {Morphology},
  year     = {1999},
}

@Article{Matsuoka.1997,
  author  = {Matsuoka, Kazumi},
  title   = {Verb raising in {American Sign Language}},
  number  = {2--3},
  pages   = {127--149},
  volume  = {103},
  journal = {Lingua},
  year    = {1997},
}

@Book{josefsson1998,
  author    = {Josefsson, Gunlög},
  title     = {Minimal words in a minimal syntax},
  publisher = {{John Benjamins}},
  address   = {{Amsterdam}},
  year      = {1998},
}

@InCollection{rivero1991exceptional,
  author    = {Rivero, María Luisa},
  booktitle = {New Analyses in {Romance Linguistics}},
  title     = {Exceptional Case Marking effects in {R}umanian subjunctive complements},
  editor    = {Dieter Wanner and Douglas A. Kibbee},
  pages     = {273--298},
  publisher = {John Benjamins},
  address   = {Amsterdam},
  year      = {1991},
}

@incollection{FanselowCavar2002,
  author    = {Gisbert Fanselow and Damir Ćavar},
  title     = {Distributed deletion},
  publisher = {John Benjamins},
  editor    = {Artemis Alexiadou},
  location  = {Amsterdam},
  pages     = {65-107},
  booktitle = {Theoretical approaches to universals},
  year      = {2002},
}

@Book{may1985logical,
  author    = {May, Robert and Keyser, Samuel Jay},
  title     = {Logical form: {I}ts structure and derivation},
  publisher = {MIT press},
  year      = {1985},
}

@InCollection{chierchia2004,
  author    = {Chierchia, Gennaro},
  booktitle = {Structures and Beyond},
  title     = {Scalar implicatures, polarity phenomena and the syntax/pragmatics interface},
  editor    = {Belletti, Adriana},
  pages     = {39--103},
  publisher = {Oxford University Press},
  address   = {Oxford},
  year      = {2004},
}

@Book{chierchia2013,
  author    = {Chierchia, Gennaro},
  title     = {{Logic} in {Grammar}: {Polarity}, Free Choice and Intervention},
  publisher = {Oxford University Press},
  year      = {2013},
}

@Book{Mor77,
  author    = {Edith Moravcsik},
  title     = {On rules of infixing},
  publisher = {Indiana University Linguistics Club},
  address   = {Bloomington, IN},
  keywords  = {Morphology},
  year      = {1977},
}

@Unpublished{chierchia2011,
  author = {Chierchia, Gennaro},
  title  = {Meaning as an Inferential System: {P}olarity and Free Choice Phenomena},
  note   = {Ms., Harvard University},
  year   = {2011},
}

@InCollection{neubarth2017,
  author    = {Neubarth, Friedrich},
  booktitle = {11-11-17: {F}estschrift für {M}artin {P}rinzhorn},
  title     = {Universal weak {NPIs}: {Is} there ever freedom of choice?},
  editor    = {Mayr, Clemens and Williams, Edwin},
  pages     = {211--218},
  publisher = {Wiener Linguistische Gazette 82},
  year      = {2017},
}

@Book{Chomsky:1995,
  author    = {Chomsky, Noam},
  title     = {The Minimalist Program},
  pages     = {420},
  publisher = {MIT Press},
  address   = {Cambridge, Massachusetts},
  keywords  = {functional categories, SWpaper},
  year      = {1995},
}

@Article{pietraszko2016a,
  author  = {Pietraszko, Asia},
  title   = {The syntax of simple and compound tenses in {N}debele},
  number  = {18},
  pages   = {1--15},
  volume  = {1},
  journal = {Proceedings of the Linguistics Society of America},
  year    = {2016},
}

@InCollection{Pearson:2000,
  author    = {Pearson, Matthew},
  booktitle = {The Derivation of {VO} and {OV}},
  title     = {Two types of {VO} languages},
  editor    = {Peter Svenonius},
  pages     = {327--363},
  publisher = {John Benjamins},
  address   = {Amsterdam, The Netherlands},
  keywords  = {VPpaper, SWpaper},
  year      = {2000},
}

@Article{huang1982move,
  author    = {Huang, C. T. James},
  title     = {Move wh in a language without wh-movement},
  number    = {4},
  pages     = {369--416},
  volume    = {1},
  journal   = {The {L}inguistic {R}eview},
  publisher = {Walter de Gruyter, Berlin/New York},
  year      = {1982},
}

@InCollection{sinopoulou2008multiple,
  author    = {Sinopoulou, Ourania},
  booktitle = {{Proceedings of ConSOLE XV}},
  title     = {Multiple questions and apparent wh-in situ: {E}vidence from {G}reek},
  editor    = {Sylvia Blaho AND Camelia Constantinescu AND Erik Schoorlemmer},
  pages     = {223--246},
  publisher = {{Leiden University Centre for Linguistics}},
  address   = {Leiden},
  year      = {2008},
}

@Article{Pfau.etal.2018,
  author     = {Pfau, Roland and Martin Salzmann and Markus Steinbach},
  title      = {The syntax of sign language agreement: {C}ommon ingredients, but unusual recipe},
  doi        = {10.5334/gjgl.511},
  number     = {1},
  volume     = {3},
  bdsk-url-1 = {https://doi.org/10.5334/gjgl.511},
  journal    = {Glossa: a journal of general linguistics},
  year       = {2018},
}

@Article{gajewski2010,
  author  = {Jon Gajewski},
  title   = {Superlatives, {NPIs} and \textit{most}},
  number  = {1},
  pages   = {125--137},
  volume  = {27},
  journal = {Journal of Semantics},
  year    = {2010},
}

@Article{kotek2014wh,
  author    = {Kotek, Hadas},
  title     = {Wh-Fronting in a two-probe system},
  number    = {4},
  pages     = {1105--1143},
  volume    = {32},
  journal   = {Natural Language \& Linguistic Theory},
  publisher = {Springer},
  year      = {2014},
}

@PhdThesis{takezawa1987,
  author  = {Koichi Takezawa},
  title   = {A configurational approach to case-marking in {J}apanese},
  address = {Seattle},
  school  = {University of Washington},
  year    = {1987},
}

@Book{Koopman:1984,
  author    = {Koopman, Hilda},
  title     = {The Syntax of Verbs},
  publisher = {Foris Publications},
  address   = {Dordrecht, The Netherlands},
  keywords  = {VPpaper, SWpaper},
  year      = {1984},
}

@PhdThesis{neubarth2006,
  author     = {Neubarth, Friedrich},
  title      = {Polarity, Alternatives, and Scales},
  url        = {http://www.ofai.at/~friedrich.neubarth/linguistics/FN_Diss_2006.pdf},
  bdsk-url-1 = {http://www.ofai.at/~friedrich.neubarth/linguistics/FN_Diss_2006.pdf},
  school     = {University of Vienna},
  year       = {2006},
}

@Book{chierchia13a,
  author    = {Chierchia, Gennaro},
  title     = {Logic in Grammar: {P}olarity, Free Choice, and Intervention},
  doi       = {10.1093/acprof:oso/9780199697977.001.0001},
  publisher = {Oxford University Press},
  address   = {Oxford, UK},
  booktitle = {Logic in Grammar: {Polarity}, Free Choice, and Intervention},
  year      = {2013},
}

@Book{broadwell2006choctaw,
  author    = {Broadwell, George Aaron},
  title     = {A {C}hoctaw reference grammar},
  publisher = {U of Nebraska Press},
  year      = {2006},
}

@Article{shimoyama11,
  author     = {Shimoyama, Junko},
  title      = {Japanese indeterminate negative polarity items and their scope},
  doi        = {10.1093/jos/ffr004},
  pages      = {413--450},
  volume     = {28},
  bdsk-url-1 = {https://doi.org/10.1093/jos/ffr004},
  journal    = {Journal of Semantics},
  year       = {2011},
}

@InProceedings{Wurmbrand:2002,
  author     = {Wurmbrand, Susi},
  booktitle  = {Studies in comparative {Germanic} syntax: Proceedings from the 15th workshop on comparative {Germanic} syntax},
  title      = {Syntactic versus semantic control},
  doi        = {10.1075/la.53.07wur},
  editor     = {Zwart, C. Jan-Wouter and Abraham, Werner},
  pages      = {93--127},
  publisher  = {John Benjamins},
  address    = {Amsterdam},
  bdsk-url-1 = {https://doi.org/10.1075/la.53.07wur},
  year       = {2002},
}

@InCollection{fox2007,
  author    = {Fox, Danny},
  booktitle = {Presupposition and Implicature in Compositional Semantics},
  title     = {Free Choice Disjunction and the Theory of Scalar Implicatures},
  editor    = {Uli Sauerland and Penka Stateva},
  pages     = {71--120},
  publisher = {Palgrave Macmillan},
  address   = {New York},
  year      = {2007},
}

@Book{Einarsson:1949xt,
  author    = {Einarsson, Stefán},
  title     = {Icelandic: {Grammar}, Texts, Glossary},
  publisher = {The John Hopkins Press},
  address   = {Baltimore},
  year      = {1949},
}

@Article{piggott1992variability,
  author  = {Piggott, Glyne L.},
  title   = {Variability in feature dependency: {T}he case of nasality},
  number  = {1},
  pages   = {33--77},
  volume  = {10},
  journal = {Natural Language \& Linguistic Theory},
  year    = {1992},
}

@Book{Reinhart:1983vx,
  author    = {Reinhart, Tanya},
  title     = {Anaphora and semantic interpretation},
  publisher = {{Croom Helm}},
  address   = {{London}},
  local-url = {file://localhost/Users/Grunar\%201/Dropbox/Library.papers3/Files/86/8617926E-423A-4A09-9B02-6BD4D7CE1149.pdf},
  rating    = {0},
  read      = {Yes},
  uri       = {papers3://publication/uuid/3331F898-C01B-46FC-A5F1-A24AFD4F0A42},
  year      = {1983},
}

@Article{Kuhn.2016,
  author  = {Kuhn, Jeremy},
  title   = {{ASL} Loci: {V}ariables or features?},
  number  = {3},
  volume  = {33},
  journal = {Journal of Semantics},
  year    = {2016},
}

@PhdThesis{vanUrk2015,
  author = {van Urk, Coppe},
  title  = {A uniform syntax for phrasal movement: {A} case study of {D}inka {B}or},
  school = {Massachusetts Institute of Technology},
  year   = {2015},
}

@Article{Pearson:2016,
  author     = {Pearson, Hazel},
  title      = {The semantics of partial control},
  doi        = {10.1007/s11049-015-9313-9},
  pages      = {691--738},
  volume     = {34},
  bdsk-url-1 = {https://doi.org/10.1007/s11049-015-9313-9},
  journal    = {Natural Language and Linguistic Theory},
  year       = {2016},
}

@Article{Bobaljik.Wurmbrand.2012,
  author  = {Bobaljik, Jonathan D. and Susi Wurmbrand},
  title   = {Word order and scope: {T}ransparent interfaces and the 3/4 signature},
  number  = {3},
  pages   = {371--421},
  volume  = {43},
  ids     = {BW.2012},
  journal = {Linguistic Inquiry},
  year    = {2012},
}

@Article{Pearson:2018,
  author   = {Pearson, Matthew},
  title    = {Predicate Raising and Perception Verb Complements in {M}alagasy},
  pages    = {781--849},
  volume   = {36},
  journal  = {Natural Language and Linguistic Theory},
  keywords = {perception verbs, pseudo-relatives, Malagasy, CLS, SWpaper},
  year     = {2018},
}

@Book{scheer2004lateral,
  author    = {Scheer, Tobias},
  title     = {A lateral theory of phonology: {W}hat is {CVCV}, and why should it be?},
  publisher = {Walter de Gruyter},
  year      = {2004},
}

@Article{baker2014dependent,
  author  = {Baker, Mark C.},
  title   = {On dependent ergative case in {Shipibo} and its derivation by phase},
  number  = {3},
  pages   = {341--379},
  volume  = {45},
  journal = {Linguistic Inquiry},
  year    = {2014},
}

@PhdThesis{Grohmann:2000td,
  author  = {Grohmann, Kleanthes K.},
  title   = {Prolific Peripheries: {{A}} Radical View from the Left},
  address = {College Park},
  school  = {University or Maryland},
  year    = {2000},
}

@Article{SigurTHsson:1996va,
  author  = {Sigurðsson, Halldór Ármann},
  title   = {Icelandic Finite Verb Agreement},
  pages   = {1--46},
  volume  = {57},
  journal = {Working Papers in Scandinavian Syntax},
  year    = {1996},
}

@InCollection{Chomsky2001,
  author     = {Chomsky, Noam},
  booktitle  = {{Ken Hale}: {A} life in language},
  title      = {Derivation by Phase},
  editor     = {Kenstowicz, Michael},
  pages      = {1--52},
  publisher  = {MIT Press},
  url        = {http://cognet.mit.edu/library/books/view?isbn=0262112574},
  address    = {Cambridge, MA},
  bdsk-url-1 = {http://cognet.mit.edu/library/books/view?isbn=0262112574},
  year       = {2001},
}

@Book{cinque1999,
  author    = {Cinque, Guglielmo},
  title     = {Adverbs and functional heads: {A} cross-linguistic perspective},
  publisher = {Oxford University Press},
  address   = {Oxford},
  ids       = {Cinque1999},
  year      = {1999},
}

@InCollection{svenonius2016,
  author     = {Svenonius, Peter},
  booktitle  = {Morphological Metatheory},
  title      = {Spans and Words},
  doi        = {10.1075/la.229.07sve},
  editor     = {Siddiqi, Daniel and Harley, Heidi},
  pages      = {201--222},
  publisher  = {{John Benjamins}},
  address    = {Amsterdam},
  bdsk-url-1 = {https://doi.org/10.1075/la.229.07sve},
  year       = {2016},
}

@incollection{zwarts1990,
  author = {Zwarts, Frans},
  title  = {The Syntax and Semantics of Negative Polarity},
  booktitle = {Views on the Syntax-Semantics Interface},
  volume = {2},
  editor = {Stephan Busemann},
  year   = {1993},
}

@Article{schwarzschwilk2002,
  author  = {Schwarzschild, Roger and Wilkinson, Karina},
  title   = {Quantifiers in comparatives: {A} semantics of degree based on intervals},
  pages   = {93--116},
  volume  = {10},
  journal = {Natural Language Semantics},
  year    = {2002},
}

@Article{sauerland20b,
  author     = {Sauerland, Uli and Alexiadou, Artemis},
  title      = {Generative Grammar: A Meaning First Approach},
  doi        = {10.3389/fpsyg.2020.571295},
  pages      = {3104},
  volume     = {11},
  bdsk-url-1 = {https://doi.org/10.3389/fpsyg.2020.571295},
  journal    = {Frontiers in Psychology},
  year       = {2020},
}

@PhdThesis{zyman2018rich,
  author = {Zyman, Erik},
  title  = {The rich syntax of grammatical relations: {R}aising and hyperraising in {P}'urhepecha},
  school = {Santa Cruz, CA: University of California},
  year   = {2018},
}

@PhdThesis{fenger2020a,
  author  = {Fenger, Paula},
  title   = {Words within words: {The} Internal Syntax of Words},
  address = {{Storrs}},
  ids     = {Fenger2020},
  school  = {University of Connecticut},
  year    = {2020},
}

@Book{Anderson92,
  author    = {Stephen R. Anderson},
  title     = {A-morphous morphology},
  publisher = {Cambridge University Press},
  address   = {Cambridge},
  keywords  = {Morphology},
  year      = {1992},
}

@Article{horvath1998multiple,
  author    = {Horvath, Julia},
  title     = {Multiple wh-phrases and the wh-scope-marker strategy in {H}ungarian interrogatives},
  number    = {1-2},
  pages     = {31--60},
  volume    = {45},
  journal   = {Acta Linguistica Hungarica},
  publisher = {Springer},
  year      = {1998},
}

@InCollection{zwarts1998,
  author    = {Zwarts, Frans},
  booktitle = {Plural Quantification},
  title     = {Three Types of Polarity},
  editor    = {Hamm, F. and Hinrichs, E.},
  pages     = {286--312},
  publisher = {Kluwer},
  address   = {Dordrecht},
  year      = {1998},
}

@Article{Fenlon.etal.2018,
  author     = {Fenlon, Jordan and Adam Schembri and Kearsy Cormier},
  title      = {Modification of indicating verbs in {British Sign Language}: {A} corpus-based study},
  doi        = {10.1353/lan.2018.0002},
  pages      = {84--118},
  volume     = {94},
  bdsk-url-1 = {https://doi.org/10.1353/lan.2018.0002},
  journal    = {Language},
  year       = {2018},
}

@InCollection{DAlessandro:2003oy,
  author     = {D'Alessandro, Roberta},
  booktitle  = {{Proceedings of ConSOLE XI}},
  title      = {{On quirky subjects and the person restriction in Icelandic and Italian}},
  editor     = {van Koppen, Marjo and Sio, Joanna and Vos, Mark de},
  pages      = {1--16},
  url        = {http://www.hum.leiden.edu/lucl/research/sole/proceedings/console11.html},
  bdsk-url-1 = {http://www.hum.leiden.edu/lucl/research/sole/proceedings/console11.html},
  year       = {2003},
}

@Article{Faarlund:2009tq,
  author     = {Faarlund, Jan Terje},
  title      = {On the History of Definiteness Marking in {{Scandinavian}}},
  doi        = {10.1017/S0022226709990041},
  number     = {3},
  pages      = {617--639},
  volume     = {45},
  bdsk-url-1 = {https://doi.org/10.1017/S0022226709990041},
  journal    = {Journal of Linguistics},
  local-url  = {file://localhost/Users/Grunar\%201/Dropbox/Library.papers3/Articles/2009/Faarlund/J.\%20Ling.\%202009\%20Faarlund.pdf},
  rating     = {0},
  read       = {Yes},
  year       = {2009},
}

@PhdThesis{Holmberg:1986,
  author   = {Holmberg, Anders},
  title    = {Word Order and Syntactic Features},
  keywords = {VPpaper, SWpaper},
  school   = {Stockholm},
  year     = {1986},
}

@Article{Chomsky2013,
  author  = {Chomsky, Noam},
  title   = {Problems of projection},
  pages   = {33--49},
  volume  = {130},
  journal = {Lingua},
  year    = {2013},
}

@Article{Boskovic2002,
  author   = {Bošković, Željko},
  title    = {On Multiple wh-fronting},
  number   = {3},
  pages    = {351--383},
  volume   = {34},
  journal  = {Linguistic Inquiry},
  sortname = {Boszkovicz, Zzeljko},
  year     = {2002},
}

@Article{Nevins.2011,
  author  = {Andrew Nevins},
  title   = {Multiple {Agree} with clitics: {Person} complementarity vs. omnivorous {Number}},
  number  = {4},
  pages   = {939--971},
  volume  = {29},
  journal = {Natural Language \& Linguistic Theory},
  year    = {2011},
}

@InCollection{Blevins14,
  author    = {Juliette Blevins},
  booktitle = {The {O}xford {H}andbook of {D}erivational {M}orphology},
  title     = {Infixation},
  editor    = {Rochelle Lieber and Pavol Štekauer},
  publisher = {Oxford University Press},
  address   = {Oxford},
  keywords  = {Infixation},
  year      = {2014},
}

@Article{Boskovic2005,
  author   = {Bošković, Željko},
  title    = {On the locality of left branch extraction and the structure of {NP}},
  number   = {1},
  pages    = {1--45},
  volume   = {59},
  journal  = {Studia Linguistica},
  sortname = {Boskovic, Zeljko},
  year     = {2005},
}

@InCollection{AranoOda2019,
  author    = {Arano, Akihiko and Hiromune Oda},
  booktitle = {Proceedings of the 36th West Coast Conference on Formal Linguistics},
  title     = {The {A-/A'}-distinction in scrambling revisited},
  editor    = {Richard Stockwell and Maura O'Leary and Zhongshi Xu and Z.L. Zhou},
  number    = {48-54},
  publisher = {Cascadilla Proceedings Project},
  address   = {Somerville, MA},
  year      = {2019},
}

@PhdThesis{terzi1992a,
  author = {Terzi, Arhonto},
  title  = {{PRO} in Finite Clauses: {A} Study of the Inflectional Heads of the {B}alkan Languages},
  school = {CUNY},
  year   = {1992},
}

@Book{halpert2015argument,
  author    = {Halpert, Claire},
  title     = {Argument licensing and agreement},
  publisher = {Oxford University Press},
  year      = {2015},
}

@Article{Harbour:2009mh,
  author  = {Harbour, Daniel},
  title   = {{Valence and atomic number}},
  number  = {4},
  pages   = {561--594},
  volume  = {42},
  journal = {Linguistic Inquiry},
  year    = {2011},
}

@PhdThesis{Moskal2015,
  author  = {Moskal, Beata},
  title   = {Domains on the border: {B}etween morphology and phonology},
  address = {Storrs},
  school  = {University of Connecticut},
  year    = {2015},
}

@Article{Lasersohn:1990,
  author     = {Lasersohn, Peter},
  title      = {Group Action and Spatio-Temporal Proximity},
  doi        = {10.1007/BF00630733},
  number     = {13},
  pages      = {179--206},
  volume     = {2},
  bdsk-url-1 = {https://doi.org/10.1007/BF00630733},
  journal    = {Linguistics and Philosophy},
  year       = {1990},
}

@Book{Rosenbaum1967,
  author    = {Rosenbaum, Peter Steven},
  title     = {The grammar of {English} predicate complement constructions},
  publisher = {MIT Press},
  address   = {Cambridge},
  keywords  = {library; complementation; clauses},
  year      = {1967},
}

@InCollection{Wurmbrand:uv,
  author    = {Wurmbrand, Susi},
  booktitle = {Proceedings of the 42nd annual meeting of the {{North East Linguistic Society}}},
  title     = {{{QR}} and Selection: {{Covert}} Evidence for Phasehood},
  editor    = {Keine, Stefan and Sloggett, Shayne},
  pages     = {277--290},
  publisher = {{University of Massachusetts Amherst, GLSA}},
  volume    = {2},
  address   = {{Amherst}},
  ids       = {Wurmbrand13, wurmbrand2013},
  local-url = {file://localhost/Users/Grunar\%201/Dropbox/Library.papers3/Books/Unknown/Wurmbrand/Wurmbrand.pdf},
  rating    = {0},
  read      = {Yes},
  uri       = {papers3://publication/uuid/133CCD0C-F642-4943-AD0D-ECB18002AEC0},
  year      = {2013},
}

@InProceedings{heim1984,
  author    = {Heim, Irene},
  booktitle = {Proceedings of {NELS} 14},
  title     = {A Note on Negative Polarity and Downward Entailingness},
  editor    = {Jones, Charles and Sells, Peter},
  pages     = {98--107},
  publisher = {University of Massachusetts GLSA},
  address   = {Amherst, MA},
  year      = {1984},
}

@Article{bejar1999multiple,
  author  = {Béjar, Susana and Massam, Diane},
  title   = {{Multiple case checking}},
  number  = {2},
  pages   = {65--79},
  volume  = {2},
  journal = {Syntax},
  year    = {1999},
}

@Article{watanabe1992subjacency,
  author    = {Watanabe, Akira},
  title     = {Subjacency and {S}-structure movement of wh-in-situ},
  number    = {3},
  pages     = {255--291},
  volume    = {1},
  journal   = {Journal of East Asian linguistics},
  publisher = {Springer},
  year      = {1992},
}

@Article{Bjorkman2016,
  author  = {Bjorkman, Bronwyn M.},
  title   = {{Go get, come see: Motion verbs, morphological restrictions, and syncretism}},
  pages   = {53--91},
  volume  = {34},
  journal = {{Natural Language \& Linguistic Theory}},
  year    = {2016},
}

@InCollection{Chomsky:2008od,
  author    = {Chomsky, Noam},
  booktitle = {Foundational Issues in Linguistic Theory: {Essays} in Honor of {Jean-Roger Vergnaud}},
  title     = {{On phases}},
  editor    = {Freidin, Robert and Otero, Carlos P. and Zubizarreta, Maria Luisa},
  pages     = {133--166},
  publisher = {MIT Press},
  address   = {Cambridge, MA},
  year      = {2008},
}

@InCollection{Chomsky00,
  author    = {Noam Chomsky},
  booktitle = {Step by Step: {E}ssays on {Minimalist} syntax in honor of {H}oward {L}asnik},
  title     = {Minimalist inquiries: {T}he framework},
  editor    = {Roger Martin and David Michaels and Juan Uriagereka},
  pages     = {89--155},
  publisher = {{MIT} {P}ress},
  address   = {Cambridge, MA},
  ids       = {Chomsky2000, chomsky2000a, chomsky2000minimalist},
  keywords  = {Syntax, Case, Agreement},
  year      = {2000},
}

@Book{roberts2003a,
  author    = {Roberts, Ian and Anna Roussou},
  title     = {Syntactic change: {A} Minimalist approach to grammaticalization},
  publisher = {Cambridge University Press},
  address   = {Cambridge},
  year      = {2003},
}

@Article{Anderson72,
  author   = {Stephen R. Anderson},
  title    = {On nasalization in {S}undanese},
  number   = {3},
  pages    = {253--268},
  volume   = {3},
  journal  = {Linguistic Inquiry},
  keywords = {Infixation},
  year     = {1972},
}

@InCollection{Chomsky01,
  author    = {Noam Chomsky},
  booktitle = {{K}en {H}ale: {A} life in language},
  title     = {Derivation by phase},
  editor    = {Michael Kenstowicz},
  pages     = {1--52},
  publisher = {{MIT} {P}ress},
  address   = {Cambridge, MA},
  year      = {2001},
}

@PhdThesis{guerzoni03,
  author  = {Elena Guerzoni},
  title   = {Why even ask?},
  type    = {{PhD} thesis},
  address = {Cambridge, MA},
  school  = {Massachusetts Institute of Technology},
  year    = {2003},
}

@InCollection{Chomsky1973,
  author    = {Chomsky, Noam},
  booktitle = {A festschrift for {Morris} {Halle}},
  title     = {Conditions on transformations},
  editor    = {Stephen R. Anderson and Paul Kiparsky},
  pages     = {232--286},
  publisher = {Holt, Rinehart and Winston},
  address   = {New York},
  year      = {1973},
}

@Article{Ting:2023,
  author  = {Connie Ting},
  title   = {Malagasy {N}-bonding: {A} licensing approach},
  doi     = {10.16995/glossa.6386},
  volume  = {8},
  journal = {Glossa: {A} journal of general linguistics},
  year    = {2023},
}

@InCollection{Chomsky1977,
  author    = {Chomsky, Noam},
  booktitle = {Formal syntax},
  title     = {On {Wh}-Movement},
  editor    = {Peter Culicover, Thomas Wasow and Adrian Akmajian},
  pages     = {71--132},
  publisher = {Academic Press},
  address   = {New York},
  year      = {1977},
}

@Article{Hardarson:2018vo,
  author    = {Harðarson, Gísli Rúnar},
  title     = {Forming a Compound and Spelling It Out},
  number    = {1},
  pages     = {Article 11},
  volume    = {24},
  journal   = {University of Pennsylvania Working Papers in Linguistics},
  local-url = {file://localhost/Users/Grunar\%201/Dropbox/Library.papers3/Files/4A/4A5124A7-3132-4CFC-8940-9B63592EA5B2.pdf},
  rating    = {0},
  read      = {Yes},
  uri       = {papers3://publication/uuid/DF038320-B5CB-4A7D-BD8F-1A18BBF14A98},
  year      = {2018},
}

@Unpublished{Svenonius:2005vx,
  author     = {Svenonius, Peter},
  title      = {The Nanosyntax of the {Icelandic} Passive},
  note       = {{Paper presented at the Lund Grammar Colloquium}},
  url        = {http://goo.gl/vvmeHo},
  bdsk-url-1 = {http://goo.gl/vvmeHo},
  year       = {2005},
}

@InCollection{BS12,
  author    = {Patrik Bye and Peter Svenonius},
  booktitle = {The morphology and phonology of exponence: {T}he state of the art},
  title     = {Nonconcatenative morphology as epiphenomenon},
  editor    = {Jochen Trommer},
  pages     = {427--495},
  publisher = {Oxford University Press},
  address   = {Oxford},
  keywords  = {Morphology},
  year      = {2012},
}

@InCollection{SigurTHsson:2008dm,
  author    = {Sigurðsson, Halldór Ármann and Holmberg, Anders},
  booktitle = {{Agreement restrictions}},
  title     = {Icelandic Dative Intervention: {Person} and Number are separate probes},
  editor    = {D'Alessandro, Roberta and Fischer, Susan and Hrafnbjargarson, Gunnar Hrafn},
  pages     = {251--280},
  publisher = {Mouton de Gruyter},
  address   = {Berlin},
  year      = {2008},
}

@InProceedings{wagner2005,
  author     = {Wagner, Michael},
  booktitle  = {Proceedings of {SALT} {XV}},
  title      = {{NPI}-Licensing and Focus Movement},
  doi        = {10.3765/salt.v15i0.3096},
  editor     = {Georgala, Effi and Howell, Jonathan},
  pages      = {276--293},
  address    = {Cornell University},
  bdsk-url-1 = {https://pdfs.semanticscholar.org/19c7/d52f8994939f82070b45e18c213474f2bb8a.pdf},
  year       = {2005},
}

@InCollection{calabrese1993a,
  author    = {Calabrese, Andrea},
  booktitle = {Syntactic Theory and the Dialects of {I}taly},
  title     = {Sentential Complementation in a Language without Infinitival Clauses: {T}he Case of {S}alentino},
  editor    = {Belletti, Adriana},
  pages     = {28--98},
  publisher = {Rosenberg and Selliers},
  address   = {Torino},
  year      = {1993},
}

@Book{embick2010localism,
  author    = {Embick, David},
  title     = {Localism versus globalism in morphology and phonology},
  publisher = {MIT Press},
  address   = {Cambridge, MA},
  ids       = {embick2010a},
  year      = {2010},
}

@Article{Harizanov:2018ep,
  author      = {Harizanov, Boris and Gribanova, Vera},
  title       = {Whither Head Movement?},
  doi         = {10.1007/s11049-018-9420-5},
  number      = {2},
  pages       = {461--522},
  volume      = {37},
  affiliation = {Stanford University, Palo Alto, United States},
  bdsk-url-1  = {https://doi.org/10.1007/s11049-018-9420-5},
  ids         = {Harizanov:2018,harizanov2019a,HarizanovGribanova2019,HGTA},
  journal     = {Natural Language {{\&}} Linguistic Theory},
  local-url   = {file://localhost/Users/Grunar\%201/Dropbox/Library.papers3/Files/51/51BD941A-AB5C-4C53-997A-A1D42154E9E1.pdf},
  publisher   = {{Springer Netherlands}},
  rating      = {0},
  read        = {Yes},
  uri         = {papers3://publication/doi/10.1007/s11049-018-9420-5},
  year        = {2019},
}

@Article{PostalRoss1971,
  author  = {Postal, Paul and John R. Ross},
  title   = {Tough movement si, tough deletion no!},
  pages   = {544--545},
  volume  = {2},
  journal = {Linguistic Inquiry},
  year    = {1971},
}

@InProceedings{Pearson:1997,
  author    = {Pearson, Matthew},
  booktitle = {Proceedings of {N}orth {E}ast {L}inguistic {S}ociety},
  title     = {Pied-Piping into the Left Periphery},
  editor    = {Kusumoto, Kiyomi},
  pages     = {321--335},
  publisher = {Graduate Linguistic Student Association},
  address   = {McGill University},
  keywords  = {SWpaper},
  year      = {1997},
}

@InCollection{Travis:2006a,
  author    = {Travis, Lisa deMena},
  booktitle = {Clause Structure and Adjuncts in {A}ustronesian Languages},
  title     = {Voice morphology in {M}alagasy as clitic left dislocation or {M}alagasy in {W}onderland: Through the looking glass},
  editor    = {Hans-Martin Görtner and Paul Law and Joachim Sabel},
  pages     = {281--318},
  publisher = {Mouton de Gruyter},
  address   = {Berlin},
  keywords  = {VPpaper},
  year      = {2006},
}

@InProceedings{Paul:2019,
  author    = {Paul, Ileana and Travis, Lisa deMena},
  booktitle = {Proceedings of the Fifty-Fourth Annual Meeting of the {C}hicago {L}inguistic {S}ociety},
  title     = {Augmented pronoun constructions in {M}alagasy across time and space},
  editor    = {Ronai, Eszter and Stigliano, Laura and Sun, Yenan},
  pages     = {409--424},
  keywords  = {Malagasy, Annual2019, pronouns, CJL2020, SWpaper},
  year      = {2019},
}

@InCollection{Rizzi2004,
  author    = {Rizzi, Luigi},
  booktitle = {{Structures and Beyond}},
  title     = {Locality and left periphery},
  editor    = {Adriana Belletti},
  pages     = {223--251},
  publisher = {Oxford University Press},
  series    = {{The Cartography of Syntactic Structures, Vol. 3.}},
  address   = {New York},
  year      = {2004},
}

@Article{Rizzi2007,
  author  = {Rizzi, Luigi},
  title   = {On Some Properties of Criterial Freezing},
  pages   = {145--158},
  volume  = {1},
  journal = {CISCL Working Papers -- StiL Studies in Linguistics},
  year    = {2007},
}

@InCollection{Rizzi2006,
  author    = {Rizzi, Luigi},
  booktitle = {{Wh} Movement: {{M}}oving on},
  title     = {On the Form of Chains: {{C}}riterial Positions and {ECP} Effects},
  editor    = {Lisa Cheng and Norbert Corver},
  pages     = {97--134},
  publisher = {MIT Press},
  address   = {Cambridge, Mass},
  year      = {2006},
}

@Article{Kiparsky00,
  author   = {Paul Kiparsky},
  title    = {Opacity and cyclicity},
  pages    = {351--365},
  volume   = {17},
  journal  = {The Linguist Review},
  keywords = {Morphology},
  year     = {2000},
}

@Article{pullum1986phonological,
  author  = {Pullum, Geoffrey K. and Zwicky, Arnold M.},
  title   = {{Phonological resolution of syntactic feature conflict}},
  number  = {4},
  pages   = {751--773},
  volume  = {62},
  journal = {Language},
  year    = {1986},
}

@Book{Chomsky1981,
  author    = {Chomsky, Noam},
  title     = {Lectures on government and binding},
  publisher = {Foris},
  address   = {Dordrecht},
  year      = {1981},
}

@PhdThesis{pietraszko2017a,
  author  = {Pietraszko, Asia},
  title   = {Inflectional Dependencies: {A} study of complex verbal expressions in {Ndebele}},
  address = {Chicago},
  school  = {University of Chicago},
  year    = {2017},
}

@Book{schiffman1999reference,
  author    = {Harold F. Schiffman},
  title     = {A reference grammar of spoken {T}amil},
  publisher = {Cambridge University Press},
  year      = {1999},
}

@PhdThesis{finer1984formal,
  author = {Finer, Daniel Leroy},
  title  = {The formal grammar of switch-reference},
  school = {Amherst: University of Massachusetts},
  year   = {1984},
}

@InProceedings{Massam:1997,
  author    = {Massam, Diane and Smallwood, Carolyn},
  booktitle = {Proceedings of {N}orth {E}ast {L}inguistic {S}ociety},
  title     = {Essential Features of Predication in {E}nglish and {N}iuean},
  editor    = {Kusumoto, Kiyomi},
  pages     = {263--272},
  publisher = {Graduate Linguistic Student Association},
  address   = {McGill University},
  keywords  = {VPpaper, SWpaper},
  year      = {1997},
}

@InCollection{wurmbrand2015,
  author    = {Wurmbrand, Susi},
  booktitle = {Proceedings of the 45th meeting of the {North} {East} {Linguistic} {Society}},
  title     = {Restructuring cross-linguistically},
  editor    = {Bui, Thuy and Özyıldız, Deniz},
  pages     = {227--240},
  publisher = {University of Massachusetts, GLSA},
  address   = {Amherst},
  ids       = {Wurmbrand2015b,wurmbrand2015restructuring,Wurmbrand2015short},
  year      = {2015},
}

@Article{aalberse2010:ab,
  author     = {Aalberse, Suzanne and Don, Jan},
  title      = {{Person and number syncretisms in Dutch}},
  doi        = {10.1007/s11525-010-9164-3},
  number     = {2},
  pages      = {1--24},
  volume     = {21},
  bdsk-url-1 = {https://doi.org/10.1007/s11525-010-9164-3},
  journal    = {Morphology},
  year       = {2010},
}

@PhdThesis{Bjorkman11,
  author   = {Bronwyn M. Bjorkman},
  title    = {{BE}-ing default: {The} morphosyntax of auxiliaries},
  address  = {Cambridge, MA},
  ids      = {Bjorkman2011, bjorkman2011a},
  keywords = {Syntax},
  school   = {Massachusetts Institute of Technology},
  year     = {2011},
}

@InCollection{Yu17,
  author    = {Alan Yu},
  booktitle = {The Morphosyntax-Phonology Connection: Locality and Directionality at the Interface},
  title     = {Global optimization in allomorph selection: {T}wo case studies},
  editor    = {Vera Gribanova and Stephanie Shih},
  pages     = {1--27},
  publisher = {Oxford University Press},
  address   = {Oxford},
  keywords  = {Morphology},
  year      = {2017},
}

@Unpublished{keine2018not,
  author = {Keine, Stefan and Poole, Ethan},
  title  = {Not all reconstruction effects are syntactic},
  note   = {Ms. University of Southern California and University of California, Los Angeles},
  year   = {2018},
}

@Article{terzi1994a,
  author  = {Terzi, Arhonto},
  title   = {Clitic Climbing from Finite Clauses and Long Head Movement},
  number  = {2},
  pages   = {97--122},
  volume  = {3},
  journal = {Catalan Working Papers in Linguistics},
  year    = {1994},
}

@Article{Napoli.SS.2014,
  author     = {Napoli, Donna J. and Sutton-Spence, Rachel},
  title      = {Order of the major constituents in sign languages: {I}mplications for all language},
  doi        = {10.3389/fpsyg.2014.00376},
  number     = {376},
  volume     = {5},
  bdsk-url-1 = {https://doi.org/10.3389/fpsyg.2014.00376},
  journal    = {Frontiers in Psychology},
  year       = {2014},
}

@InCollection{Rackowski:1998,
  author    = {Rackowski, Andrea},
  booktitle = {The Structure of {M}alagasy, vol. {II}: {UCLA} Occasional Papers in Linguistics 20},
  title     = {Malagasy Adverbs},
  editor    = {Ileana Paul},
  pages     = {11--33},
  publisher = {UCLA Occasional Papers in Linguistics},
  address   = {Los Angeles},
  keywords  = {VPpaper},
  year      = {1998},
}

@Article{pollard1998unified,
  author    = {Pollard, Carl J. and Yoo, Eun Jung},
  title     = {A unified theory of scope for quantifiers and wh-phrases},
  number    = {2},
  pages     = {415--445},
  volume    = {34},
  journal   = {Journal of Linguistics},
  publisher = {Cambridge University Press},
  year      = {1998},
}

@Book{Carstairs87,
  author    = {Andrew Carstairs},
  title     = {Allomorphy in inflexion},
  publisher = {Croom Helm},
  address   = {London},
  keywords  = {Morphology},
  year      = {1987},
}

@Article{Benedicto.Brentari.2004,
  author  = {Benedicto, Elena and Diane Brentari},
  title   = {Where did all the arguments go? {A}r\-gu\-ment-changing properties of classifiers in {ASL}},
  pages   = {743--810},
  volume  = {22},
  journal = {Natural Language \& Linguistic Theory},
  year    = {2004},
}

@Book{bobaljik2012universals,
  author    = {Bobaljik, Jonathan D.},
  title     = {Universals in comparative morphology: {Suppletion}, superlatives, and the structure of words},
  publisher = {MIT Press},
  address   = {Cambridge, MA},
  ids       = {Bobaljik12, bobaljik2012a, bobaljik2012},
  year      = {2012},
}

@Book{Zimmermann:2002,
  author    = {Zimmermann, Malte},
  title     = {Boys Buying Two Sausages Each: {On} the Syntax and Semantics of Distance Distributivity},
  publisher = {LOT},
  address   = {Utrecht},
  year      = {2002},
}

@Book{wurmbrand01b,
  author      = {Wurmbrand, Susanne},
  title       = {Infinitives: {R}estructuring and Clause Structure},
  doi         = {10.1515/9783110908329},
  number      = {55},
  publisher   = {Mouton de Gruyter},
  series      = {Studies in Generative Grammar},
  address     = {Berlin},
  bdsk-url-1  = {https://doi.org/10.1515/9783110908329},
  ids         = {wurmbrand2001a,wurmbrand2001infinitives,Wurmbrand2001},
  indexauthor = {Wurmbrand, Susi},
  shortauthor = {Wurmbrand, Susi},
  year        = {2001},
}

@Unpublished{larson1985quantifying,
  author = {Larson, Richard K.},
  title  = {Quantifying into {NP}},
  note   = {Ms. MIT},
  year   = {1985},
}

@PhdThesis{chang1997wh,
  author = {Chang, Lisa},
  title  = {Wh-in-situ phenomena in {F}rench},
  school = {University of British Columbia},
  year   = {1997},
}

@Book{Wood2015book,
  author    = {Wood, Jim},
  title     = {Icelandic Morphosyntax and Argument Structure},
  publisher = {Springer},
  address   = {Dordrecht},
  year      = {2015},
}

@InCollection{kratzer2005,
  author    = {Kratzer, Angelika},
  booktitle = {Reference and Quantification: {T}he {P}artee Effect},
  title     = {Indefinites and the operators they depend on},
  editor    = {Carlson, Gregory N. and Pelletier, Jeffry},
  pages     = {113--142},
  publisher = {University of Chicago Press},
  address   = {Chicago},
  year      = {2005},
}

@Unpublished{Ott:2010,
  author     = {Ott, Dennis},
  title      = {Varieties of {VP}-movement},
  note       = {ms. Harvard University},
  url        = {http://ling.auf.net/lingbuzz/001024},
  bdsk-url-1 = {http://ling.auf.net/lingbuzz/001024},
  keywords   = {VPpaper, SWpaper},
  year       = {2010},
}

@PhdThesis{ladusaw1979,
  author = {Ladusaw, William A.},
  title  = {Polarity Sensitivity as Inherent Scope Relations},
  school = {University of Texas, Austin},
  year   = {1979},
}

@Book{Yu07,
  author    = {Alan Yu},
  title     = {A natural history of infixation},
  publisher = {Oxford University Press},
  address   = {Oxford},
  keywords  = {Morphology},
  year      = {2007},
}

@PhdThesis{Ross.1967,
  author = {Ross, Haj},
  title  = {Constraints on Variables in Syntax},
  school = {MIT},
  year   = {1967},
}

@InCollection{wurmbrand2017verb,
  author     = {Wurmbrand, Susi},
  booktitle  = {The {Wiley Blackwell} Companion to Syntax},
  title      = {Verb clusters, verb raising, and restructuring},
  doi        = {10.1002/9781118358733.wbsyncom103},
  edition    = {2},
  editor     = {Martin Everaert and van Riemsdijk, Henk C.},
  publisher  = {John Wiley \& Sons},
  bdsk-url-1 = {https://doi.org/10.1002/9781118358733.wbsyncom103},
  year       = {2017},
}

@Book{Schwarzschild:1996,
  author     = {Schwarzschild, Roger},
  title      = {Pluralities},
  doi        = {10.1007/978-94-017-2704-4},
  publisher  = {Kluwer Academic},
  address    = {Dordrecht, Boston},
  bdsk-url-1 = {http://dx.doi.org/10.1007/978-94-017-2704-4},
  keywords   = {Grammar, Comparative and general Number.},
  year       = {1996},
}

@InCollection{Kayne1989,
  author    = {Kayne, Richard},
  booktitle = {The null subject parameter},
  title     = {Null subjects and clitic climbing},
  editor    = {Osvaldo Jaeggli and Kenneth Safir},
  pages     = {239--261},
  publisher = {Kluwer Academic Publishers},
  address   = {Dordrecht},
  year      = {1989},
}

@Book{Kayne1994,
  author    = {Kayne, Richard},
  title     = {The antisymmetry of syntax},
  publisher = {MIT Press},
  address   = {Cambridge, MA},
  ids       = {Kayne:1994,kayne1994,Kayne:1994uo,Kayne94},
  year      = {1994},
}

@Article{Lahne:2009va,
  author  = {Lahne, Antje},
  title   = {A Multiple Specifier Approach to Left-Peripheral Architecture},
  pages   = {73--108},
  volume  = {35},
  journal = {Linguistic Analysis},
  rating  = {0},
  read    = {Yes},
  uri     = {papers3://publication/uuid/8CFDD2D2-6C55-4861-8DA1-94E30FBABA68},
  year    = {2009},
}

@Article{linebarger1987,
  author  = {Linebarger, Marcia C.},
  title   = {Negative Polarity and Grammatical Representation},
  pages   = {325--387},
  volume  = {10},
  journal = {Linguistics and Philosophy},
  year    = {1987},
}

@Book{heine2018a,
  author    = {Heine, Bernd and Kuteva, Tania},
  title     = {World Lexicon of Grammaticalization},
  publisher = {Cambridge University Press},
  address   = {Cambridge},
  year      = {2018},
}

@Article{lechner2002,
  author  = {Lechner, Winfried},
  title   = {Negative islands in comparatives},
  pages   = {12--13},
  volume  = {5},
  journal = {Snippets},
  year    = {2002},
}

@Article{bejar2009a,
  author  = {Susana Béjar and Milan Rezac},
  title   = {Cyclic {Agree}},
  number  = {1},
  pages   = {35--73},
  volume  = {40},
  journal = {Linguistic Inquiry},
  year    = {2009},
}

@Article{zhang2007,
  author     = {Zhang, Niina Ning},
  title      = {Root Merger in {{Chinese}} Compounds},
  doi        = {10.1111/j.1467-9582.2007.00131.x},
  number     = {2},
  pages      = {170--184},
  volume     = {61},
  bdsk-url-1 = {https://doi.org/10.1111/j.1467-9582.2007.00131.x},
  journal    = {Studia Linguistica},
  year       = {2007},
}

@InCollection{Ledgeway2016,
  author    = {Ledgeway, Adam},
  booktitle = {Coordination and Subordination: {{F}}orm and Meaning. {Selected} Papers from {CSI} {Lisbon} 2014},
  title     = {From coordination to subordination: {{T}}he grammaticalisation of progressive and andative aspect in the dialects of {Salento}},
  editor    = {Fernanda Pratas AND Sandra Pereira AND Clara Pinto},
  pages     = {157--184},
  publisher = {Cambridge Scholars Publishing},
  address   = {Cambridge},
  ids       = {ledgeway2016a},
  year      = {2016},
}

@Misc{Fischer.Janis.1992,
  author = {Fischer, Susan and Wynne Janis},
  title  = {License to Derive: {R}esolving Conflict between Syntax and Morphology in {ASL}},
  note   = {Paper presented at 66th Annual Meeting of the LSA},
  year   = {1992},
}

@Article{Mester94,
  author   = {Armin R. Mester},
  title    = {The quantitative trochee in {L}atin},
  number   = {1},
  pages    = {1--61},
  volume   = {12},
  journal  = {Natural Language \& Linguistic Theory},
  keywords = {Morphology},
  year     = {1994},
}

@Article{Pitteroff:2017,
  author  = {Pitteroff, Marcel and Alexiadou, Artemis and Darby, Jeannique and Fischer, Silke},
  title   = {On partial control in {German}},
  number  = {2},
  pages   = {139--185},
  volume  = {20},
  journal = {The Journal of Comparative Germanic Linguistics},
  year    = {2017},
}

@Book{Thrainsson:2007vj,
  author    = {Thráinsson, Höskuldur},
  title     = {Syntax of {{Icelandic}}},
  publisher = {{Cambridge University Press}},
  address   = {{New York}},
  rating    = {0},
  uri       = {papers3://publication/uuid/F6B858F8-B6F8-46B0-A5FE-B9B727BC2499},
  year      = {2007},
}

@Misc{AgreementLooking:2012wf,
  author       = {Wurmbrand, Susi},
  title        = {Agree(Ment): {{Looking}} up or Looking Down?},
  howpublished = {Lecture in Agreement seminar, {{MIT, Cambridge, MA}}},
  booktitle    = {Lecture given in {{Agreement}} Seminar},
  local-url    = {file://localhost/Users/Grunar\%201/Dropbox/Library.papers3/Media/2012/Wurmbrand/2012\%20Wurmbrand.pdf},
  pages        = {1--18},
  rating       = {0},
  read         = {Yes},
  uri          = {papers3://publication/uuid/B803BF12-8EFA-434E-A023-48C3A89CA68C},
  year         = {2012},
}

@Article{Subrahmanyam1967,
  author  = {Subrahmanyam, P. S.},
  title   = {The personal pronouns IN {D}ravidian},
  number  = {3/4},
  pages   = {202--217},
  volume  = {28},
  journal = {Bulletin of the {D}eccan {C}ollege Post-Graduate and Research},
  year    = {1967/1968},
}

@Article{Embick2003,
  author  = {Embick, David},
  title   = {Locality, listedness, and morphological identity},
  number  = {3},
  pages   = {143--169},
  volume  = {57},
  journal = {Studia Linguistica},
  year    = {2003},
}

@PhdThesis{Richards:1997a,
  author = {Richards, Norvin},
  title  = {What moves where when in which language?},
  pages  = {366},
  school = {Massachusetts Institute of Technology},
  year   = {1997},
}

@InCollection{uribe95a,
  author     = {Uribe-Etxebarria, Myriam},
  booktitle  = {Proceedings of {SALT} 5},
  title      = {Negative polarity item licensing, indefinites and complex predicates},
  doi        = {10.3765/salt.v5i0.2697},
  pages      = {346--361},
  publisher  = {Linguistic Society of America},
  bdsk-url-1 = {https://doi.org/10.3765/salt.v5i0.2697},
  year       = {1995},
}

@Article{Julien:2003wu,
  author    = {Julien, Marit},
  title     = {Double Definiteness in {{Scandinavian}}},
  number    = {1},
  pages     = {230--244},
  volume    = {31},
  journal   = {Nordlyd},
  local-url = {file://localhost/Users/Grunar\%201/Dropbox/Library.papers3/Articles/2003/Julien/2003\%20Julien.pdf},
  rating    = {0},
  read      = {Yes},
  uri       = {papers3://publication/uuid/91C538C8-5551-43BC-9E7E-264A49DF46E1},
  year      = {2003},
}

@PhdThesis{Saito1985,
  author  = {Saito, Mamoru},
  title   = {Some asymmetries in {Japanese} and their theoretical implications},
  address = {Cambridge},
  school  = {MIT},
  year    = {1985},
}

@InCollection{merchant2011a,
  author    = {Merchant, Jason},
  booktitle = {Pragmatics and autolexical grammar: {In} honor of {Jerry Sadock}},
  title     = {Aleut case matters},
  editor    = {Yuasa, Etsuyo and Bagchi, Tista and Beals, Katharine},
  number    = {176},
  pages     = {193--210},
  publisher = {John Benjamins},
  series    = {Linguistik Aktuell/Linguistics Today},
  address   = {Amsterdam},
  year      = {2011},
}

@PhdThesis{Rooth:1985,
  author   = {Rooth, Mats E.},
  title    = {Association with Focus},
  keywords = {library; focus},
  school   = {University of Massachusetts, Amherst},
  year     = {1985},
}

@Article{terzi1996a,
  author  = {Terzi, Arhonto},
  title   = {Clitic climbing from finite clauses and tense raising},
  pages   = {273--295},
  volume  = {8},
  journal = {Probus},
  year    = {1996},
}

@InCollection{Wurmbrand:2012ty,
  author    = {Wurmbrand, Susi},
  booktitle = {Proceedings of the Poster Session of the {West Coast Conference on Formal Linguistics} 29},
  title     = {The syntax of valuation in auxiliary-participle constructions},
  editor    = {Jaehoon Choi and E. Alan Hogue and Jeffrey Punske and Deniz Tat and Jessamyn Schertz and Alex Trueman},
  pages     = {154--162},
  publisher = {{University of Arizona Linguistics Circle}},
  address   = {{Tuscon}},
  local-url = {file://localhost/Users/Grunar\%201/Dropbox/Library.papers3/Books/2012/Wurmbrand/2012\%20Wurmbrand.pdf},
  rating    = {0},
  read      = {Yes},
  uri       = {papers3://publication/uuid/0EB45D11-E874-41C7-ABB2-268615BE7E69},
  year      = {2012},
}

@InCollection{wurmbrand2018cross,
  author    = {Wurmbrand, Susi},
  booktitle = {Papers from {CLS} 54)},
  title     = {Cross-clausal {A}-dependencies},
  editor    = {Eszter Ronai, Laura Stigliano and Yenan Sun},
  publisher = {Chicago Linguistic Society},
  address   = {Chicago, IL},
  year      = {2018},
}

@Article{takeuchi2010exceptional,
  author  = {Takeuchi, Hajime},
  title   = {Exceptional case marking in {J}apanese and optional feature transmission},
  pages   = {101--128},
  volume  = {6},
  journal = {Nanzan Linguistics},
  year    = {2010},
}

@Article{lakoffrob1969,
  author  = {Lakoff, Robin},
  title   = {Some Reasons why there can't be any \textit{some-any} Rule},
  pages   = {608--615},
  volume  = {45},
  journal = {Language},
  year    = {1969},
}

@Book{Baker:1988c,
  author    = {Baker, Mark C.},
  title     = {Incorporation},
  publisher = {University of Chicago Press},
  address   = {Chicago, Illinois},
  keywords  = {functional categories},
  year      = {1988},
}

@InCollection{Harizanov17,
  author    = {Boris Harizanov},
  booktitle = {Asking the right questions: Essays in honor of {S}andra {C}hung},
  title     = {The interaction between infixation and reduplication in {C}hamorro},
  editor    = {Jason Ostrove and Ruth Kramer and Joseph Sabbagh},
  pages     = {158--172},
  publisher = {Linguistics Research Center},
  address   = {Santa Cruz, CA},
  keywords  = {Infixation},
  year      = {2017},
}

@Article{wurmbrand06a,
  author     = {Wurmbrand, Susi},
  title      = {Licensing case},
  doi        = {10.1017/S1470542706000079},
  pages      = {175--236},
  volume     = {18},
  bdsk-url-1 = {https://doi.org/10.1017/S1470542706000079},
  journal    = {Journal of Germanic Linguistics},
  year       = {2006},
}

@Article{Ultan75,
  author   = {Russell Ultan},
  title    = {Infixes and their origin},
  pages    = {156--205},
  volume   = {3},
  journal  = {Linguistic Workshop},
  keywords = {Infixation},
  year     = {1975},
}

@InProceedings{Fischer.1990,
  author    = {Fischer, Susan},
  booktitle = {{SLR} `87: {Papers} from the {Fourth International Symposium on Sign Language Research}},
  title     = {The head parameter in {ASL}},
  editor    = {William H. Edmondson and Fred Karlsson},
  pages     = {75--85},
  year      = {1990},
}

@PhdThesis{Zlatic1997,
  author = {Zlatić, Larisa},
  title  = {The structure of the {Serbian} noun phrase},
  school = {University of Texas, Austin},
  year   = {1997},
}

@InCollection{Grimshaw:2000,
  author    = {Grimshaw, Jane},
  booktitle = {Lexical Specification and Insertion},
  title     = {Locality and Extended Projection},
  editor    = {Coopmans, Peter and Everaert, Martin and Grimshaw, Jane},
  pages     = {115--134},
  publisher = {John Benjamins},
  address   = {Philadelphia, Pennsylvania},
  keywords  = {functional categories, VPpaper, Athapaskan, SWpaper},
  year      = {2000},
}

@Article{Beck:2001,
  author     = {Beck, Sigrid},
  title      = {Reciprocals are definites},
  doi        = {10.1023/A:1012203407127},
  number     = {1},
  pages      = {69--138},
  volume     = {9},
  bdsk-url-1 = {https://doi.org/10.1023/A:1012203407127},
  journal    = {Natural Language Semantics},
  year       = {2001},
}

@InProceedings{novelromero2009,
  author    = {Novel, Marc and Romero, Maribel},
  booktitle = {Proceedings of {Sinn} und {Bedeutung} 14},
  title     = {Movement, Variables and {Hamblin} Alternatives},
  editor    = {Prinzhorn, Martin and Schmitt, Viola and Zobel, Sarah},
  pages     = {322--328},
  address   = {University of Vienna, Austria},
  year      = {2009},
}

@Article{finer1985syntax,
  author  = {Finer, Daniel Leroy},
  title   = {The syntax of switch-reference},
  number  = {1},
  pages   = {35--55},
  volume  = {16},
  journal = {Linguistic Inquiry},
  year    = {1985},
}

@Article{Mascaro07,
  author   = {Joan Mascaró},
  title    = {External allomorphy and lexical representation},
  number   = {4},
  pages    = {715--735},
  volume   = {38},
  journal  = {Linguistic Inquiry},
  keywords = {Morphology},
  year     = {2007},
}

@Article{Napoli.SS.RMQ.2017,
  author  = {Napoli, Donna J. and Sutton-Spence, Rachel and Müller de Quadros, Ronice},
  title   = {Influence of predicate sense on word order in sign languages: {I}ntensional and extensional verbs},
  number  = {3},
  pages   = {641--670},
  volume  = {93},
  journal = {Language},
  year    = {2017},
}

@PhdThesis{andriani2017a,
  author  = {Andriani, Luigi},
  title   = {The syntax of the dialect of {B}ari},
  address = {Cambridge},
  school  = {University of Cambridge},
  year    = {2017},
}

@Article{wood:refl,
  author  = {Wood, Jim},
  title   = {{Reflexive \textit{-st} verbs in Icelandic}},
  number  = {4},
  pages   = {1387--1425},
  volume  = {32},
  journal = {{Natural Language \& Linguistic Theory}},
  year    = {2014},
}

@Article{Johnson2004,
  author  = {Johnson, Kyle},
  title   = {Towards an etiology of adjunct islands},
  number  = {1},
  pages   = {187--215},
  volume  = {31},
  journal = {Nordlyd},
  year    = {2004},
}

@InProceedings{ramchand1997,
  author    = {Ramchand, Gillian C.},
  booktitle = {Proceedings of {NELS} 27},
  title     = {Questions, polarity and alternative semantics},
  editor    = {Kusumoto, Kiyomi},
  pages     = {383--396},
  address   = {McGill University},
  year      = {1997},
}

@Article{beck2010,
  author  = {Beck, Sigrid},
  title   = {Quantifiers in \textit{than}-Clauses},
  pages   = {1--72},
  volume  = {3},
  journal = {Semantics and Pragmatics},
  year    = {2010},
}

@Article{halpert2015right,
  author    = {Halpert, Claire and Zeller, Jochen},
  title     = {Right dislocation and raising-to-object in {Z}ulu},
  number    = {3},
  pages     = {475--513},
  volume    = {32},
  journal   = {The Linguistic Review},
  publisher = {De Gruyter},
  year      = {2015},
}

@Book{rizzi1982issues,
  author    = {Rizzi, Luigi},
  title     = {Issues in {I}talian syntax},
  number    = {11},
  publisher = {Walter de Gruyter},
  series    = {Studies in {Generative} {Grammar}},
  address   = {Berlin/New York},
  year      = {1982},
}

@InCollection{BobaljikWurmbrand2005newell,
  author    = {Bobaljik, Jonathan D. and Susi Wurmbrand},
  booktitle = {Organizing Grammar: {L}inguistic Studies in Honor of {Henk van Riemsdijk}},
  title     = {Adjacency, {PF}, and extraposition},
  editor    = {Hans Broekhuis and Norbert Corver and Riny Huybregts and Ursula Kleinhenz and Jan Koster},
  pages     = {679--688},
  publisher = {Mouton de Gruyter},
  address   = {Berlin/New York},
  year      = {2005},
}

@PhdThesis{yoshimura2007b,
  author    = {Yoshimura, Keiko},
  title     = {Focus and polarity: \emph{Even} and \emph{only} in {J}apanese},
  booktitle = {Focus and polarity: \emph{even} and \emph{only} in {J}apanese},
  school    = {The University of Chicago},
  year      = {2007},
}

@Book{Klima.Bellugi.1979,
  author    = {Klima, Edward S. and Ursula Bellugi},
  title     = {The signs of language},
  publisher = {Harvard University Press},
  address   = {Cambridge, MA},
  year      = {1979},
}

@PhdThesis{horn2008syntax,
  author = {Horn, Stephen Wright},
  title  = {Syntax, semantics, and pragmatics of accusative-quotative constructions in {J}apanese},
  school = {The Ohio State University},
  year   = {2008},
}

@Article{Ximenes:2007vs,
  author = {Ximenes, Cristina},
  title  = {Object Gap in {Icelandic} and Short Object Movement},
  volume = {Manuscript, MIT. Available on lingbuzz http://ling.auf.net/lingBuzz/000458.},
  year   = {2007},
}

@InProceedings{Paster05,
  author    = {Mary Paster},
  booktitle = {Proceedings of the 24th {W}est {C}oast {C}onference on {F}ormal {L}inguistics},
  title     = {Subcategorization vs. output optimization in syllable-counting allomorphy},
  editor    = {John Alderete and Chung-Hye Han and Alexei Kochetov},
  pages     = {326--333},
  publisher = {Cascadilla Proceedings Project},
  address   = {Somerville, MA},
  keywords  = {Morphology},
  year      = {2005},
}

@PhdThesis{Paster06,
  author   = {Mary Paster},
  title    = {Phonological conditions on affixation},
  keywords = {Morphology},
  school   = {University of California, Berkeley},
  year     = {2006},
}

@PhdThesis{ross1967constraints,
  author = {Ross, John R.},
  title  = {Constraints on variables in syntax},
  school = {Massachusetts Institute of Technology},
  year   = {1967},
}

@InCollection{Smith.1990,
  author    = {Smith, Wayne H.},
  booktitle = {Theoretical issues in sign language research},
  title     = {Evidence for auxiliaries in {Taiwan Sign Language}},
  editor    = {Susan Fischer and Patricia Siple},
  pages     = {211--228},
  publisher = {The University of Chicago Press},
  volume    = {1: Linguistics},
  year      = {1990},
}

@Book{cheng1997typology,
  author    = {Cheng, Lisa},
  title     = {On the typology of wh-questions},
  publisher = {Taylor \& Francis},
  year      = {1997},
}

@Book{IZ05,
  author    = {Sharon Inkelas and Cheryl Zoll},
  title     = {Reduplication: doubling in morphology},
  publisher = {Cambridge University Press},
  address   = {Cambridge},
  keywords  = {Morphology},
  year      = {2005},
}

@Article{rizzicinque2016,
  author  = {Luigi Rizzi and Guglielmo Cinque},
  title   = {Functional Categories and Syntactic Theory},
  pages   = {139--163},
  volume  = {2},
  journal = {Annual Review of Linguistics},
  year    = {2016},
}

@Article{Heim:1991,
  author  = {Irene Heim and Howard Lasnik and Robert May},
  title   = {Reciprocity and Plurality},
  number  = {1},
  pages   = {63--101},
  volume  = {22},
  journal = {Linguistic Inquiry},
  year    = {1991},
}

@Article{tanaka97a,
  author     = {Tanaka, Hidekazu},
  title      = {Invisible movement in \emph{sika-nai} and the linear crossing constraint},
  doi        = {10.1023/A:1008202213790},
  pages      = {143--188},
  volume     = {6},
  bdsk-url-1 = {https://doi.org/10.1023/A:1008202213790},
  journal    = {Journal of East Asian Linguistics},
  year       = {1997},
}

@InCollection{Svenonius:2006zt,
  author     = {Svenonius, Peter},
  booktitle  = {Passives and Impersonals in {European} Languages},
  title      = {Case alternations and the {Icelandic} passive and middle},
  editor     = {Manninen, Satu and Nelson, Diane and Hiietam, Katrin and Kaiser, Elsi and Vihman, Virve},
  publisher  = {John Benjamins},
  url        = {http://goo.gl/Ihgh4S},
  address    = {Amsterdam},
  bdsk-url-1 = {http://goo.gl/Ihgh4S},
  year       = {2006},
}

@InCollection{klima1964,
  author    = {Klima, Edward S.},
  booktitle = {The Structure of Language},
  title     = {Negation in {English}},
  editor    = {Fodor, J. and Katz, J.},
  pages     = {246--323},
  publisher = {Prentice-Hall},
  address   = {Englewood Cliffs, NJ},
  year      = {1964},
}

@PhdThesis{Richards.Norvin1997,
  author = {Richards, Norvin},
  title  = {What Moves Where When in Which Language?},
  school = {Massachusetts Institute of Technology},
  year   = {1997},
}

@Article{Holmberg:2004gk,
  author  = {Holmberg, Anders and Hróarsdóttir, Thorbjörg},
  title   = {{Agreement and movement in Icelandic raising constructions}},
  pages   = {651--673},
  volume  = {114},
  journal = {Lingua},
  year    = {2004},
}

@Article{wurmbrand2004a,
  author      = {Wurmbrand, Susanne},
  title       = {Two types of restructuring: {L}exical vs. functional},
  number      = {8},
  pages       = {991--1014},
  volume      = {114},
  ids         = {Wurmbrand2004},
  indexauthor = {Wurmbrand, Susi},
  journal     = {Lingua},
  shortauthor = {Wurmbrand, Susi},
  year        = {2004},
}

@Book{Macdonald:1967,
  author    = {Macdonald, Roderick Ross and Dardjowidjojo, Soenjono},
  title     = {A student's reference grammar of modern formal {I}ndonesian},
  publisher = {Georgetown University Press},
  address   = {Washington, D.C.},
  keywords  = {SWpaper},
  year      = {1967},
}

@Article{Wurmbrand:2011ua,
  author      = {Wurmbrand, Susi},
  title       = {Tense and {{Aspect}} in {{English Infinitives}}},
  doi         = {10.1162/ling_a_00161},
  number      = {3},
  pages       = {403--447},
  volume      = {45},
  affiliation = {University of Connecticut, Storrs, United States},
  bdsk-url-1  = {https://doi.org/10.1162/ling_a_00161},
  journal     = {Linguistic Inquiry},
  local-url   = {file://localhost/Users/Grunar\%201/Dropbox/Library.papers3/Articles/2011/Wurmbrand/Ms\%202011\%20Wurmbrand.pdf},
  rating      = {0},
  read        = {Yes},
  uri         = {papers3://publication/doi/10.1162/ling\textsubscript{a}{$_0$}0161},
  year        = {2014},
}

@Article{Preminger:2019,
  author   = {Preminger, Omer},
  title    = {What the {PCC} tells us about ``abstract'' agreement, head movement, and locality},
  number   = {1},
  pages    = {1--42},
  volume   = {4},
  journal  = {Glossa},
  keywords = {head movement, VPpaper, SWpaper},
  year     = {2019},
}

@Article{gotzner19a,
  author     = {Gotzner, Nicole},
  title      = {The role of focus intonation in implicature computation},
  doi        = {10.1007/s11050-019-09154-7},
  pages      = {189--226},
  volume     = {27},
  bdsk-url-1 = {https://doi.org/10.1007/s11050-019-09154-7},
  journal    = {Natural Language Semantics},
  year       = {2019},
}

@InCollection{calabrese1987a,
  author    = {Calabrese, Andrea},
  booktitle = {Certamen Phonologicum},
  title     = {Consonantal Alternations in {N}orthern {S}alentino},
  editor    = {Pier Marco Bertinetto AND Michele Loporcaro},
  pages     = {253--299},
  publisher = {Rosenberg and Selliers},
  address   = {Torino},
  year      = {1988},
}

@Article{prete2020a,
  author  = {Prete, Fabio Del and Todaro, Giuseppina},
  title   = {Building complex events: {T}he case of {S}icilian {Doubly Inflected Construction}},
  pages   = {1--41},
  volume  = {38},
  journal = {Natural Language \& Linguistic Theory},
  year    = {2020},
}

@Article{Boskovic:2008wp,
  author    = {Bošković, Željko},
  title     = {On the Operator Freezing Effect},
  number    = {2},
  pages     = {249--287},
  volume    = {26},
  journal   = {Natural Language {{\&}} Linguistic Theory},
  local-url = {file://localhost/Users/Grunar\%201/Dropbox/Library.papers3/Articles/2008/Boskovi\%C4\%87/Natural\%20Language\%20\&\%20Linguistic\%20Theory\%202008\%20Boskovi\%C4\%87.pdf},
  publisher = {{Springer}},
  rating    = {0},
  read      = {Yes},
  uri       = {papers3://publication/uuid/315BEB85-090E-4767-97E9-36E80C57573A},
  year      = {2008},
}

@Article{Rolle20,
  author  = {Nicholas Rolle},
  title   = {In support of an {OT-DM} model: {E}vidence from clitic distribution in {D}egema serial verb constructions},
  number  = {1},
  pages   = {201--259},
  volume  = {38},
  journal = {Natural Language \& Linguistic Theory},
  year    = {2020},
}

@Book{Heim:1998,
  author    = {Irene Heim and Angelika Kratzer},
  title     = {Semantics in Generative Grammar},
  publisher = {Wiley Blackwell},
  address   = {Oxford},
  year      = {1998},
}

@InCollection{Stowell1986,
  author    = {Stowell, Tim},
  booktitle = {Proceedings of the 16th Annual Meeting of the {North East Linguistic Society}},
  title     = {Null antecedents and proper government},
  editor    = {Stephen Berman, Jae-Woong Choe and Joyce McDonough},
  pages     = {476--493},
  publisher = {University of Massachusetts, Graduate Linguistic Students Association},
  address   = {Amherst},
  year      = {1986},
}

@InCollection{WurmbrandShimamura2017,
  author    = {Wurmbrand, Susi and Koji Shimamura},
  booktitle = {The verbal domain},
  title     = {The features of the voice domain: {{A}}ctives, passives, and restructuring},
  editor    = {Roberta D'Alessandro and Irene Franco and Ángel Gallego},
  pages     = {179--204},
  publisher = {Oxford University Press},
  address   = {Oxford},
  ids       = {wurmbrand2017features},
  year      = {2017},
}

@Article{hardarson2020,
  author     = {Harðarson, Gísli Rúnar},
  title      = {A Unified Approach to Domains in Word- and Phrase-Level Phonology},
  doi        = {10.3765/plsa.v5i1.4721},
  number     = {1},
  pages      = {460--474},
  volume     = {5},
  bdsk-url-1 = {https://doi.org/10.3765/plsa.v5i1.4721},
  copyright  = {Copyright (c) 2020 Gísli R\'unar Har\dh arson},
  journal    = {Proceedings of the Linguistic Society of America},
  keywords   = {compounding, Icelandic, morphosyntax-phonology interface, penultimate vowel lengthening, umlaut, Zulu},
  year       = {2020},
}

@InCollection{BobaljikWurmbrand2013,
  author    = {Bobaljik, Jonathan D. and Susi Wurmbrand},
  booktitle = {Distributed Morphology Today: Morphemes for {M}orris {H}alle},
  title     = {Suspension across domains},
  editor    = {Ora Matushansky and Alec Marantz},
  note      = {In Ora},
  pages     = {185--198},
  publisher = {MIT Press},
  address   = {Cambridge, MA},
  year      = {2013},
}

@InProceedings{krapova2008order,
  author       = {Krapova, Iliyana and Cinque, Guglielmo},
  booktitle    = {{Formal Description of Slavic Languages: The fifth conference (FDSL5), Leipzig 2003}},
  title        = {On the order of wh-phrases in {Bulgarian} multiple wh-fronting},
  editor       = {Zybatow, T.},
  organization = {Frankfurt am Main, Peter Lang},
  pages        = {318--336},
  publisher    = {Peter Lang},
  address      = {Frankfurt am Main},
  ids          = {KrapovaCinque2005,krapova2005order},
  year         = {2008},
}

@Article{HAS:1993,
  author     = {Sigurðsson, Halldór Ármann},
  title      = {The Structure of the {{Icelandic NP}}},
  doi        = {10.1111/j.1467-9582.1993.tb00845.x},
  number     = {2},
  pages      = {177--197},
  volume     = {47},
  bdsk-url-1 = {https://doi.org/10.1111/j.1467-9582.1993.tb00845.x},
  journal    = {Studia Linguistica},
  local-url  = {file://localhost/Users/Grunar\%201/Dropbox/Library.papers3/Articles/1993/Sigur\%C3\%B0sson/Studia\%20Linguistica\%201993\%20Sigur\%C3\%B0sson.pdf},
  rating     = {0},
  read       = {Yes},
  uri        = {papers3://publication/doi/10.1111/j.1467-9582.1993.tb00845.x},
  year       = {1993},
}

@Book{heim98,
  author    = {Heim, Irene and Kratzer, Angelika},
  title     = {Semantics in Generative Grammar},
  publisher = {Blackwell},
  address   = {Oxford, UK},
  year      = {1998},
}

@Book{Padden.1988,
  author    = {Padden, Carol},
  title     = {Interaction of Morphology and Syntax in {American Sign Language}},
  publisher = {Garland Publishing},
  year      = {1983/1988},
}

@Article{HM91,
  author   = {Heather K. Hardy and Timothy Montler},
  title    = {The formation of the {A}labama middle voice},
  pages    = {1--15},
  volume   = {85},
  journal  = {Lingua},
  keywords = {Infixation},
  year     = {1991},
}

@InCollection{svenonius2016spans,
  author    = {Svenonius, Peter},
  booktitle = {Morphological metatheory},
  title     = {Spans and words},
  editor    = {Danny Siddiqi amd Heidi Harley},
  pages     = {202--229},
  publisher = {John Benjamins Amsterdam},
  address   = {the Netherlands},
  year      = {2016},
}

@InCollection{Fischer.1974,
  author    = {Fischer, Susan},
  booktitle = {Actes du Colloque Franco-Allemand de Grammaire Transformationale {II}: {É}tude de Semantiques et Autres},
  title     = {Sign language and linguistic universals},
  editor    = {Rohrer, Ruwet},
  publisher = {Niemeyer},
  address   = {Tübingen},
  year      = {1974},
}

@InCollection{Fischer.1975,
  author    = {Fischer, Susan},
  booktitle = {Word Order and Word Order Change},
  title     = {Influences on word-order change in {American Sign Language}},
  editor    = {Charles Li},
  pages     = {1--25},
  publisher = {University of Texas Press},
  address   = {Austin},
  year      = {1975},
}

@InCollection{CinqueRizzi2010,
  author    = {Cinque, Guglielmo and Luigi Rizzi},
  booktitle = {Oxford handbook of linguistic analysis},
  title     = {{The cartography of syntactic structures}},
  editor    = {Bernd Heine and Heiko Narrog},
  publisher = {Oxford University Press},
  address   = {Oxford},
  year      = {2010},
}

@Article{Kissock:1997gm,
  author  = {Kissock, Madelyn},
  title   = {{Middle verbs in Icelandic}},
  number  = {1},
  pages   = {1--22},
  volume  = {9},
  journal = {American Journal of Germanic Linguistics},
  year    = {1997},
}

@Book{Embick10,
  author    = {David Embick},
  title     = {Localism versus globalism in morphology and phonology},
  publisher = {{MIT} {P}ress},
  address   = {Cambridge, MA},
  keywords  = {Morphology},
  year      = {2010},
}

@InCollection{Link:1987,
  author     = {Link, Godehard},
  booktitle  = {Generalized Quantifiers: {L}ingustic and Logical Approaches},
  title      = {Generalized Quantifiers and Plurals},
  doi        = {10.1007/978-94-009-3381-1_6},
  editor     = {Gördenfors, Peter},
  pages      = {151--180},
  publisher  = {Reidel},
  address    = {Dordrecht},
  bdsk-url-1 = {https://doi.org/10.1007/978-94-009-3381-1_6},
  year       = {1987},
}

@InProceedings{Quadros.2003,
  author    = {Müller de Quadros, Ronice},
  booktitle = {Cross-Linguistic Perspectives in Sign Language Research: {Selected} Papers from {TISLR} 2000},
  title     = {Phrase structure of {Brazilian Sign Language}},
  editor    = {Anne Baker and Beppie {van den Bogaerde} and Onno Crasborn},
  pages     = {141--162},
  publisher = {Signum},
  address   = {Hamburg},
  year      = {2003},
}

@Article{Trinh:2009,
  author   = {Trinh, Tue},
  title    = {A Constraint on copy deletion},
  number   = {2/3},
  pages    = {183--227},
  volume   = {35},
  journal  = {Theoretical Linguistics},
  keywords = {head movement, SWpaper},
  year     = {2009},
}

@InCollection{Cheng:2000b,
  author    = {Cheng, Lisa},
  booktitle = {Wh-Scope Marking},
  title     = {Moving just the feature},
  editor    = {Lutz, Uli and Müller, Gereon and von Stechow, Arnim},
  pages     = {77--99},
  publisher = {John Benjamins},
  address   = {Amsterdam},
  year      = {2000},
}

@PhdThesis{hasegawa11a,
  author  = {Hasegawa, Akio},
  title   = {The semantics and pragmatics of {J}apanese focus particles},
  address = {Buffalo, N.Y.},
  school  = {State University of New York},
  year    = {2010},
}

@Article{Blevins99,
  author   = {Juliette Blevins},
  title    = {Untangling {L}eti infixation},
  number   = {2},
  volume   = {38},
  journal  = {Oceanic Linguistics},
  keywords = {Infixation},
  year     = {1999},
}

@PhdThesis{eythors:1995ab,
  author = {Eythórsson, Thórhallur},
  title  = {Verbal Syntax in the Early {Germanic} Languages},
  school = {Cornell University},
  year   = {1995},
}

@Article{Williams:1994zd,
  author  = {Williams, Edwin},
  title   = {Remarks on lexical knowledge},
  pages   = {7--34},
  volume  = {92},
  journal = {Lingua},
  year    = {1994},
}

@Misc{calabrese2019a,
  author       = {Calabrese, Andrea},
  title        = {Morphophonological Investigations: {A} Theory of {PF}. {F}rom syntax to phonology in {I}talian and {S}anskrit verb forms},
  howpublished = {Ms., University of Connecticut},
  ids          = {Calabrese2019},
  year         = {2019},
}

@Article{Rivero1994calabrese,
  author  = {Rivero, María Luisa},
  title   = {Clause Structure and {V}-movement in the Languages of the {B}alkans},
  pages   = {63--120},
  volume  = {12},
  ids     = {Rivero:1994, rivero1994a},
  journal = {Natural Languages and Linguistic Theory},
  year    = {1994},
}

@Article{Grewendorf2001,
  author  = {Grewendorf, Gunter},
  title   = {Multiple wh-fronting},
  number  = {1},
  pages   = {87--122},
  volume  = {32},
  journal = {Linguistic Inquiry},
  year    = {2001},
}

@InCollection{Travis:2006,
  author    = {Travis, Lisa deMena},
  booktitle = {Crosslinguistic Research in Syntax and Semantics. Negation, Tense and Clausal Architecture},
  title     = {{VP}-, {D}-Movement Languages},
  editor    = {Zanuttini, Rafaella and Campos, Héctor and Herburger, Elena and Portner, Paul H.},
  pages     = {127--150},
  publisher = {Georgetown University Press},
  keywords  = {CLS, VPpaper, SWpaper},
  year      = {2006},
}

@Article{DeBeuzeville.etal.2009,
  author     = {De Beuzeville, Louise and Trevor Johnston and Adam Schembri},
  title      = {The use of space with indicating verbs in {Auslan}: {A} corpus-based investigation},
  doi        = {10.1075/sll.12.1.03deb},
  number     = {1},
  pages      = {53--82},
  volume     = {12},
  bdsk-url-1 = {https://doi.org/10.1075/sll.12.1.03deb},
  journal    = {Sign Language \& Linguistics},
  year       = {2009},
}

@InCollection{Harley:2008ul,
  author    = {Harley, Heidi},
  booktitle = {Phi theory: {Phi}-features across modules and interfaces},
  title     = {{When is a syncretism more than a syncretism? Impoverishment, metasyncretism, and underspecification}},
  editor    = {Harbour, Daniel and Adger, David and Béjar, Susana},
  pages     = {251--294},
  publisher = {Oxford University Press},
  address   = {Oxford},
  year      = {2008},
}

@Article{mckenzie2015survey,
  author    = {McKenzie, Andrew},
  title     = {A survey of switch-reference in {N}orth {A}merica},
  number    = {3},
  pages     = {409--448},
  volume    = {81},
  journal   = {International Journal of American Linguistics},
  publisher = {Chicago: University of Chicago Press},
  year      = {2015},
}

@Article{Boeckx:2000kf,
  author  = {Boeckx, Cedric},
  title   = {{Quirky agreement}},
  number  = {3},
  pages   = {354--380},
  volume  = {54},
  journal = {Studia Linguistica},
  year    = {2000},
}

@Article{Bobaljik:va,
  author      = {Bobaljik, Jonathan D. and Wurmbrand, Susi},
  title       = {Word Order and Scope: {{Transparent}} Interfaces and the {¾} Signature},
  doi         = {10.1162/LING_a_00094},
  number      = {3},
  pages       = {371--421},
  volume      = {43},
  address     = {{Storrs}},
  affiliation = {University of Connecticut},
  bdsk-url-1  = {https://doi.org/10.1162/LING_a_00094},
  journal     = {Linguistic Inquiry},
  year        = {2012},
}

@Article{krifka1995,
  author  = {Krifka, Manfred},
  title   = {The Semantics and Pragmatics of Polarity Items},
  pages   = {209--257},
  volume  = {25},
  journal = {Linguistic Analysis},
  year    = {1995},
}

@Article{wurmbrand2014a,
  author  = {Wurmbrand, Susi},
  title   = {Tense and aspect in {E}nglish infinitives},
  number  = {3},
  pages   = {403--447},
  volume  = {45},
  journal = {Linguistic Inquiry},
  year    = {2014},
}

@InCollection{cinque2004,
  author    = {Guglielmo Cinque},
  booktitle = {Stuctures and beyond},
  title     = {{``Restructuring'' and functional structure}},
  editor    = {Adriana Belletti},
  number    = {3},
  pages     = {132--191},
  publisher = {Oxford University Press},
  series    = {{The Cartography of Syntactic Structures}},
  address   = {Oxford},
  year      = {2004},
}

@Book{Williams.2003,
  author    = {Williams, Edwin},
  title     = {Representation theory},
  publisher = {MIT Press},
  year      = {2003},
}

@Unpublished{Haslinger:2018b,
  author     = {Haslinger, Nina and Schmitt, Viola},
  title      = {Asymmetically distributive items and plural projection},
  note       = {Ms. {U}niversity of {V}ienna},
  url        = {https://www.univie.ac.at/konjunktion/texts.html},
  bdsk-url-1 = {https://www.univie.ac.at/konjunktion/texts.html},
  year       = {2019},
}

@Book{Cinque1990,
  author    = {Cinque, Guglielmo},
  title     = {Types of {A}'-dependencies},
  publisher = {MIT Press},
  address   = {Cambridge, MA},
  year      = {1990},
}

@Book{Landman:2000,
  author     = {Landman, Fred},
  title      = {Events and Plurality: {T}he {J}erusalem Lectures.},
  doi        = {10.1007/978-94-011-4359-2},
  publisher  = {Kluwer Academic Publishers},
  address    = {Dordrecht},
  bdsk-url-1 = {https://doi.org/10.1007/978-94-011-4359-2},
  year       = {2000},
}

@Article{Despic2013,
  author  = {Despić, Miloje},
  title   = {Binding and the structure of {NP} in {S}erbo-{Croatian}},
  number  = {2},
  pages   = {239--270},
  volume  = {44},
  journal = {Linguistic Inquiry},
  year    = {2013},
}

@Book{HeimKratzer1998,
  author    = {Heim, Irene and Angelika Kratzer},
  title     = {Semantics in generative grammar},
  publisher = {Blackwell},
  address   = {Malden, Massachusetts},
  year      = {1998},
}


@Article{KalinRolle21,
  author   = {Laura Kalin and Nicholas Rolle},
  title    = {Deconstructing subcategorization: {C}onditions on insertion vs. conditions on position},
  doi      = {10.1162/ling_a_00462},
  pubstate = {forthcoming},
  journal  = {Linguistic Inquiry},
}

@Article{pescarini2010a,
  author  = {Pescarini, Diego},
  title   = {Elsewhere in {Romance}: {E}vidence from Clitic Clusters.},
  number  = {3},
  pages   = {427--444},
  volume  = {41},
  ids     = {DiegoPescarini2010},
  journal = {Linguistic Inquiry},
  year    = {2010},
}

@Book{urgese2003a,
  author    = {Urgese, Tommaso},
  title     = {Grammatica del dialetto del {S}alento settentrionale: {V}iaggio nella lingua e cultura delle diocesi di {O}ria e {B}rindisi},
  publisher = {Assessorato alla pubblica Istruzione},
  address   = {Latiano, Puglia},
  year      = {2003},
}

@InCollection{Cheng2011,
  author    = {Cheng, Hsu-Te, Johnny},
  booktitle = {Proceedings of {Penn Linguistic Colloquium} 34},
  title     = {On the {DP}/{NP} analysis of {Mandarin} {Chinese} and its implications},
  editor    = {Lauren Friedman},
  pages     = {61--68.},
  year      = {2011},
}

@Article{FaustUlfsbjorninn2018,
  author  = {Faust, Noam and Nicola Lampitelli and Shanti Ulfsbjorninn},
  title   = {Articles of {I}talian unite! {I}talian definite articles without allomorphy.},
  number  = {3},
  pages   = {359--385},
  volume  = {63},
  journal = {The Canadian Journal of Linguistics/La revue canadienne de linguistique},
  year    = {2018},
}

@Article{fintel93,
  author  = {von Fintel, Kai},
  title   = {Exceptive constructions},
  doi     = {10.1007/BF00372560},
  pages   = {123--148},
  volume  = {1},
  journal = {Natural Language Semantics},
  year    = {1993},
}

@Article{Matushanski:2006ud,
  author     = {Matushansky, Ora},
  title      = {Head movement in linguistic theory},
  doi        = {10.1162/002438906775321184},
  number     = {1},
  pages      = {69--109},
  volume     = {37},
  bdsk-url-1 = {https://doi.org/10.1162/002438906775321184},
  journal    = {Linguistic Inquiry},
  rating     = {0},
  read       = {Yes},
  uri        = {papers3://publication/doi/10.1162/002438906775321184},
  year       = {2006},
}

@Article{Nevins2010:ab,
  author  = {Nevins, Andrew},
  title   = {Multiple agree with clitics: {Person} complementarity vs. omnivorous number},
  pages   = {939--971},
  volume  = {29},
  journal = {Natural Language \& Linguistic Theory},
  year    = {2011},
}

@PhdThesis{Despic2011,
  author  = {Despić, Miloje},
  title   = {Syntax in the Absence of Determiner Phrase},
  address = {Storrs},
  school  = {University of Connecticut},
  year    = {2011},
}

@PhdThesis{may1978grammar,
  author = {May, Robert},
  title  = {The grammar of quantification},
  school = {Massachusetts Institute of Technology},
  year   = {1978},
}

@Article{embick2004a,
  author  = {Embick, David},
  title   = {On the structure of Resultive Participles in {English}},
  number  = {3},
  pages   = {355--392},
  volume  = {35},
  journal = {Linguistic Inquiry},
  year    = {2004},
}

@Article{Antonyuk2021,
  author  = {Antonyuk, Svitlana},
  title   = {{Russian OVS}: {Towards} a Better Understanding of the Construction’s Properties and Significance},
  number  = {FASL 28 extra issue},
  volume  = {29},
  journal = {Journal of Slavic Linguistics},
  page    = {1--19},
  year    = {2021},
}

@Article{giannak2007,
  author  = {Giannakidou, Anastasia},
  title   = {The landscape of {EVEN}},
  pages   = {39--81},
  volume  = {25},
  journal = {Natural Language and Linguistic Theory},
  year    = {2007},
}

@Article{zyman2017p,
  author  = {Zyman, Erik},
  title   = {P'urhepecha hyperraising to object: {A}n argument for purely altruistic movement},
  number  = {53},
  pages   = {1--15},
  volume  = {2},
  journal = {Proceedings of the {Linguistic Society of America}},
  year    = {2017},
}

@InCollection{Massam:2001a,
  author    = {Massam, Diane},
  booktitle = {Objects and Other Subjects},
  title     = {On predication and the status of subjects in {N}iuean},
  editor    = {Davies, William D. and Dubinsky, Stanley},
  pages     = {225--246},
  publisher = {Springer},
  address   = {Dordrecht, The Netherlands},
  keywords  = {SWpaper},
  year      = {2001},
}

@Book{Craenenbroeck2009,
  author    = {van Craenenbroeck, Jeroen},
  title     = {Alternatives to Cartography},
  publisher = {Mouton},
  address   = {Berlin},
  year      = {2009},
}

@Article{fleisher2016,
  author  = {Fleisher, Nicholas},
  title   = {Comparing theories of quantifiers in \textit{than} clauses: {Lessons} from downward-entailing differentials},
  number  = {4},
  pages   = {1--23},
  volume  = {9},
  journal = {Semantics and Pragmatics},
  year    = {2016},
}

@Article{Kratzer:2009jq,
  author  = {Kratzer, Angelika},
  title   = {{Making a pronoun: {Fake} indexicals as windows into the properties of pronouns}},
  number  = {2},
  pages   = {187--237},
  volume  = {40},
  journal = {Linguistic Inquiry},
  year    = {2009},
}

@InCollection{muraki78,
  author    = {Muraki, Masatake},
  booktitle = {Problems in {J}apanese Syntax and Semantics},
  title     = {The \emph{sika nai} construction and predicate restructuring},
  editor    = {Hinds, John and Howard, Irwin},
  pages     = {155--177},
  publisher = {Kaitakusha},
  address   = {Tokyo},
  year      = {1978},
}

@InCollection{Kiparsky82,
  author    = {Paul Kiparsky},
  booktitle = {Linguistics in the morning calm},
  title     = {Lexical morphology and phonology},
  editor    = {The Linguistic Society of Korea},
  pages     = {3--92},
  publisher = {Hanshin Publishing},
  address   = {Seoul},
  keywords  = {Phonology},
  year      = {1982},
}

@Book{birkhoff40a,
  author    = {Birkhoff, Garrett},
  title     = {Lattice Theory},
  number    = {25},
  publisher = {American Mathematical Society},
  series    = {Colloquium Publications},
  address   = {Providence, R.I.},
  booktitle = {Lattice Theory},
  year      = {1940},
}

@InCollection{HalleMarantz94,
  author    = {Morris Halle and Alec Marantz},
  booktitle = {{MITWPL} 21: Papers on phonology and morphology},
  title     = {Some key features of {D}istributed {M}orphology},
  editor    = {Andrew Carnie and Heidi Harley and Tony Bures},
  pages     = {275--288},
  publisher = {{MIT} Working Papers in Linguistics},
  address   = {Cambridge, MA},
  keywords  = {Distributed Morphology},
  year      = {1994},
}

@Article{Wurmbrand2007newell,
  author  = {Wurmbrand, Susi},
  title   = {How complex are complex predicates},
  pages   = {243--288},
  volume  = {10},
  journal = {Syntax},
  year    = {2007},
}

@InCollection{wagner2009focus,
  author    = {Wagner, Michael},
  booktitle = {Alternatives to cartography},
  title     = {Focus, topic, and word order: {A} compositional view},
  editor    = {Jeroen van Craenenbroeck},
  pages     = {53--86},
  publisher = {Mouton De Gruyter},
  address   = {Berlin/New York},
  year      = {2009},
}

@InProceedings{Buckley97,
  author    = {Eugene Buckley},
  booktitle = {Proceedings of the 23rd annual meeting of the {B}erkeley {L}inguistics {S}ociety},
  title     = {Explaining {K}ashaya infixation},
  editor    = {Matthew L. Juge and Jeri L. Moxley},
  pages     = {14--25},
  publisher = {Berkeley Linguistics Society},
  address   = {Berkeley},
  keywords  = {Infixation},
  year      = {1997},
}

@PhdThesis{Nilsen2003,
  author = {Nilsen, Øystein},
  title  = {Eliminating Positions: Syntax and Semantics of Sentence Modification},
  school = {Utrecht University.},
  year   = {2003},
}

@Book{Rizzi:1990,
  author    = {Rizzi, Luigi},
  title     = {Relativized {M}inimality},
  publisher = {MIT Press},
  address   = {Cambridge, MA},
  keywords  = {functional categories, SWpaper},
  year      = {1990},
}

@Book{Koopman:2000,
  author    = {Koopman, Hilda and Szabolcsi, Anna},
  title     = {Verbal complexes},
  publisher = {MIT Press},
  address   = {Cambridge, Massachusetts},
  keywords  = {VPpaper, SWpaper},
  year      = {2000},
}

@InCollection{Wurmbrand:2014vz,
  author    = {Wurmbrand, Susi},
  booktitle = {Minimalism and beyond: {R}adicalizing the Interfaces},
  title     = {The {{Merge Condition}}: {{A}} Syntactic Approach to Selection},
  editor    = {Kosta, Peter and Schürcks, Lilia and Franks, Steven and {Radeva-Bork}, Teodora},
  pages     = {139--177},
  publisher = {{John Benjamins}},
  address   = {{Amsterdam}},
  local-url = {file://localhost/Users/Grunar\%201/Dropbox/Library.papers3/Files/8C/8C9B1393-1F92-4E7E-8FA7-9BB7B8748BEA.pdf},
  rating    = {0},
  read      = {Yes},
  uri       = {papers3://publication/uuid/46802DAF-2FA6-4C2B-BC5D-B45BF30A2162},
  year      = {2014},
}

@Misc{Quadros.etal.2004,
  author = {Müller de Quadros, Ronice and Diane Lillo-Martin and Deborah Chen Pichler},
  title  = {Clause structure in {LSB} and {ASL}},
  note   = {Presentation at DGfS 26 in Mainz},
  year   = {2004},
}

@InProceedings{Dawson17,
  author    = {Virginia Dawson},
  booktitle = {Proceedings of {NELS} 47},
  title     = {Optimal clitic placement in {T}iwa},
  editor    = {Andrew Lamont and Katerina A. Tetzloff},
  pages     = {243--256},
  publisher = {GLSA},
  address   = {Amherst},
  keywords  = {Morphology},
  year      = {2017},
}

@Article{stechow1996,
  author  = {von Stechow, Arnim},
  title   = {The Different Readings of {\em Wieder} `Again': {A} Structural Account},
  number  = {2},
  pages   = {87--138},
  volume  = {13},
  journal = {Journal of Semantics},
  year    = {1996},
}

@Article{kucerova2016long,
  author    = {Kučerová, Ivona},
  title     = {{Long-distance agreement in Icelandic: {Locality} restored}},
  number    = {1},
  pages     = {49--74},
  volume    = {19},
  journal   = {The Journal of Comparative Germanic Linguistics},
  publisher = {Springer},
  year      = {2016},
}

@Article{wurmbrand08b,
  author     = {Wurmbrand, Susi},
  title      = {\emph{Nor\/}: neither disjunction nor paradox},
  doi        = {10.1162/ling.2008.39.3.511},
  number     = {3},
  pages      = {511--522},
  volume     = {39},
  bdsk-url-1 = {https://doi.org/10.1162/ling.2008.39.3.511},
  journal    = {Linguistic Inquiry},
  publisher  = {MIT Press},
  year       = {2008},
}

@Article{kim2016islands,
  author    = {Kim, Boyoung and Goodall, Grant},
  title     = {Islands and non-islands in native and heritage {K}orean},
  pages     = {134},
  volume    = {7},
  journal   = {Frontiers in psychology},
  publisher = {Frontiers},
  year      = {2016},
}

@Book{burzio1986italian,
  author    = {Burzio, Luigi},
  title     = {Italian syntax: {A} {G}overnment-{B}inding approach},
  number    = {1},
  publisher = {D. Reidel},
  series    = {Studies in Natural Language and Linguistic Theory},
  address   = {Dordrecht},
  year      = {1986},
}

@InCollection{Marantz1991,
  author    = {Marantz, Alec},
  booktitle = {Proceedings of {ESCOL} '91},
  title     = {Case and Licensing},
  editor    = {Westphal, Germán and Ao, Benjamin and Chae, Hee-Rahk},
  pages     = {234--253},
  publisher = {Ohio State University},
  year      = {1991},
}

@PhdThesis{Ussery:2009jd,
  author = {Ussery, Cherlon},
  title  = {Optionality and Variability: {Syntactic} Licensing Meets Morphological Spell-Out},
  school = {University of Massachusetts, Amherst},
  year   = {2009},
}

@Article{ZaenenThrainsson1985,
  author   = {Zaenen, Annie and Joan Maling and Höskuldur Thráinsson},
  title    = {Case and grammatical functions: {{T}}he {Icelandic} passive},
  pages    = {441--483},
  volume   = {3},
  journal  = {Natural Language and Linguistic Theory},
  sortname = {Zaenen, Annie and Joan Maling and Hoskuldur Thrainsson},
  year     = {1985},
}

@InCollection{BondarenkoColin2018,
  author    = {Bondarenko, Tatiana and Davis, Colin},
  booktitle = {Proceedings of the 49th Annual Meeting of the {{North East Linguistic Society}}},
  title     = {Parasitic gaps diagnose concealed pied-piping in {Russian}},
  editor    = {Maggie Baird and Jonathan Pesetsky},
  publisher = {GLSA},
  year      = {2018},
}

@InProceedings{Lema:1989,
  author    = {Lema, José and Rivero, María Luisa},
  booktitle = {Proceedings of the {N}orth {E}ast {L}inguistic {S}ociety},
  title     = {Long Head Movement: {ECP} vs. {HMC}},
  editor    = {Carter, Juli and Déchaine, Rose-Marie and Philip, Bill and Sherer, Tim},
  pages     = {333--347},
  keywords  = {VPpaper, LHM, SWpaper},
  year      = {1989},
}

@Article{newell2019functional,
  author  = {Newell, Heather},
  title   = {Functional vs lexical structure without the Prosodic Hierarchy},
  journal = {Invited talk at Segmental Processes in Interaction with Prosodic Structure (SPIPS). University of Tromsø. Sept. 19-20.},
  year    = {2019},
}

@InCollection{VanderKlok2016,
  author    = {Vander Klok, Jozina},
  booktitle = {Proceedings of the 22nd meeting of the {Austronesian Formal Linguistics Association} ({AFLA XXII})},
  title     = {Diagnosing {VP}-ellipsis in {Javanese}: {Evidence} for a non-movement and a movement account},
  editor    = {Henrison Hsieh},
  number    = {27},
  pages     = {202--219},
  publisher = {Pacific Linguistics Press},
  series    = {Asia-Pacific Linguistics},
  url       = {http://hdl.handle.net/1885/101155},
  address   = {Canberra},
  year      = {2016},
}

@InCollection{Kager96,
  author    = {René Kager},
  booktitle = {Interfaces in {P}honology},
  title     = {On affix allomorphy and syllable counting},
  editor    = {Ursula Kleinhenz},
  pages     = {155--171},
  publisher = {Akademie Verlag},
  series    = {Studia Grammatica 41},
  address   = {Berlin},
  keywords  = {Morphology},
  year      = {1996},
}

@Article{Wurmbrand:2013tb,
  author    = {Wurmbrand, Susi},
  title     = {Stripping and Topless Complements},
  number    = {2},
  pages     = {341--366},
  volume    = {48},
  journal   = {Linguistic Inquiry},
  local-url = {file://localhost/Users/Grunar\%201/Dropbox/Library.papers3/Articles/2013/Wurmbrand/Lingbuzz\%202013\%20Wurmbrand.pdf},
  rating    = {0},
  read      = {Yes},
  uri       = {papers3://publication/uuid/6AC4DCF3-F704-4623-A491-CC4A9272E714},
  year      = {2017},
}

@PhdThesis{legrand1975,
  author = {LeGrand, Jean Ehrenkranz},
  title  = {Or and Any: {T}he Semantics and Syntax of Two Logical Operators},
  school = {University of {Chicago}},
  year   = {1975},
}

@Article{Wurmbrand:2013tf,
  author  = {Wurmbrand, Susi},
  title   = {Parasitic Participles in {{Germanic}}: {{Evidence}} for the Theory of Verb Clusters},
  number  = {1},
  pages   = {129--156},
  volume  = {64},
  journal = {Taal {{\&}} Tongval},
  rating  = {0},
  read    = {Yes},
  uri     = {papers3://publication/uuid/564C2401-0784-47B0-AF4B-7273DE0FE150},
  year    = {2012},
}

@InProceedings{alboiu2011case,
  author    = {Alboiu, Gabriela and Hill, Virginia},
  booktitle = {Proceedings of {NELS} 42},
  title     = {The case of {A}-bar {ECM}: {E}vidence from {R}omanian},
  editor    = {Keine, Stefan AND Sloggett, Shayne},
  publisher = {University of {T}oronto},
  address   = {Toronto},
  page      = {25--38},
  year      = {2011},
}

@Article{Abels:2012,
  author   = {Abels, Klaus and Neeleman, Ad},
  title    = {Linear Asymmetries and the {LCA}},
  number   = {1},
  pages    = {25--74},
  volume   = {15},
  journal  = {Syntax},
  keywords = {VPpaper},
  year     = {2012},
}

@Article{stechow1984,
  author  = {von Stechow, Arnim},
  title   = {Comparing Semantic Theories about Comparison},
  number  = {1--2},
  pages   = {1--77},
  volume  = {3},
  journal = {Journal of Semantics},
  year    = {1984},
}

@Book{Stek12,
  author    = {Pavol Štekauer and Salvador Valera and Lívia Kőrtvélyessy},
  title     = {Word-Formation in the World's Languages: {A} typological survey},
  publisher = {Cambridge University Press},
  address   = {Cambridge},
  keywords  = {Morphology},
  year      = {2012},
}

@Article{KitagawaRoss1982,
  author  = {Kitagawa, Chisato and Claudia N. G. Ross},
  title   = {Prenominal modification in {Chinese} and {Japanese}},
  pages   = {19--53},
  volume  = {9},
  journal = {Linguistic Analysis},
  year    = {1982},
}

@PhdThesis{abels2003,
  author  = {Abels, Klaus},
  title   = {Successive Cyclicity, Anti-Locality, and Adposition Stranding},
  address = {Storrs, Connecticut},
  school  = {University of Connecticut},
  year    = {2003},
}

@Book{ErteschikShir.1997,
  author    = {Erteschik-Shir, Nomi},
  title     = {The dynamics of focus structure},
  publisher = {Cambridge University Press},
  address   = {Cambridge, UK},
  year      = {1997},
}

@Article{Rivero:1991a,
  author   = {Rivero, María Luisa},
  title    = {Long head movement and negation: {S}erbo-{C}roatian vs. {S}lovak and {C}zech},
  pages    = {319--351},
  volume   = {8},
  journal  = {The Linguistic Review},
  keywords = {head movement, VPpaper, LHM, SWpaper},
  year     = {1991},
}

@PhdThesis{Pfaff:2015tp,
  author  = {Pfaff, Alexander},
  title   = {Adjectival and genitival modification in definite noun phrases in {{Icelandic}}},
  type    = {{{PhD}} Dissertation},
  address = {{Troms\o}},
  rating  = {0},
  read    = {Yes},
  school  = {University of Troms\o},
  uri     = {papers3://publication/uuid/46043894-B698-423A-8FB3-EDDC8815FC6D},
  year    = {2015},
}

@PhdThesis{Bobaljik.1995,
  author = {Jonathan D. Bobaljik},
  title  = {Morphosyntax: {T}he syntax of verbal inflection},
  school = {MIT},
  year   = {1995},
}

@InCollection{Asarina2013,
  author    = {Asarina, Alevtina Alya},
  booktitle = {{Proceedings of the 41st annual meeting of the North East Linguistic Society}},
  title     = {Neutrality vs. Ambiguity in Resolution by Syncretism: {Experimental} Evidence and Consequences},
  editor    = {Fainleib, Yelena and LaCara, Nicholas and Park, Yangsook},
  pages     = {43--56},
  publisher = {GLSA Publications},
  address   = {Amherst, MA},
  year      = {2013},
}

@InCollection{rizzi1997fine,
  author    = {Rizzi, Luigi},
  booktitle = {Elements of grammar},
  title     = {The fine structure of the left periphery},
  editor    = {Liliane Haegeman},
  pages     = {281--337},
  publisher = {Springer},
  address   = {Dordrecht},
  year      = {1997},
}

@Article{atlamaz2018partial,
  author    = {Atlamaz, Ümit and Baker, Mark C.},
  title     = {On partial agreement and oblique case},
  number    = {3},
  pages     = {195--237},
  volume    = {21},
  journal   = {Syntax},
  publisher = {Wiley Online Library},
  year      = {2018},
}

@InCollection{Lechner:2006,
  author     = {Lechner, Winfried},
  booktitle  = {Phases of Interpretation},
  title      = {Interpretive Effects of {H}ead {M}ovement},
  editor     = {Frascarelli, Mara},
  pages      = {45--70},
  publisher  = {Walter de Gruyter},
  url        = {http://ling.auf.net/lingBuzz/000178},
  address    = {Berlin},
  bdsk-url-1 = {http://ling.auf.net/lingBuzz},
  keywords   = {SWpaper},
  urlyear    = {2007},
  year       = {2006},
}

@InCollection{Selkirk:2011wv,
  author     = {Selkirk, Elisabeth},
  booktitle  = {The Handbook of Phonological Theory},
  title      = {The syntax-phonology interface},
  doi        = {10.1002/9781444343069.ch14},
  edition    = {2},
  editor     = {Goldsmith, John AND Riggle, Jason AND Yu, Alan C. L.},
  pages      = {435--484},
  publisher  = {{Wiley-Blackwell}},
  address    = {{Oxford}},
  bdsk-url-1 = {https://doi.org/10.1002/9781444343069.ch14},
  local-url  = {file://localhost/Users/Grunar\%201/Dropbox/Library.papers3/Files/3E/3E1BC448-2376-40CB-82E7-74CF7A2ABD79.pdf},
  rating     = {0},
  read       = {Yes},
  uri        = {papers3://publication/uuid/C09201AE-F354-43F9-AFBC-2197BFCB5E4F},
  year       = {2011},
}

 
@Article{ozsoy1996dependencies,
  author  = {Özsoy, Sumru},
  title   = {A’-dependencies in Turkish},
  pages   = {111--125},
  volume  = {1},
  journal = {Current {Issues in Turkish linguistics}},
  year    = {1996},
}

@InCollection{roberts2010a,
  author    = {Roberts, Ian},
  booktitle = {Gradience, gradualness and grammaticalization},
  title     = {Grammaticalization, the clausal hierarchy and semantic bleaching},
  editor    = {Traugott, Elizbeth C. and Trousdale, Graeme},
  pages     = {45--73},
  publisher = {John Benjamins},
  address   = {Amsterdam},
  year      = {2010},
}

@Article{SigOnt,
  author  = {Sigurðsson, Halldór Ármann},
  title   = {On the New Passive},
  number  = {2},
  pages   = {148--178},
  volume  = {14},
  journal = {Syntax},
  year    = {2011},
}

@InCollection{Marantz:1988ug,
  author     = {Marantz, Alec},
  booktitle  = {Theoretical morphology: {{Approaches}} in modern linguistics},
  title      = {Clitics, morphological merger, and the mapping to phonological structure},
  editor     = {Hammond, Michael and Noonan, Michael},
  publisher  = {{Academic Press}},
  address    = {San Diego},
  bdsk-url-1 = {http://scholar.google.com/scholar?q=related:NxJNRxpmNSAJ:scholar.google.com/&hl=en&num=30&as_sdt=0,5&as_ylo=1988&as_yhi=1988},
  rating     = {0},
  year       = {1988},
}

@Article{CoonKeine2020,
  author  = {Coon, Jessica and Keine, Stefan},
  title   = {Feature gluttony},
  number  = {4},
  pages   = {655--710},
  volume  = {52},
  journal = {Linguistic Inquiry},
  year    = {2021},
}

@Article{obata2011feature,
  author    = {Obata, Miki and Epstein, Samuel David},
  title     = {Feature-Splitting Internal Merge: {I}mproper Movement, Intervention, and the {A/A′} Distinction},
  number    = {2},
  pages     = {122--147},
  volume    = {14},
  journal   = {Syntax},
  publisher = {Wiley Online Library},
  year      = {2011},
}

@PhdThesis{richards1997,
  author  = {Norvin Richards},
  title   = {What moves where when in which language?},
  address = {Cambridge},
  school  = {Massachusetts Institute of Technology},
  year    = {1997},
}

@InCollection{Mascaro96,
  author    = {Joan Mascaró},
  booktitle = {Current trends in phonology: Models and methods},
  title     = {External allomorphy as emergence of the unmarked},
  editor    = {Jacques Durand and Bernard Laks},
  pages     = {473--483},
  publisher = {University of Salford, European Studies Research Institute},
  address   = {Salford, Manchester},
  keywords  = {Morphology},
  year      = {1996},
}

@Article{Bobaljik1999,
  author  = {Bobaljik, Jonathan D.},
  title   = {Adverbs: {{T}}he hierarchy paradox},
  pages   = {27--28},
  volume  = {4},
  journal = {Glot International},
  year    = {1999},
}

@Article{embick2000a,
  author  = {Embick, David},
  title   = {Features, Syntax and Categories in the {L}atin Perfect},
  number  = {2},
  pages   = {185--230},
  volume  = {31},
  journal = {Linguistic Inquiry},
  year    = {2000},
}

@Article{baker2010agreement,
  author  = {Baker, Mark C. and Willie, Willie Udo},
  title   = {Agreement in {Ibibio}: {From} Every Head to Every Head},
  number  = {2},
  pages   = {99--132},
  volume  = {13},
  journal = {Syntax},
  year    = {2010},
}

@InCollection{kratzershimo2002,
  author    = {Kratzer, Angelika and Shimoyama, Junko},
  booktitle = {Proceedings of the 3rd {Tokyo} {Conference} on {Psycholinguistics}},
  title     = {Indeterminate Pronouns: {T}he View from {J}apanese},
  editor    = {Otsu, Yukio},
  pages     = {1--25},
  publisher = {Hituzi Syobo},
  address   = {Tokyo},
  year      = {2002},
}

@PhdThesis{Hardarson:2016wd,
  author  = {Harðarson, Gísli Rúnar},
  title   = {Cycling through grammar: {{On}} compounds, noun phrases and domains},
  address = {{Storrs, CT}},
  school  = {University of Connecticut},
  uri     = {papers3://publication/uuid/497712AF-8EBB-47C7-8305-501EEE98A1C8},
  year    = {2017},
}

@Article{Massam:2001,
  author   = {Massam, Diane},
  title    = {Pseudo noun incorporation in {N}iuean},
  number   = {1},
  pages    = {153--197},
  volume   = {19},
  journal  = {Natural Language and Linguistic Theory},
  keywords = {VPpaper, SWpaper},
  year     = {2001},
}

@Article{SmithBobaljik2019,
  author  = {Peter W. Smith and Beata Moskal and Ting Xu and Jungmin Kang and Jonathan D. Bobaljik},
  title   = {Case and number suppletion in pronouns},
  number  = {3},
  pages   = {1029--1101},
  volume  = {37},
  journal = {Natural Language \& Linguistic Theory},
  year    = {2019},
}

@Book{Neidle.etal.2000,
  author    = {Neidle, Carol and Judy Kegl and Dawn MacLaughlin and Benjamin Bahan and Robert G. Lee},
  title     = {The syntax of {American Sign Language}: {F}unctional categories and hierarchical structure},
  publisher = {MIT Press},
  year      = {2000},
}

@InProceedings{Bergman.1980,
  author    = {Bergman, Brita},
  booktitle = {Papers from the {First International Symposium on Sign Language Research}},
  title     = {On Localisation in the {Swedish Sign Language}},
  editor    = {Ahlgren, Inger and Bergman, Brita},
  pages     = {81--92},
  publisher = {Swedish National Association of the Deaf},
  address   = {Leksand},
  year      = {1980},
}

@Article{scheer2009external,
  author  = {Scheer, Tobias},
  title   = {External sandhi: what the initial {CV} is initial of},
  pages   = {43--82},
  volume  = {47},
  journal = {Studi e Saggi Linguistici},
  year    = {2009},
}

@PhdThesis{Savescu:2009al,
  author     = {Săvescu Cuicivara, Oana},
  title      = {A syntactic analysis of pronominal clitic clusters in {Romance}: {The} view from {Romanian}},
  school     = {New York University},
  year       = {2009},
}

@Article{harbour14a,
  author     = {Harbour, Daniel},
  title      = {Paucity, abundance, and the theory of number},
  doi        = {10.1353/lan.2014.0003},
  pages      = {185--229},
  volume     = {90},
  bdsk-url-1 = {https://doi.org/10.1353/lan.2014.0003},
  journal    = {Language},
  publisher  = {Linguistic Society of America},
  year       = {2014},
}

@Article{Kalin20,
  author   = {Laura Kalin},
  title    = {Morphology before phonology: A case study of {T}uroyo ({N}eo-{A}ramaic)},
  number   = {3},
  pages    = {135--184},
  volume   = {30},
  journal  = {Morphology},
  keywords = {Morphology},
  year     = {2020},
}

@Book{SheehanBRH.2017,
  author    = {Sheehan, Michelle and Theresa Biberauer and Ian Roberts and Anders Holmberg},
  title     = {{The Final-Over-Final Condition}},
  publisher = {MIT Press},
  year      = {2017},
}

@Article{calabrese2020,
  author     = {Calabrese, Andrea},
  title      = {Remarks on the role of the perfect participle in {Italian} morphology and on its history},
  doi        = {10.1515/probus-2020-0006},
  number     = {2},
  volume     = {32},
  bdsk-url-1 = {https://doi.org/10.1515/probus-2020-0006},
  ids        = {calabrese2020remarks,calabrese2020a},
  journal    = {Probus},
  year       = {2020},
}

@InCollection{MontalbettiMarioTravis1982,
  author    = {Montalbetti Mario and Mamoru Saito and Lisa deMena Travis},
  booktitle = {Papers from the Eighteenth Regional Meeting, {Chicago} Linguistic Society},
  title     = {Three ways to get `tough'},
  editor    = {Kevin Tuite, Robinson Schneider and Robert Chametzky},
  pages     = {348--366},
  publisher = {University of Chicago, Chicago Linguistic Society},
  address   = {Chicago},
  year      = {1982},
}

@Article{reinhart1997,
  author  = {Reinhart, Tanya},
  title   = {Quantifier Scope: {H}ow Labor is Divided Between {QR} and choice functions},
  pages   = {335--397},
  journal = {Linguistics and Philosophy},
  vlume   = {20},
  year    = {1997},
}

@Article{Roberts1997,
  author  = {Roberts, Ian},
  title   = {Restructuring, head movement, and locality},
  pages   = {423--460},
  volume  = {28},
  journal = {Linguistic Inquiry},
  year    = {1997},
}

@InCollection{Bobaljik00,
  author    = {Jonathan D. Bobaljik},
  booktitle = {University of {M}aryland {W}orking {P}apers in {L}inguistics},
  title     = {The ins and outs of contextual allomorphy},
  editor    = {Kleanthes K. Grohmann and Caro Struijke},
  pages     = {35--71},
  publisher = {University of Maryland, Dept.\ of Linguistics},
  address   = {College Park},
  keywords  = {Morphology},
  year      = {2000},
}

@Article{Rackowski:2005,
  author    = {Rackowski, Andrea and Richards, Norvin},
  title     = {Phase Edge and Extraction: A {T}agalog Case Study},
  number    = {4},
  pages     = {565--599},
  volume    = {36},
  journal   = {Linguistic Inquiry},
  local-url = {file://localhost/Users/kyle/Documents/Bookends/Attachments/*Linguistic%20Inquiry/36.4rackowski.pdf},
  year      = {2005},
}

@Article{ramchand2014deriving,
  author    = {Ramchand, Gillian C. and Svenonius, Peter},
  title     = {Deriving the functional hierarchy},
  pages     = {152--174},
  volume    = {46},
  journal   = {Language sciences},
  publisher = {Elsevier},
  year      = {2014},
}

@Article{chierchia1986a,
  author  = {Chierchia, Gennaro},
  title   = {Length, syllabification and the phonological cycle in Italian},
  pages   = {5--34},
  volume  = {8},
  journal = {Journal of Italian Linguistics},
  year    = {1986},
}

@InCollection{Stowell:2013,
  author     = {Tim Stowell},
  booktitle  = {Strategies of Quantification},
  title      = {Binominal \textit{each}},
  doi        = {10.1093/acprof:oso/9780199692439.003.0012},
  editor     = {Kook-Hee Gil and Stephen Harlow and George Tsoulas},
  pages      = {260--294},
  publisher  = {Oxford University Press},
  address    = {Oxford},
  bdsk-url-1 = {https://doi.org/10.1093/acprof:oso/9780199692439.003.0012},
  year       = {2013},
}

@Article{lees1961,
  author  = {Lees, Robert B.},
  title   = {The {English} comparative construction},
  pages   = {171--185},
  volume  = {17},
  journal = {Word},
  year    = {1961},
}

@Unpublished{Roberts1993,
  author = {Roberts, Ian},
  title  = {Restructuring, pronoun movement and head-movement in {Old French}},
  note   = {Ms., University of Wales, Bangor.},
  year   = {1993},
}

@Article{boskovic2007,
  author  = {Bošković, Željko},
  title   = {On the Locality and Motivation of {M}ove and {A}gree: {A}n Even More Minimal Theory},
  number  = {4},
  pages   = {589--644},
  volume  = {38},
  journal = {Linguistic Inquiry},
  year    = {2007},
}

@InProceedings{kawahara08a,
  author    = {Kawahara, Koji},
  booktitle = {Proceedings of {NELS} 37},
  title     = {A new perspective on {J}apanese \emph{sika-nai} construction},
  editor    = {Walkow, Martin and Elfner, Emily},
  pages     = {1--14},
  volume    = {2},
  year      = {2008},
}

@InCollection{Rackowski:2000,
  author    = {Rackowski, Andrea and Travis, Lisa deMena},
  booktitle = {The Syntax of Verb Initial Languages},
  title     = {V-initial Languages: {X} or {XP} Movement and Adverbial Placement},
  editor    = {Carnie, Andrew and Guilfoyle, Eithne},
  pages     = {117--142},
  publisher = {Oxford University Press},
  keywords  = {VPpaper},
  year      = {2000},
}

@InCollection{Massam:2010,
  author    = {Massam, Diane},
  booktitle = {Austronesian and Theoretical Linguistics},
  title     = {Deriving inverse order: {The} issue of arguments},
  editor    = {Mercado, Raphael and Potsdam, Eric and Travis, Lisa deMena},
  publisher = {John Benjamins},
  keywords  = {roll-up, VPpaper, SWpaper},
  type      = {271-296},
  year      = {2010},
}

@Article{dayal1998,
  author  = {Dayal, Veneeta},
  title   = {\textit{Any} as inherently modal},
  pages   = {433--476},
  volume  = {21},
  journal = {Linguistics and Philosophy},
  year    = {1998},
}

@InCollection{rizzi1978a,
  author    = {Rizzi, Luigi},
  booktitle = {Recent transformational studies in {E}uropean languages},
  title     = {A Restructuring Rule in {I}talian Syntax},
  editor    = {Keyser, Samuel Jay},
  pages     = {113--158},
  publisher = {MIT Press},
  address   = {Cambridge, MA},
  year      = {1978},
}

@InProceedings{Haslinger:2018a,
  author     = {Haslinger, Nina and Schmitt, Viola},
  booktitle  = {Proceedings of {SALT} 28},
  title      = {Scope-related cumulativity asymmetries and cumulative composition},
  doi        = {10.3765/salt.v28i0.4404},
  editor     = {Maspong, Sireemas and Stefánsdóttir Brynhildur and Blake, Katherine and Forrest, Davis},
  pages      = {197--216},
  bdsk-url-1 = {http://dx.doi.org/10.3765/salt.v28i0.4404},
  year       = {2018},
}

@Unpublished{Cable:2004,
  author   = {Cable, Seth},
  title    = {Predicate Clefts and Base Generation: {Evidence} From {Y}iddish and {B}razilian {P}ortuguese},
  note     = {{MIT}},
  keywords = {SWpaper},
  year     = {2004},
}

@Article{Calabrese:2023,
  author   = {Calabrese, Andrea},
  title    = {Latin verbal morphology and the diachronic development of its thematic and athematic constructions},
  pubstate = {forthcoming},
  journal  = {Probus},
}

@Article{harley2002person,
  author  = {Harley, Heidi and Elizabeth Ritter},
  title   = {Person and number in pronouns: {A} feature-geometric analysis},
  number  = {3},
  pages   = {482--526},
  volume  = {78},
  journal = {Language},
  year    = {2002},
}

@Article{Wilkinson:1971,
  author  = {Wilkinson, Robert},
  title   = {Complement Subject Deletion and Subset Relations},
  number  = {4},
  pages   = {575--584},
  volume  = {2},
  journal = {Linguistic Inquiry},
  year    = {1971},
}

@PhdThesis{Costello.2015,
  author = {Brendan Costello},
  title  = {Language and modality: {E}ffects of the use of space in the agreement system of {Lengua de Signos Espa{\~n}ola} ({Spanish Sign Language})},
  school = {University of Amsterdam},
  year   = {2015},
}

@Article{Mathesius1939,
  author   = {Mathesius, Vilém},
  title    = {On the so called functional sentence perspective.},
  pages    = {171--174},
  volume   = {5},
  journal  = {Slovo a Slovestnost},
  sortname = {Mathesius, Vilem},
  year     = {1939},
}

@InCollection{Chung:1976a,
  author    = {Chung, Sandra},
  booktitle = {Subject and Topic},
  title     = {Subject of Two Passives in {I}ndonesian},
  editor    = {Charles Li},
  publisher = {Academic Press},
  keywords  = {SWpaper},
  year      = {1976},
}

@InCollection{HalleMarantz1993,
  author    = {Halle, Morris and Alec Marantz},
  booktitle = {The View from {Building} 20: {E}ssays in linguistics in honor of {S}ylvain {B}romberger},
  title     = {Distributed Morphology and the pieces of inflection},
  editor    = {Ken Hale and Samuel Jay Keyser},
  pages     = {111--176},
  publisher = {MIT Press},
  address   = {Cambridge, MA},
  ids       = {HalleMarantz93, halle1993a, Halle:1993b},
  year      = {1993},
}

@Article{kadmonlandmann1993,
  author  = {Kadmon, Nirit and Landman, Fred},
  title   = {Any},
  pages   = {353--422},
  volume  = {16},
  journal = {Linguistics and Philosophy},
  year    = {1993},
}

@Article{gajewski08b,
  author  = {Gajewski, Jon},
  title   = {{NPI} \emph{any} and connected exceptive phrases},
  doi     = {10.1007/s11050-007-9025-8},
  pages   = {69--110},
  volume  = {16},
  journal = {Natural Language Semantics},
  year    = {2008},
}

@InProceedings{bobaljik2000a,
  author    = {Bobaljik, Jonathan D.},
  booktitle = {Proceedings of the {Maryland Mayfest on Morphology}},
  title     = {The ins and outs of contextual allomorphy},
  editor    = {Grohmann, Kleanthes and Struijke, Caro},
  pages     = {35--71},
  publisher = {University of Maryland, Department of Linguistics},
  address   = {College Park},
  year      = {2000},
}

@PhdThesis{Dalmi2004,
  author = {Dalmi, Gréte},
  title  = {The role of {AGRP} in non-finite predication},
  school = {Eötvös Loránd University (ELTE)},
  year   = {2004},
}

@PhdThesis{vanUrk:2015a,
  author   = {van Urk, Coppe},
  title    = {A uniform syntax for phrasal movement: {A} case study of {D}inka {B}or},
  keywords = {A vs. Abar movement, VPpaper, SWpaper},
  school   = {Massachusetts Institute of Technology},
  year     = {2015},
}

@InProceedings{deal2017covert,
  author    = {Deal, Amy Rose},
  booktitle = {Proceedings of {NELS} 47},
  title     = {Covert hyperraising to object},
  editor    = {Andrew Lamont AND Katerina Tetzloff},
  pages     = {257--270},
  publisher = {University of Massachusetts, Amherst},
  address   = {Amherst},
  year      = {2017},
}

@InCollection{Travis:2021,
  author    = {Travis, Lisa deMena and Massam, Diane},
  booktitle = {Parameters of Predicate Fronting},
  title     = {{VP} Fronting within a Movement Typology},
  editor    = {Lee-Schoenfeld, Vera and Ott, Dennis},
  pages     = {33--62},
  publisher = {Oxford University Press},
  keywords  = {AnnRep2018, SWpaper},
  year      = {2021},
}

@Article{krapova1999subjunctive,
  author    = {Krapova, Iliyana},
  title     = {Subjunctive complements, null subjects and case checking in {B}ulgarian},
  pages     = {239--262},
  volume    = {4},
  address   = {Amsterdam/ Philadelphia},
  journal   = {Amsterdam studies in the theory and history of linguistic science series},
  publisher = {John Benjamins Publishing},
  year      = {1999},
}

@InCollection{Meek00,
  author    = {Barbra Meek},
  booktitle = {Coyote Paper: {W}orking Papers in Linguistics from {A}-{Z}},
  title     = {Augmentation and correspondence: A reanalysis of {N}ancowry reduplication},
  editor    = {Amy Fountain and Sean Hendricks and Sachiko Ohno and Mizuki Miyashita and Debbie Cole},
  pages     = {97--109},
  publisher = {University of Arizona Linguistics Circle},
  volume    = {10},
  keywords  = {Morphology},
  year      = {2000},
}

@Book{Massam:2020,
  author    = {Massam, Diane},
  title     = {{N}iuean: Predicates and arguments in an isolating language},
  publisher = {Oxford University Press},
  address   = {Oxford, UK},
  keywords  = {VPpaper},
  year      = {2020},
}

@InCollection{cruschina2021a,
  author    = {Cruschina, Silvio and Calabrese, Andrea},
  booktitle = {Formal Approaches to {Romance} Morphosyntax},
  title     = {Fifty shades of morphosyntactic microvariation},
  editor    = {Hinzelin, Marc‐Olivier and Pomino, Natascha and Remberger, Eva‐Maria},
  number    = {576},
  pages     = {145--198},
  publisher = {De Gruyter},
  series    = {Linguistische Arbeiten},
  address   = {Berlin},
  ids       = {CruschinaCalabrese2021},
  year      = {2021},
}

@InProceedings{HI97,
  author    = {Larry Hyman and Sharon Inkelas},
  booktitle = {University of {Maryland Working Papers in Linguistics: Selected Phonology Papers from H-OT-97}},
  title     = {Emergent templates: The unusual case of {T}iene},
  editor    = {Bruce T. Morén and Viola Miglio},
  pages     = {92--116},
  publisher = {University of Maryland, Department of Linguistics},
  address   = {College Park},
  keywords  = {Infixation},
  year      = {1997},
}

@Book{sauerland07ed,
  title     = {Presupposition and Implicature in Compositional Semantics},
  doi       = {10.1057/9780230210752},
  editor    = {Sauerland, Uli and Stateva, Penka},
  publisher = {Palgrave Macmillan},
  address   = {Basingstoke, UK},
  booktitle = {Presupposition and Implicature in Compositional Semantics},
  year      = {2007},
}
