@book{langsci-current-book, author = {Philippe Maurer-Cecchini}, title = {{A grammar of Tuatschin}}, subtitle = {{A Sursilvan Romansh dialect}},year = {2021}, series = {Comprehensive Grammar Library}, number = {3}, location = {Berlin}, publisher = {Language Science Press}, options = {dataonly=true} } 
