@InProceedings{alexandropoulou2020there,
  address   = {University of Konstanz},
  author    = {Alexandropoulou, Stavroula and Bylinina, Lisa and Nouwen, Rick},
  booktitle = {{Proceedings of Sinn und Bedeutung 24}},
  editor    = {Michael Franke and Nikola Kompa and Mingya Liu and Jutta L. Mueller and Juliane Schwab},
  pages     = {35--47},
  publisher = {Gesellschaft für Semantik},
  title     = {Is there \textit{any} licensing in non-{DE} contexts? {A}n experimental study},
  year      = {2020},
doi= {10.18148/sub/2020.v24i1.851}
}

@InBook{beck_comparison_nodate,
  author      = {Sigrid Beck},
  title     = {Comparison constructions},
  editor      = {Claudia Maienborn and Klaus von Heusinger and Paul Portner},
  pages       = {415--476},
  publisher   = {De Gruyter Mouton},
  year        = {2019},
  address     = {Berlin, Boston},
  isbn        = {9783110626391},
  booktitle   = {Semantics: {Lexical} Structures and Adjectives},
  doi         = {10.1515/9783110626391-013},
}

@BOOK{Blasczak:2001,
	title = {Investigation into the interaction between the indefinites and negation},
	volume={51},
        series = {{S}tudia {G}rammatica},
        publisher = {Akademie Verlag},
	year = {2001},
	author = {B\l{}aszczak, Joanna},
	address = {Berlin},
	owner = {mojmir},
	timestamp = {2009.04.08}
}

@Article{burnett2018structural,
  author    = {Burnett, Heather and Koopman, Hilda and Tagliamonte, Sali A.},
  journal   = {Language Variation and Change},
  title     = {Structural explanations in syntactic variation: {T}he evolution of {E}nglish negative and polarity indefinites},
  year      = {2018},
  number    = {1},
  pages     = {83--107},
  volume    = {30},
  doi       = {10.1017/s0954394517000266},
  publisher = {Cambridge University Press},
}

@article{burnett2015variable,
  title={The variable grammar of negative concord in {M}ontr{\'e}al {F}rench},
  author={Burnett, Heather and Tremblay, Mireille and Blondeau, H{\'e}l{\`e}ne},
  journal={University of Pennsylvania Working Papers in Linguistics},
  volume={21},
  number={2},
  pages={3},
  year={2015},
url={https://repository.upenn.edu/handle/20.500.14332/45068}
}

@article{Chemla-Homer-Rothschild-NPI,
	author = {Emmanuel Chemla and Vincent Homer and Daniel Rothschild},
	doi = {10.1007/s10988-012-9106-0},
	journal = {Linguistics and Philosophy},
	number = {6},
	pages = {537-570},
	title = {Modularity and intuitions in formal semantics: {T}he case of polarity items},
	volume = {34},
	year = {2011},
}

@InCollection{chierchia2019factivity,
  address   = {Kluwer},
  author    = {Chierchia, Gennaro},
  booktitle = {The semantics of plurals, focus, degrees, and times},
  editor    = {Daniel Altshuler and Jessica Rett},
  pages     = {111--134},
  publisher = {Springer},
  title     = {Factivity meets polarity: {O}n two differences between {I}talian versus {E}nglish factives},
  year      = {2019},
  doi       = {10.1007/978-3-030-04438-1_6},
}

@PhdThesis{crnic2011getting,
  address = {Cambridge, MA},
  author  = {Crnič, Luka},
  school  = {MIT},
  title   = {Getting even},
  year    = {2011},
}

@InCollection{crnivc2014against,
  address   = {Cambridge, MA},
  author    = {Crni{\v c}, Luka},
  booktitle = {The Art and Craft of Semantics: {A} {Festschrift} for {I}rene {H}eim},
  editor    = {Luka Crnič and Uli Sauerland},
  pages     = {117--145},
  publisher = {MIT Press},
  title     = {Against a {D}ogma on {NPI} licensing},
  year      = {2014},
  volume    = {1},
url={https://semanticsarchive.net/Archive/jZiNmM4N/Crnic.pdf},
}

@Article{crnivc2014non,
  author    = {Crni{\v{c}}, Luka},
  journal   = {Natural Language Semantics},
  title     = {Non-monotonicity in {NPI} licensing},
  year      = {2014},
  number    = {2},
  pages     = {169--217},
  volume    = {22},
  doi       = {10.1007/s11050-014-9104-6},
  publisher = {Springer},
}

@InProceedings{djarv2018cognitive,
  address   = {University of Konstanz},
  author    = {Dj{\"a}rv, Kajsa and Zehr, J{\'e}r{\'e}my and Schwarz, Florian},
  booktitle = {Proceedings of {S}inn und {B}edeutung},
  editor    = {Robert Truswell and Chris Cummins and Caroline Heycock and Brian Rabern and Hannah Rohde},
  pages     = {367--386},
  publisher = {Gesellschaft für Semantik},
  title     = {Cognitive vs. emotive factives: {A}n experimental differentiation},
  year      = {2018},
  number    = {1},
  volume    = {21},
url={https://ojs.ub.uni-konstanz.de/sub/index.php/sub/article/view/143},
}

@Article{dovcekal2016experimentala,
  author    = {Do{\v{c}}ekal, Mojmír and Dotla{\v{c}}il, Jakub},
  journal   = {Linguistica},
  title     = {Experimental evidence for neg-raising in {S}lavic},
  year      = {2016},
  number    = {1},
  pages     = {93},
  volume    = {56},
  doi       = {10.4312/linguistica.56.1.93-109},
  publisher = {University of Ljubljana, Faculty of Arts},
}

@InProceedings{docekaldotlacilsubedinb,
  address   = {University of Konstanz},
  author    = {Do\v{c}ekal, Mojmír and Dotla\v{c}il, Jakub},
  booktitle = {Proceedings of {S}inn und {B}edeutung},
  editor    = {Robert Truswell and Chris Cummins and Caroline Heycock and Brian Rabern and Hannah Rohde},
  pages     = {387–398},
  publisher = {Gesellschaft für Semantik},
  title     = {When is not-believing believing that not?},
  year      = {2016},
  volume    = {21},
  url       = {https://ojs.ub.uni-konstanz.de/sub/index.php/sub/article/view/144},
}

@Misc{docekaldotlacilsubber,
  author    = {Dočekal, Mojmír and Do\-tla\-čil, Jakub},
  title     = {Strong {NPI}s vs. n-words: acceptability experiment in {C}zech},
  url       = {https://sinnundbedeutung22.wordpress.com/wp-content/uploads/2017/09/all_abstracts.pdf},
  year      = {2017},
  address   = {Berlin},
  howpublished = {Presentation at Sinn und {B}edeutung 22},
}

@InProceedings{dovcekal2020n,
  author    = {Do{\v{c}}ekal, Mojm{\'\i}r},
  booktitle = {{Advances} in formal {Slavic} linguistics 2017},
  title     = {N-words and {NPIs}: {B}etween syntax, semantics, and experiments},
  year      = {2020},
  address   = {Berlin},
  editor    = {Marušič, Franc and Mišmaš, Petra and Žaucer, Rok},
  pages     = {15--49},
  publisher = {Language Science Press},
  volume    = {3},
  book      = {{Advances} in formal {Slavic} linguistics 2017},
  doi       = {10.5281/zenodo.3763740},
}


@InProceedings{gajewski2008more,
  address   = {New York},
  author    = {Gajewski, Jon},
  booktitle = {Semantics and Linguistic Theory},
  editor    = {Tova Friedman and Satoshi Ito},
  pages     = {340--357},
  publisher = {Linguistic Society of America},
  title     = {More on quantifiers in comparative clauses},
  year      = {2008},
  volume    = {18},
  doi       = {10.3765/salt.v0i0.2494},
}

@InCollection{gajewski2016another,
  address   = {Kluwer},
  author    = {Gajewski, Jon},
  booktitle = {Negation and polarity: {Experimental} perspectives},
  editor    = {Pierre Larrivée and Chungmin Lee},
  pages     = {307--327},
  publisher = {Springer},
  title     = {Another look at {NPI}s in definite descriptions: {An} experimental approach},
  year      = {2016},
doi={10.1007/978-3-319-17464-8_13},
}

@Article{gajewski2011licensing,
  author        = {Jon R. Gajewski},
  journal       = {Natural Language Semantics},
  number        = {2},
  pages         = {109--148},
  title         = {Licensing strong {NPIs}},
  volume        = {19},
  year          = {2011},
  doi           = {10.1007/s11050-010-9067-1},
  publisher     = {Springer},
  x-fetchedfrom = {Google Scholar},
}

@Article{gajewski2007neg,
  author    = {Gajewski, Jon Robert},
  journal   = {Linguistics and Philosophy},
  title     = {Neg-raising and polarity},
  year      = {2007},
  number    = {3},
  pages     = {289--328},
  volume    = {30},
  doi       = {10.1007/s10988-007-9020-z},
  publisher = {Springer},
}

@Misc{rstanarm,
    title = {rstanarm: {Bayesian} applied regression modeling via {Stan}.},
    author = {Ben Goodrich and Jonah Gabry and Imad Ali and Sam Brilleman},
    note = {R package version 2.21.3},
    year = {2022},
    url = {https://mc-stan.org/rstanarm/},
}

@article{herburger2001negative,
  title={The negative concord puzzle revisited},
  author={Herburger, Elena},
  journal={Natural Language semantics},
  volume={9},
  number={3},
  pages={289--333},
  year={2001},
  publisher={Springer},
url={https://www.jstor.org/stable/23748812}
}

@article{hoeksema2008natural,
  title={On the natural history of negative polarity items},
  author={Hoeksema, Jack},
  journal={Linguistic Analysis},
  volume={38},
  number={1},
  pages={3--33},
  year={2012},
}


@article{homer2021domains,
  title={Domains of polarity items},
  author={Homer, Vincent},
  journal={Journal of Semantics},
  volume={38},
  number={1},
  pages={1--48},
  year={2021},
  publisher={Oxford University Press},
doi={https://doi.org/10.1093/jos/ffaa006}
}

@Article{ionin2018focus,
  author    = {Ionin, Tania and Luchkina, Tatiana},
  journal   = {Linguistic Inquiry},
  title     = {Focus on {R}ussian scope: {A}n experimental investigation of the relationship between quantifier scope, prosody, and information structure},
  year      = {2018},
  number    = {4},
  pages     = {741--779},
  volume    = {49},
  doi       = {10.1162/ling_a_00288},
  publisher = {MIT press},
}

@InBook{pauline1995quantificational,
  title={On the Quantificational Force of Free Relatives},
  author={Jacobson, Pauline},
  year={1995},
  book={Quantification in Natural Languages},
  publisher={Kluwer},
  address={Dordrecht},
  editor={Emmon Bach and Eloise Jelinek and Angelika Kratzer and Barbara Partee},
  pages          = {451--486},
doi={10.1007/978-94-017-2817-1_15}
}

@Article{kilgarriff2014sketch,
  author    = {Kilgarriff, Adam and Baisa, Vít and Bušta, Jan and Jakubíček, Miloš and Kovář, Vojtěch and Mi\-chel\-feit, Jan and Rychlý, Pavel and Suchomel, Vít},
  journal   = {Lexicography},
  title     = {The {S}ketch {E}ngine: ten years on},
  year      = {2014},
  pages     = {7--36},
  volume    = {1},
  doi       = {10.1007/s40607-014-0009-9},
  publisher = {Springer},
}

@InCollection{krifka1992some,
  address   = {Berlin},
  author    = {Krifka, Manfred},
  booktitle = {Semantic universals and universal semantics},
  editor    = {Dietmar Zaefferer},
  pages     = {150--189},
  publisher = {Foris},
  title     = {Some remarks on polarity items},
  year      = {1992},
doi={10.1515/9783110870527-009}
}

@article{krifka1995semantics,
  title={The semantics and pragmatics of polarity items},
  author={Krifka, Manfred},
  journal={Linguistic Analysis},
  volume={25},
  number={3-4},
  pages={209--257},
  year={1995}
}

@article{kuhn2022dynamics,
  title={The dynamics of negative concord},
  author={Kuhn, Jeremy},
  journal={Linguistics and Philosophy},
  volume={45},
  number={1},
  pages={153--198},
  year={2022},
  publisher={Springer},
doi={10.1007/s10988-020-09318-3}
}

@InProceedings{ladusaw1992expressing,
  address   = {Ohio State University},
  author    = {William A. Ladusaw},
  booktitle = {Semantics and Linguistic Theory},
  editor    = {Chris Barker and David Dowty},
  pages     = {237--260},
  publisher = {Linguistic Society of America},
  title     = {Expressing negation},
  year      = {1992},
  volume    = {2},
  doi       = {10.3765/salt.v2i0.3030},
}

@article{lahiri1998focus,
	author = {Lahiri, Utpal},
	journal = {Natural Language Semantics},
	number = {1},
	pages = {57--123},
	publisher = {Springer},
	title = {Focus and negative polarity in {H}indi},
	volume = {6},
	year = {1998},
doi={10.1023/A:1008211808250}
}

@inproceedings{sprouse2019,
  title={An experimental investigation of {NPI} licensing under {DE} flip-flop},
  author={Mayer, Erika and Wurmbrand, Susanne and Sprouse, Jon},
  booktitle={{NELS 48: Proceedings of the Forty-Eighth Annual Meeting of the North East Linguistic Society}},
  editor ={Sherry Hucklebridge and Max Nelson },
publisher={GLSA: University of Massachusetts},
  address={Amherst, MA},
  year={2018}
}

@Article{neeleman2009focus,
  author    = {Neeleman, Ad and Titov, Elena},
  journal   = {Linguistic Inquiry},
  title     = {Focus, contrast, and stress in {R}ussian},
  year      = {2009},
  number    = {3},
  pages     = {514--524},
  volume    = {40},
  doi       = {10.1162/ling.2009.40.3.514},
  publisher = {JSTOR},
}

@inproceedings{ovalle2004double,
  title={Double negatives, negative concord and metalinguistic negation},
  author={Ovalle, Luis Alonso and Guerzoni, Elena},
  booktitle ={Proceedings from the Main Session of the Thirty-eighth Meeting of the {Chicago Linguistic Society}: {Volume} 38-1},
editor= {Mary Androni, Erin Debenport, Anne Pycha and Keiko Yoshimura},
  pages={15--31},
  year={2004},
  publisher={Chicago Linguistic Society Publications},
address={Chicago, IL}
}

@Article{panizza2020minimal,
  author    = {Panizza, Daniele and Sudo, Yasutada},
  journal   = {Glossa: a journal of general linguistics},
  number    = {1},
  title     = {Minimal sufficiency with covert \textit{even}},
  volume    = {5},
pages = {98},
  year      = {2020},
  doi       = {10.5334/gjgl.1118},

}

@PhdThesis{penka2007negative,
  address = {T{\"u}bingen},
  author  = {Penka, Doris},
  school  = {Universit{\"a}t T{\"u}bingen},
  title   = {Negative indefinites},
  year    = {2007},
  doi     = {10.1093/acprof:oso/9780199567263.001.0001},
}

@misc{penka2016degree,
  title={Degree equatives -- the same as comparatives},
  author={Penka, Doris},
  booktitle={Workshop on Equative Constructions. University of Cologne},
  url={https://ling.sprachwiss.uni-konstanz.de/pages/home/penka/Pubs/equatives_koeln.pdf},
  year={2016},
    note={Presentation at the Workshop Equative Constructions, Universität zu Köln}
}

@Article{romoli2013scalar,
  author    = {Romoli, Jacopo},
  journal   = {Linguistics and Philosophy},
  title     = {A scalar implicature-based approach to neg-raising},
  year      = {2013},
  number    = {4},
  pages     = {291--353},
  volume    = {36},
  doi       = {10.1007/s10988-013-9136-2},
  publisher = {Springer},
}

@PhdThesis{rullmann1995maximality,
  address   = {Amherst, MA},
  author    = {Rullmann, Hotze},
  school    = {UMass},
  title     = {Maximality in the Semantics of {W}h-constructions},
  year      = {1995},
  publisher = {University of Massachusetts Amherst},
}

@InCollection{schwarz2020italian,
  address   = {Amherst, MA},
  author    = {Schwarz, Florian and Dj{\"a}rv, Kajsa and Zehr, J{\'e}r{\'e}my},
  booktitle = {Making worlds accessible: {E}ssays in honor of {A}ngelika {K}ratzer},
  editor    = {Rajesh Bhatt and Ilaria Frana and Paula Menéndez-Benito},
  pages     = {150--166},
  publisher = {ScholarWorks at UMass Amherst},
  title     = {Do {I}talian factives entail their presupposition? Yes, but...},
  year      = {2020},
url={https://scholarworks.umass.edu/ak_festsite_schrift/1/}
}

@Article{seuren1984comparative,
  author  = {{Pieter A.M.} Seuren},
  journal = {Journal of Semantics},
  number  = {1},
  pages   = {109--141},
  title   = {The comparative revisited},
  volume  = {3},
  year    = {1984},
  doi     = {10.1093/jos/3.1-2.109},
}

@Misc{l-rex2023,
  title = {{L-Rex Linguistic rating experiments [software], version 1.0.2}},
  author = {Alexej Starschenko and Marta Wierzba},
  year = {2023},
  note = {{GNU General Public License v3.0}},
  url = {https://github.com/2e2a/l-rex/}
} 

@Article{stechow1984comparing,
  author    = {Stechow, Arnim von},
  journal   = {Journal of Semantics},
  title     = {Comparing semantic theories of comparison},
  year      = {1984},
  number    = {1-2},
  pages     = {1--77},
  volume    = {3},
  doi       = {10.1093/jos/3.1-2.1},
  publisher = {Citeseer},
}

@Book{tottie1991negation,
  address   = {University of California},
  author    = {Tottie, Gunnel},
  publisher = {Academic Press},
  title     = {Negation in {E}nglish speech and writing: {A} study in variation},
  year      = {1991},
  volume    = {4},
series= {{Quantitative analyses of linguistic structure}},
}

@book{britannica,
  title={{Encyclopaedia Britannica}},
  year={2010},
  editor={Hugh Chisholm},
  publisher={Project Gutenberg},
  address={Illinois},
  volume={5},
  url={https://www.gutenberg.org/files/33052/33052-h/33052-h.htm}
}

@Book{ggplot,
  address   = {New York},
  author    = {Hadley Wickham},
  publisher = {Springer-Verlag},
  title     = {ggplot2: Elegant Graphics for Data Analysis},
  year      = {2016},
  isbn      = {978-3-319-24277-4},
  url       = {https://ggplot2.tidyverse.org},
}

@PhdThesis{zeijlstra2004sentential,
  address   = {Amsterdam},
  author    = {Zeijlstra, Hedde},
  school    = {University of Amsterdam},
  title     = {Sentential negation and negative concord},
  year      = {2004},
  publisher = {LOT/ACLC},
}

@InBook{zeijlstra2008negative,
  author    = {Zeijlstra, Hedde},
  chapter   = {Negative concord is syntactic agreement},
  editor    = {Hedde Zeijlstra},
  pages     = {45--76},
  publisher = {Oxford University Press},
  title     = {Negation and negative dependencies},
  year      = {2022},
  address   = {Oxford},
  isbn      = {9780191871450},
  month     = oct,
  volume    = {5},
  doi       = {10.1093/oso/9780198833239.003.0003},
  journal   = {Ms., University of Amsterdam},
}

@InCollection{zwarts1998three,
  author    = {Zwarts, Frans},
  booktitle = {Plurality and quantification},
  publisher = {Springer},
address={Dordrecht},
editor={Fritz Hamm and Erhard Hinrichs},
  title     = {Three types of polarity},
  year      = {1998},
  pages     = {177--238},
  doi       = {10.1007/978-94-017-2706-8_5},
}

@Comment{jabref-meta: databaseType:bibtex;}
