@INCOLLECTION{Abbi1990Experiental,
  author = {Abbi, Anvita},
  title = {Experiental constructions and the ``subjecthood'' of the experiencer
	NPs in South {Asian} languages},
  booktitle = {Experiencer subjects in South {Asian} languages},
  publisher = {Stanford},
  year = {1990},
  editor = {Verma, Mandindra K. and Mohanan, K.P.},
  pages = {253-267},
  date-added = {2008-09-29 09:03:03 +0200},
  date-modified = {2008-10-21 23:46:59 +0200},
  keywords = {South {Asian} languages; subject; experientials}
}

@incollection{Zimmermann2012_Affix,
	address = {Leiden},
	author = {Zimmermann, Eva},
	booktitle = {Proceedings of the {ConSOLE XIX}},
	editor = {Boone, Enrico and Linke, Kathrin and Maartje Schulpen},
	owner = {Diana},
	pages = {343--367},
	publisher = {Leiden University},
	timestamp = {2012.07.23},
	title = {Affix copying in {Kiranti}},
	year = {2012}
}

@incollection{Siewierska2008_Person,
	address = {Oxford},
	author = {Anna Siewierska},
	booktitle = {The {Oxford Handbook} of {Linguistic Typology}},
	editor = {Jae Jung Song},
	owner = {DELL User},
	pages = {322--345},
	publisher = {Oxford University Press},
	timestamp = {2015.03.09},
	title = {Person marking},
	year = {2011}
}

@incollection{Schikowski2014_Flexible,
	address = {Berlin},
	author = {Robert Schikowski and Balthasar Bickel and Netra Prasad Paudyal},
	booktitle = {Valency Classes in the World’s Languages. {V}ol 1: {I}ntroducing the  framework, and case studies from {Africa} and {Eurasia}},
	editor = {Andrej Malchukov and Bernard Comrie},
	owner = {Diana},
	pages = {669--708},
	publisher = {De Gruyter Mouton},
	timestamp = {2014.01.07},
	title = {Flexible valency in {Chintang}},
	year = {2015}
}

@incollection{Raietal2005Triplication,
	address = {Kirtipur},
	author = {Rai, Novel K. and Bickel, Balthasar and Gaenszle, Martin and Lieven,  Elena and Paudyal, Netra and {Rai}, Ichchha P. and {Rai}, Manoj and  Stoll, Sabine},
	booktitle = {Current issues in {Nepal}ese linguistics},
	date-added = {2008-09-29 09:03:03 +0200},
	date-modified = {2008-09-29 09:04:22 +0200},
	editor = {Yadava, Yogendra P.},
	pages = {205--209},
	publisher = {Linguistic Society of {Nepal}},
	title = {Triplication and ideophones in {Chintang}},
	year = {2005}
}

@incollection{Nedjalkov1995Some,
	address = {Berlin},
	author = {Nedjalkov, Vladimir P.},
	booktitle = {Converbs in cross-linguistic perspective},
	date-added = {2008-09-29 09:03:03 +0200},
	date-modified = {2008-09-29 09:04:22 +0200},
	editor = {Haspelmath, Martin and K{\"o}nig, Ekkehard},
	pages = {97--136},
	publisher = {Mouton de Gruyter},
	title = {Some typological parameters of converbs},
	year = {1995}
}

@incollection{LaPolla2003_Overview,
	address = {London and New York},
	author = {Randy J. LaPolla},
	booktitle = {The {Sino-Tibetan} Languages},
	chapter = {2},
	editor = {Thurgood, Graham and Lapolla, Randy J.},
	owner = {schackow},
	pages = {22--42},
	publisher = {Routledge},
	quality = {1},
	series = {Routledge Language Family Series},
	timestamp = {2013.01.24},
	title = {Overview of {Sino-Tibetan} morphosyntax},
	year = {2003}
}

@incollection{LaPolla1995_Ergative,
	address = {Osaka, Japan},
	author = {Randy J. LaPolla},
	booktitle = {New Horizons in {Tibeto-Burman} Morphosyntax},
	editor = {Yoshio Nishi and James A. Matisoff and Yasuhiko Nagano},
	number = {41},
	owner = {Diana},
	pages = {189--228},
	publisher = {National Museum of Ethnology},
	series = {Senri Ethnological Studies},
	timestamp = {2013.10.02},
	title = {{‘Ergative’} marking in {Tibeto-Burman}},
	year = {1995}
}

@incollection{Haspelmath2009_Terminology,
	address = {Oxford},
	author = {Martin Haspelmath},
	booktitle = {Handbook of Case},
	chapter = {33},
	editor = {Andrej Malchukov, Andrew Spencer},
	owner = {schackow},
	pages = {505--517},
	publisher = {Oxford University Press},
	quality = {1},
	timestamp = {2013.08.29},
	title = {Terminology of Case},
	year = {2009}
}

@incollection{Givon1991Some-substantive,
	address = {Amsterdam},
	author = {Giv{\'o}n, Talmy},
	booktitle = {Serial verbs: {G}rammatical, comparative and cognitive perspectives},
	date-added = {2008-09-29 09:03:03 +0200},
	date-modified = {2008-09-29 13:20:30 +0200},
	editor = {Lefebvre, Claire},
	pages = {137--184},
	publisher = {John Benjamins},
	title = {Some substantive issues concerning verb serialization: {G}rammatical  vs. {C}ognitive packaging},
	year = {1991}
}

@incollection{Gaenszle_Redefining,
	address = {New Delhi},
	author = {Martin Gaenszle},
	booktitle = {The State of Religion in a Non-religous State: {D}iscourses and Practices  in the Secular Republic of {Nepal}},
	editor = {David Gellner and Sondra Hausner and Chiara Letizia},
	owner = {schackow},
	pages = {},
	publisher = {Oxford University Press},
	quality = {1},
	timestamp = {2013.12.20},
	title = {Redefining {Kiranti} religion in contemporary {Nepal}},
	year = {in prep.}
}

@incollection{Gaenszle1999Travelling,
	address = {Zürich},
	author = {Gaenszle, Martin},
	booktitle = {Himalayan space: {C}ultural horizons and practices},
	date-added = {2008-09-29 09:03:03 +0200},
	date-modified = {2008-09-29 09:04:21 +0200},
	editor = {Bickel, Balthasar and Gaenszle, Martin},
	pages = {145--174},
	publisher = {{Völkerkundemuseum der Universität Zürich}},
	title = {Travelling up -- travelling down: {T}he vertical dimension in {Mewahang}  {Rai} ritual journeys},
	year = {1999}
}

@incollection{Evans2007_Insubordination,
	address = {Oxford},
	author = {Nicholas D. Evans},
	booktitle = {Finiteness: {T}heoretical and Empirical Foundations},
	editor = {Irina Nikolaeva},
	owner = {schackow},
	pages = {366--431},
	publisher = {Oxford University Press},
	timestamp = {2012.06.19},
	title = {Insubordination and its uses},
	year = {2007}
}

@incollection{Driem1997A-new-analysis,
	address = {Canberra},
	author = {van Driem, George},
	booktitle = {{Tibeto-Burman} languages of the {Himalayas}},
	date-added = {2008-09-29 09:03:03 +0200},
	date-modified = {2008-09-29 12:21:53 +0200},
	editor = {Bradley, David},
	pages = {157--173},
	publisher = {Australian National University},
	title = {A new analysis of the {Limbu} verb},
	year = {1997}
}

@incollection{Bohnemeyeretal2010_cut,
	address = {Nijmegen},
	author = {Jürgen Bohnemeyer and Melissa Bowerman and Penelope Brown},
	booktitle = {Manual for  the field season 2001},
	editor = {Stephen C. Levinson and Nicholas J. Enfield},
	owner = {schackow},
	pages = {90--96},
	publisher = {Max Planck Institute for  Psycholinguistics},
	quality = {1},
	timestamp = {2013.06.11},
	title = {Cut and break clips},
	url = {http://fieldmanuals.mpi.nl/volumes/2001/cut-and-break-clips/, accessed on July 15, 2012},
	year = {2010}
}

@incollection{Bickeletal1999Cultural,
	address = {Zürich},
	author = {Bickel, Balthasar and Gaenszle, Martin},
	booktitle = {Himalayan space: {C}ultural horizons and practices},
	date-added = {2008-09-29 09:03:03 +0200},
	date-modified = {2008-10-26 18:01:21 +0100},
	editor = {Bickel, Balthasar and Gaenszle, Martin},
	keywords = {relativity; {Himalayan} languages; areal linguistics; ethnology},
	pages = {9--27},
	publisher = {Völkerkundemuseum der Universität Zürich},
	title = {Introduction: {C}ultural horizons and practices in {Himalayan} space},
	year = {1999}
}

@incollection{Andrews1985The-major,
	address = {Cambridge},
	author = {Andrews, Avery D.},
	booktitle = {Language typology and syntactic description},
	date-added = {2008-09-29 09:03:03 +0200},
	date-modified = {2008-09-29 09:04:20 +0200},
	editor = {Shopen, Timothy},
	pages = {62--145},
	publisher = {Cambridge University Press},
	title = {The major functions of the noun phrase},
	volume = {1},
	year = {1985}
}

@incollection{Aikhenvald2006_Serial,
	address = {Oxford},
	author = {Aikhenvald, Alexandra J.},
	booktitle = {Serial verb constructions: {A} cross-linguistic typology},
	editor = {Aikhenvald, Alexandra Y. and Dixon, R. M. W.},
	owner = {Diana},
	pages = {1--68},
	publisher = {Oxford University Press},
	timestamp = {2012.07.30},
	title = {Serial verb constructions in typological perspective},
	year = {2006}
}

@book{Wegener2012_Savosavo,
	address = {Berlin and Boston},
	author = {Claudia Wegener},
	owner = {Diana},
	publisher = {de Gruyter Mouton},
	timestamp = {2013.04.27},
	title = {A Grammar of {Savosavo}},
	year = {2012}
}

@unpublished{Witzlacketal2011_Decomposing,
	author = {Witzlack-Makarevich, Alena and Zakharko, Taras and Bierkandt, Lennart  and Bickel, Balthasar},
	month = {9},
	note = {Paper presented at the 44th Annual Meeting of the Societas Linguistica  Europaea. Universidad de la Rioja, Logroño, Spain, 8--11 September.},
	owner = {schackow},
	timestamp = {2012.02.23},
	title = {Decomposing hierarchical alignment: {P}articipant scenarios as conditions  on alignment},
	year = {2011}
}

@unpublished{Schikowski2012_Morphology,
	author = {Robert Schikowski},
	note = {MS, University of Zürich},
	owner = {Diana},
	timestamp = {2013.09.01},
	title = {Chintang Morphology},
	year = {2012}
}

@unpublished{Schackow2012_Grammatical,
	author = {Diana Schackow},
	month = {8--9},
	note = {Paper presented at the 45th Meeting of the Societas Linguistica Europaea,  Stockholm},
	owner = {schackow},
	quality = {1},
	timestamp = {2013.01.25},
	title = {Grammatical relations in {Yakkha}},
	year = {2012}
}

@unpublished{Schackow2008Clause,
	author = {Schackow, Diana},
	date-added = {2008-09-29 09:03:03 +0200},
	date-modified = {2008-09-29 09:04:22 +0200},
	location = {Leipzig},
	note = {{MA. thesis, Department of Linguistics, University of Leipzig}},
	title = {Clause linkage in {Puma (Kiranti)}},
	year = {2008}
}

@unpublished{Rai1984A-descriptive,
	author = {Rai, Novel K.},
	date-added = {2008-09-29 09:03:03 +0200},
	date-modified = {2008-09-29 09:04:22 +0200},
	note = {{Ph.D. dissertation, Deccan College Post-Graduate Research Institute,  Pu{\d n}e (India)}},
	title = {A descriptive study of {Bantawa}},
	year = {1984}
}

@unpublished{LaPolla2007Hierarchical,
	author = {LaPolla, Randy J.},
	month = {9},
	note = {{Paper presented at the 40th International Conference on {Sino-Tibetan}  Languages and Linguistics, Harbin, China}.},
	owner = {Diana},
	timestamp = {2011.05.17},
	title = {Hierarchical person marking in the {Rawang} language},
	year = {2007}
}

@unpublished{Dirksmeyer2008Spatial,
	author = {Dirksmeyer, Tyko},
	date-added = {2008-09-29 09:03:03 +0200},
	date-modified = {2008-09-29 09:04:20 +0200},
	location = {Leipzig},
	note = {{MA thesis, University of Leipzig}},
	title = {Spatial deixis in {Chintang}: {A}spects of a grammar of space},
	year = {2008}
}

@unpublished{DeLancey1989Relativization,
	author = {DeLancey, Scott},
	date-added = {2008-09-29 09:03:03 +0200},
	date-modified = {2008-09-29 09:04:20 +0200},
	note = {{Ms., University of Oregon}},
	title = {Relativization and nominalization in {Tibeto-Burman}},
	year = {1989}
}

@unpublished{Butt2008Revisiting,
	author = {Butt, Miriam},
	month = {2},
	note = {Talk given at the 30th Annual Convention of the German Society of  Linguistics, Bamberg},
	title = {Revisiting Long-Distance Agreement in {Urdu} },
	year = {2008}
}

@unpublished{Bierkandtetal_Scope,
	author = {Lennart Bierkandt and Diana Schackow},
	note = {Ms.},
	owner = {schackow},
	quality = {1},
	timestamp = {2013.10.18},
	title = {Operator scope in clause linkage typology and a case study on {Yakkha}  adverbial clauses},
	year = {submitted}
}

@unpublished{Bickeletal2006The-Chintang,
	author = {Bickel, Balthasar and Banjade, Goma and Gaenszle, Martin and Lieven,  Elena and Paudyal, Netra and {Rai}, Arjun and {Rai}, Ichchha P. and  {Rai}, Manoj and {Rai}, Novel K. and {Rai}, Shree Kumar and {Rai}, Vishnu S. and Gautam (Sharma), Narayan P. and Stoll, Sabine and Turin,  Mark},
	date-added = {2008-09-29 09:03:03 +0200},
	date-modified = {2008-09-29 09:04:20 +0200},
	note = {{DOBES Multi-media Corpus, www.mpi.nl/DOBES}},
	title = {The {Chintang} and {Puma} Corpus},
	year = {2006}
}

@unpublished{Bickeletal2005Generics,
	author = {Bickel, Balthasar and Gaenszle, Martin},
	date-added = {2008-09-29 09:03:03 +0200},
	date-modified = {2008-09-29 09:04:20 +0200},
	note = {{Paper presented at the 11th {Himalayan Languages Symposium}, Bangkok,  December 6--9, 2005}},
	title = {Generics as first person undergoers and the political history of  the {Southern Kirant}},
	year = {2005}
}

@unpublished{Bickel2005On-the-typological,
	author = {Bickel, Balthasar},
	date-added = {2008-09-29 09:03:03 +0200},
	date-modified = {2008-09-29 09:04:20 +0200},
	note = {{Paper presented at the Workshop on the typology, acquisition, and  processing of relative clauses, Max Planck Institute for Evolutionary  Anthropology, June 11, 2005}},
	title = {On the typological variables of relativization},
	year = {2005}
}

@unpublished{Bickel1999Principles,
	author = {Bickel, Balthasar},
	date-added = {2008-09-29 09:03:03 +0200},
	date-modified = {2008-09-29 09:04:20 +0200},
	note = {Ms., University of California, Berkeley},
	title = {Principles of event framing: {G}enetic stability in grammar and discourse},
	url = {http://www.uni-leipzig.de/~bickel/research/papers},
	year = {1999}
}

@unpublished{Bickel1999Grammatical,
	author = {Bickel, Balthasar},
	date-added = {2008-09-29 09:03:03 +0200},
	date-modified = {2008-09-29 09:04:20 +0200},
	note = {Ms., University of California, Berkeley},
	title = {Grammatical relations, agreement, and genetic stability},
	url = {http://www.uni-leipzig.de/~bickel/research/papers},
	year = {1999}
}

@unpublished{Bickel1997Dictionary,
	author = {Bickel, Balthasar},
	date-added = {2008-09-29 09:03:03 +0200},
	date-modified = {2008-09-29 09:04:20 +0200},
	note = {{Electronic database at the {Sino-Tibetan} Etymological Dictionary  and Thesaurus Project, University of California at Berkeley.}},
	title = {Dictionary of the {Belhare} language: {Belhare--English--Nepali}},
	year = {1997}
}

@unpublished{Bickel1994Mapping,
	author = {Bickel, Balthasar},
	date-added = {2008-09-29 09:03:03 +0200},
	date-modified = {2008-09-29 09:04:20 +0200},
	note = {{Working Paper No. 31, Max-Planck-Research Group in Cognitive Anthropology}},
	title = {Mapping operations in spatial deixis and the typology of reference  frames},
	year = {1994}
}

@unpublished{Bickel1992Motivation,
	author = {Bickel, Balthasar},
	date-added = {2008-09-29 09:03:03 +0200},
	date-modified = {2008-09-29 09:04:20 +0200},
	note = {{Paper presented at the 25th International Conference on {Sino-Tibetan}  Language and Linguistics, Berkeley, October 14--18, 1992}},
	title = {Motivations of scenario classes: {Belhare} and {Kham}},
	year = {1992}
}

@techreport{Turin2007_Diversity,
	address = {Kathmandu},
	author = {Mark Turin},
	institution = {International Centre for Integrated Mountain Development (ICIMOD)},
	month = {12},
	owner = {schackow},
	quality = {1},
	timestamp = {2013.12.20},
	title = {Linguistic diversity and the preservation of endangered languages: {A} case study from {Nepal}},
	year = {2007}
}

@phdthesis{Witzlack2010_Typological,
	author = {Witzlack-Makarevich, Alena},
	owner = {Diana},
	school = {University of Leipzig},
	timestamp = {2011.11.04},
	title = {Typological variation in grammatical relations},
	year = {2010}
}

@phdthesis{Tolsma1999A-grammar,
	author = {Tolsma, Gerard},
	date-added = {2008-09-29 09:03:03 +0200},
	date-modified = {2008-09-29 09:04:22 +0200},
	school = {University of Leiden},
	title = {A grammar of {Kulung}},
	year = {1999}
}

@phdthesis{Schikowski2013_Thesis,
	author = {Schikowski, Robert},
	owner = {schackow},
	publisher = {Univer},
	quality = {1},
	school = {University of Zürich},
	timestamp = {2013.08.29},
	title = {Object-conditioned differential marking in {Chintang} and {Nepal}i},
	year = {2013}
}

@phdthesis{Saxena1992_Finite,
	author = {Saxena, Anju},
	owner = {Diana},
	school = {University of Oregon},
	timestamp = {2011.06.11},
	title = {Finite Verb Morphology in {Tibeto-Kinnauri}},
	year = {1992}
}

@phdthesis{Russell1992_Yakha,
	author = {Russell, Andrew J.},
	owner = {Diana},
	school = {Oxford University},
	timestamp = {2012.07.19},
	title = {The {Yakha}: {C}ulture, environment and development in {East} {Nepal}},
	year = {1992}
}

@phdthesis{Lahaussois2002Thulung,
	address = {Berkeley},
	author = {Lahaussois, Aim{\'e}e},
	comment = {good grammar!},
	school = {University of California},
	title = {Aspects of the grammar of {Thulung {Rai}}: {A}n endangered {Himalayan}  language},
	year = {2002}
}

@phdthesis{Hyslop2011_Kurtop,
	author = {Gwendolyn Hyslop},
	owner = {Diana},
	school = {University of Oregon},
	timestamp = {2013.08.26},
	title = {A Grammar of {Kurtöp}},
	year = {2011}
}

@phdthesis{Hardman_phd_Conformity,
	author = {Hardman, Charlotte E.},
	date-added = {2008-09-29 09:03:03 +0200},
	date-modified = {2008-09-29 09:04:21 +0200},
	school = {School of Oriental and {Africa}n Studies, London},
	title = {Conformity and self-expression: {A} study of the {Lohorung} {Rai} of {East} {Nepal}},
	year = {1990}
}

@phdthesis{Handschuh2011_thesis,
	author = {Corinna Handschuh},
	owner = {Diana},
	school = {University of Leipzig},
	timestamp = {2013.08.26},
	title = {A Typology of Marked-S Languages},
	year = {2011}
}

@phdthesis{Brown2001_Nias,
	address = {Sydney},
	author = {Lea Brown},
	owner = {Diana},
	publisher = {University of Sydney},
	school = {University of Sydney},
	timestamp = {2013.08.26},
	title = {A grammar of {Nias Selatan}},
	year = {2001}
}

@misc{Sharma2005Case,
	author = {{Sharma (Gautam)}, Narayan P.},
	keywords = {Puma; Case markers},
	note = {Paper presented at the 26th Annual Conference of the Linguistic Society  of {Nepal}, Kathmandu},
	title = {Case markers in {Puma}},
	year = {2005 }
}

@misc{Joshi_Nepal_maps,
	author = {Kabindra Joshi},
	note = {accessed on 16 December 2013},
	owner = {schackow},
	quality = {1},
	timestamp = {2013.12.17},
	title = {Nepal Maps},
	url = {http://www.digitalhimalaya.com/collections/maps/nepalmaps/},
	year = {2012}
}

@misc{Dewan2001Opchyongme,
	author = {Dewan, Gopal and Dewan, Anupa and Dewan, Santa and Jimi Radha},
	howpublished = {Kirat {Yakkha} Chumma, Dharan, Sunsari},
	keywords = {Yakkha, {Nepal}},
	title = {Opchyongme (Palam Rang)},
	year = {2059 B.S.}
}

@misc{CBS2001Report,
	author = "{Central Bureau of Statistics, {Nepal}}",
	keywords = {nepal},
	title = {Population census report},
	year = {2001}
}

@misc{Bickel2008Seminar,
	author = {Bickel, Balthasar},
	howpublished = {Seminar handout, Universit{\"a}t Leipzig},
	keywords = {Kiranti languages},
	month = {4},
	title = {Kiranti: {A}n introduction},
	year = {2008}
}

@mastersthesis{Rai2011_Nature,
	address = {Kirtipur, Kathmandu},
	author = {Arjun {Rai}},
	owner = {Diana},
	school = {Tribhuvan University, Central Department of Sociology and Anthropology},
	timestamp = {2013.12.22},
	title = {Nature, culture and the adaptation of the {Yakkhas}},
	year = {2011}
}

@mastersthesis{Linkha2013_kinship,
	author = {Ram Kumar Linkha},
	owner = {schackow},
	quality = {1},
	school = {Tribhuvan University, Janta Multiple Campus, School of Education},
	timestamp = {2013.12.16},
	title = {A comparative study of {Yakkha} and {English} kinship terms},
	year = {2013}
}

@inproceedings{Yapetal1998_give,
	address = {Canberra},
	author = {Foong Ha Yap and Iwasaki Shoichi},
	booktitle = {Papers from the {Eighth Annual Meeting} of the {Southeast Asian Linguistics  Society SEALS VIII}},
	editor = {Mark Alves and Paul Sidwell and David Gil},
	owner = {schackow},
	pages = {193--208},
	publisher = {Pacific Linguistics},
	quality = {1},
	timestamp = {2013.11.29},
	title = {The emergence of ‘give’ passives in {East} and {Southeast Asian}  languages},
	year = {1998}
}

@inproceedings{Wittenburg2008_Annotation,
	author = {Peter Wittenburg and Han Sloetjes},
	booktitle = {Proceedings of the 6th International Conference on Language Resources  and Evaluation (LREC)},
	owner = {DELL User},
	timestamp = {2015.03.05},
	title = {Annotation by category – ELAN and ISO DCR.},
	year = {2008}
}

@inproceedings{DeLancey2002_Relativization,
	author = {DeLancey, Scott},
	booktitle = {Proceedings of the Twenty-Eighth Annual Meeting of the {Berkeley Linguistics  Society}: {S}pecial Session on {Tibeto-Burman} and {Southeast {Asian}}  Linguistics},
	journal = {Proceedings of the Twenty-Eighth Annual Meeting of the Berkeley Linguistics  Society: Special Session on {Tibeto-Burman} and {Southeast {Asian}}  Linguistics},
	owner = {schackow},
	pages = {55--72},
	quality = {1},
	timestamp = {2013.04.29},
	title = {Relativization and Nominalization in {Bodic}},
	volume = {28},
	year = {2002}
}

@inproceedings{Bickel2011Detrans,
	address = {London, SOAS},
	author = {Balthasar Bickel},
	booktitle = {Proceedings of the Conference on Language Documentation and Linguistic  Theory 3},
	editor = {Peter Austin and Oliver Bond and Lutz Marten and David Nathan},
	owner = {Diana},
	pages = {3--13},
	timestamp = {2012.01.11},
	title = {Multivariate typology and field linguistics: {A} case study on detransitivization  in {Kiranti} ({Sino-Tibetan})},
	year = {2011}
}

@incollection{Zuniga2007_From,
	address = {Berlin},
	author = {Z{\'u}{\~n}iga, Fernando},
	booktitle = {New Challenges in Typology: {B}roadening the Horizons and Redefining  the Foundations.},
	date-added = {2008-09-29 09:03:03 +0200},
	date-modified = {2008-10-24 10:51:12 +0200},
	editor = {Miestamo, Matti and W{\"a}lchli, Bernhard},
	keywords = {inverse, grammatical relations},
	pages = {199--221},
	publisher = {Mouton de Gruyter},
	title = {From the typology of inversion to the typology of alignment},
	year = {2007}
}

@incollection{Woodbury1985Noun,
	address = {Cambridge},
	author = {Woodbury, Anthony C.},
	booktitle = {Grammar inside and outside the clause},
	date-added = {2008-09-29 09:03:03 +0200},
	date-modified = {2008-10-22 00:12:24 +0200},
	editor = {Nichols, Johanna and Woodbury, Anthony C.},
	keywords = {-Eskimo; },
	pages = {61--88},
	publisher = {Cambridge University Press},
	title = {Noun phrase, nominal sentence, and clause in {Central Alaskan Yup'ik  Eskimo}},
	year = {1985}
}

@incollection{VanValinetal1996The-case,
	address = {Oxford},
	author = {Van Valin, Robert D. and Wilkins, David P.},
	booktitle = {Grammatical constructions},
	date-added = {2008-09-29 09:03:03 +0200},
	date-modified = {2008-09-29 12:23:35 +0200},
	editor = {Shibatani, Masayoshi and Thompson, Sandra A.},
	pages = {289--322},
	publisher = {Oxford University Press},
	title = {The case for `effector': {C}ase roles, agents, and agentivity revisited},
	year = {1996}
}

@incollection{Thompsonetal2007_Adverbial,
	address = {Cambridge, UK},
	author = {Sandra A. Thompson and Robert E. Longacre and Shin Ja J. Hwang},
	booktitle = {Language Typology and Syntactic Description},
	editor = {Timothy Shopen},
	owner = {schackow},
	pages = {237--300},
	publisher = {Cambridge},
	quality = {1},
	timestamp = {2013.10.18},
	title = {Adverbial clauses},
	volume = {2},
	year = {2007}
}

@incollection{Silverstein1976Hierarchy,
	address = {New Jersey},
	author = {Silverstein, Michael},
	booktitle = {Grammatical Categories in {Australian} Languages},
	date-added = {2008-09-29 09:03:03 +0200},
	date-modified = {2008-09-29 09:04:22 +0200},
	editor = {Dixon, Robert M. W.},
	pages = {112--171},
	publisher = {Humanities Press},
	title = {Hierarchy of features and ergativity},
	year = {1976}
}

@incollection{Serdobolskaya2009_Raising,
	address = {Berlin},
	author = {Natalia Serdobolskaya},
	booktitle = {New Challenges in Typology},
	editor = {Patience Epps and Alexandre Archipov},
	owner = {Diana},
	pages = {269--294},
	publisher = {Mouton the Gruyter},
	series = {Trends in Linguistics},
	timestamp = {2011.02.23},
	title = {Towards the typology of raising: {A} functional approach},
	year = {2009}
}

@incollection{Selkirk1984_SyllableTheory,
	address = {Cambridge},
	author = {Selkirk, E.},
	booktitle = {Language and Sound Structure},
	editor = {M. Aronoff and R. T. Oehrle},
	owner = {schackow},
	pages = {107--136},
	publisher = {MIT Press},
	quality = {1},
	timestamp = {2013.05.28},
	title = {On the major class features and syllable theory},
	year = {1984}
}

@incollection{Schultze-Berndt2006_Taking,
	address = {Berlin},
	author = {Schultze-Berndt, Eva},
	booktitle = {Catching {Language}: {T}he standing challenge of grammar writing},
	editor = {Felix K. Ameka and Alan Dench and Nicholas Evans},
	owner = {schackow},
	pages = {359--392},
	publisher = {Mouton de Gruyter},
	timestamp = {2012.05.15},
	title = {Taking a closer look at function verbs: {L}exicon, grammar, or both},
	year = {2006}
}

@incollection{Schackowetal2012_Morphosyntactic,
	address = {Berlin},
	author = {Diana Schackow and Balthasar Bickel and Shree Kumar {Rai} and Narayan  Sharma (Gautam) and Arjun {Rai} and Martin Gaenszle},
	booktitle = {Clause-linkage in cross-linguistic perspective},
	editor = {Volker Gast and Holger Diessel},
	owner = {schackow},
	pages = {105--126},
	publisher = {De Gruyter Mouton},
	quality = {1},
	series = {Trends in Linguistics},
	timestamp = {2013.05.10},
	title = {Morphosyntactic properties and scope behavior of `subordinate' clauses  in {Puma} (Kiranti)},
	year = {2012}
}

@incollection{Russell2010_Perceptions,
	address = {London},
	author = {Andrew J. Russell},
	booktitle = {Culture and the Environment in the {Himalaya}},
	editor = {A. Guneratne},
	journal = {Culture and the Environment in the Himalaya},
	owner = {schackow},
	pages = {61--78},
	publisher = {Routledge},
	quality = {1},
	timestamp = {2013.12.16},
	title = {Perceptions of forests among the {Yakkha} of {East} {Nepal}: {E}xploring  the social and cultural context},
	year = {2010}
}

@incollection{Russell1997Identity,
	address = {Amsterdam},
	author = {Russell, Andrew J.},
	booktitle = {Nationalism and Ethnicity in a {Hindu} Kingdom: {T}he Politics of Culture  in Contemporary {Nepal}},
	comment = {to read!},
	editor = {Gellner, David N. and Pfaff-Czarnecka, Joanna and Whelpton, John},
	keywords = {yakkha; nepal; kiranti; identity},
	library = {Indol Etc 12},
	pages = {325-350},
	publisher = {Harwood Academic Publishers},
	title = {Identity Management and Cultural Change: {R}eligion and Politics amongst  the {Yakkha}},
	year = {1997}
}

@incollection{Raietal1997Triplicated,
	address = {Canberra},
	author = {Rai, Novel K. and Winter, Werner},
	booktitle = {Tibeto-Burman languages of the {Himalayas}},
	date-added = {2008-09-29 09:03:03 +0200},
	date-modified = {2008-09-29 09:04:22 +0200},
	editor = {Bradley, David},
	pages = {135--155},
	publisher = {Pacific Linguistics (A-86)},
	title = {Triplicated verbal adjuncts in {Bantawa}},
	year = {1997}
}

@incollection{Pokharel1999Compound,
	address = {Kamaladi, Kathmandu},
	author = {Pokharel, Madhav P.},
	booktitle = {Topics in {Nepal}ese Linguistics},
	editor = {Yadava, Yogendra P. and Glover, Warren W.},
	keywords = {compound verb, nepali},
	pages = {185--208},
	publisher = {Royal {Nepal} Academy},
	title = {Compound verbs in {Nepal}i},
	year = {1999}
}

@incollection{Nuyts2006_Modality,
	address = {Berlin},
	author = {Nuyts, Jan},
	booktitle = {The expression of modality},
	editor = {Frawley, William},
	owner = {schackow},
	pages = {1–26},
	publisher = {Mouton De Gruyter},
	timestamp = {2012.04.25},
	title = {Modality: {O}verview and linguistic issues},
	year = {2006}
}

@incollection{Noonan2008_Nominalization,
	address = {Amsterdam},
	author = {Noonan, Michael and Teresa Fanego},
	booktitle = {Rethinking grammaticalization: {N}ew perspectives for the twenty-first  century},
	editor = {María José López-Couso and Elena Seoane},
	howpublished = {Electronic Publications by Michael Noonan},
	month = {12},
	owner = {Diana},
	pages = {219–238},
	publisher = {Benjamins},
	timestamp = {2011.01.24},
	title = {Nominalizations in {Bodic} Languages},
	year = {2008}
}

@incollection{Noonan2007Complementation,
	address = {Cambridge},
	author = {Noonan, Michael},
	booktitle = {Language typology and syntactic description, Vol. {I}I: {C}omplex constructions},
	date-added = {2008-09-29 09:03:03 +0200},
	date-modified = {2008-09-29 09:04:22 +0200},
	editor = {Shopen, Timothy},
	pages = {52–150},
	publisher = {Cambridge University Press},
	title = {Complementation},
	year = {2007}
}

@incollection{Noonan1997Versatile,
	address = {Amsterdam},
	author = {Noonan, Michael},
	booktitle = {Essays on language function and language type. {D}edicated to {Talmy  Giv{\'o}n}},
	date-added = {2008-09-29 09:03:03 +0200},
	date-modified = {2008-09-29 09:04:22 +0200},
	editor = {Bybee, Joan and Haiman, John and Thompson, Sandra A.},
	pages = {373--394},
	publisher = {Benjamins},
	title = {Versatile nominalization},
	year = {1997}
}

@incollection{Newman2009_A-cross-linguistic,
	address = {Amsterdam},
	author = {Newman, John},
	booktitle = {The Linguistics of Eating and Drinking},
	editor = {Newman, John},
	owner = {Diana},
	pages = {1--26},
	publisher = {Benjamins},
	series = {Typological Studies in Language},
	timestamp = {2011.12.22},
	title = {A cross-linguistic overview of `eat' and `drink'},
	volume = {84},
	year = {2009}
}

@incollection{Naess2009_How,
	address = {Amsterdam},
	author = {N{\ae}ss, \r{A}shild},
	booktitle = {The Linguistics of Eating and Drinking},
	editor = {John Newman},
	owner = {Diana},
	pages = {27--43},
	publisher = {Benjamins},
	series = {Typologial Studies in Language},
	timestamp = {2011.09.16},
	title = {How transitive are EAT and DRINK verbs?},
	volume = {84},
	year = {2009}
}

@incollection{Mosel2006_Grammaticography,
	address = {Berlin},
	author = {Mosel, Ulrike},
	booktitle = {Catching Language: {T}he standing challenge of grammar writing},
	editor = {Felix K. Ameka and Alan Dench and Nicholas Evans},
	owner = {Diana},
	pages = {41--68},
	publisher = {De Gruyter Mouton},
	timestamp = {2012.07.30},
	title = {Grammaticography: {T}he art and craft of grammar writing},
	year = {2006}
}

@incollection{Michailovsky2003Hayu,
	address = {London},
	author = {Michailovsky, Boyd},
	booktitle = {The {Sino-Tibetan} languages},
	date-added = {2008-09-29 09:03:03 +0200},
	date-modified = {2008-09-29 09:04:22 +0200},
	editor = {Thurgood, Graham and LaPolla, Randy},
	pages = {518--532},
	publisher = {Routledge},
	title = {Hayu},
	year = {2003}
}

@incollection{Michailovsky1994Manner,
	address = {Osaka},
	author = {Michailovsky, Boyd},
	booktitle = {Current issues in {Sino-Tibetan} linguistics},
	date-added = {2008-09-29 09:03:03 +0200},
	date-modified = {2008-09-29 09:04:22 +0200},
	editor = {Kitamura, Hajime and Nishida, Tatsuo and Nagano, Yasuhiko},
	pages = {766--772},
	publisher = {National Museum of Ethnology},
	title = {Manner vs. {P}lace of articulation in the {Kiranti} initial stops},
	year = {1994}
}

@incollection{Michailovsky1985Tibeto-Burman,
	address = {Canberra},
	author = {Michailovsky, Boyd},
	booktitle = {Linguistics of the {Sino-Tibetan Area}: {T}he State of the Art},
	date-added = {2008-09-29 09:03:03 +0200},
	date-modified = {2008-09-29 09:04:22 +0200},
	editor = {Thurgood, Graham and Matisoff, James A. and Bradley, David},
	pages = {363--375},
	publisher = {Pacific Linguistics},
	title = {{Tibeto-Burman} dental suffixes: {E}vidence from {Limbu}},
	year = {1985}
}

@incollection{Matisoff1972Lahu,
	address = {New York},
	author = {Matisoff, James A.},
	booktitle = {Syntax and Semantics, vol. 1},
	date-added = {2008-09-29 09:03:03 +0200},
	date-modified = {2008-09-29 09:04:22 +0200},
	editor = {Kimball, John P.},
	pages = {237--57},
	publisher = {Academic Press},
	title = {Lahu nominalization, relativization, and genitivization},
	year = {1972}
}

@incollection{Masica2001The-definition,
	address = {New Delhi},
	author = {Masica, Colin},
	booktitle = {Tokyo Symposium on South {Asian} languages: {C}ontact, convergence,  and typology [= The Yearbook of South {Asian} Languages and Linguistics  2001]},
	date-added = {2008-09-29 09:03:03 +0200},
	date-modified = {2008-09-29 09:04:22 +0200},
	editor = {Bhaskararao, Peri and Subbarao, Karumuri Venkata},
	pages = {205--267},
	publisher = {Sage Publications},
	title = {The definition and significance of linguistic areas: {M}ethods, pitfalls,  and possibilities (with special reference to the validity of {South  Asia} as a linguistic area)},
	year = {2001}
}

@incollection{Malchukovetal2010Ditrans-overview,
	address = {Berlin},
	author = {Malchukov, Andrej and Haspelmath, Martin and Comrie, Bernard},
	booktitle = {Studies in Ditransitive Constructions},
	editor = {Malchukov, Andrej and Haspelmath, Martin and Comrie, Bernard},
	owner = {Diana},
	pages = {1--36},
	publisher = {De Gruyter},
	timestamp = {2011.05.12},
	title = {Ditransitive constructions: {A} typological overview},
	year = {2010}
}

@incollection{Malchukov2008Split,
	address = {New York},
	author = {Malchukov, Andrej},
	booktitle = {The Typology of Semantic Alignment},
	editor = {Mark Donohue and Søren Wichmann},
	owner = {Diana},
	pages = {76--100},
	publisher = {Oxford University Press},
	timestamp = {2012.01.10},
	title = {Split intransitives, experiencer objects, `transimpersonal constructions':  (re-)establishing the connection},
	year = {2008}
}

@incollection{Lichtenberk1991_Gradualness,
	address = {Amsterdam},
	author = {Lichtenberk, Frantisek},
	booktitle = {Approaches to Grammaticalization},
	editor = {Elizabeth Closs Traugott and Bernd Heine},
	owner = {schackow},
	pages = {37--80},
	publisher = {John Benjamins},
	timestamp = {2012.07.31},
	title = {On the Gradualness of Grammaticalization},
	year = {1991}
}

@incollection{Letuchiy2009Labile,
	address = {Berlin},
	author = {Letuchiy, Alexander},
	booktitle = {New Challenges in Typology. {T}ranscending the boundaries and refining  the distinctions},
	editor = {Alexandre Arkhipov and Patience Epps},
	owner = {Diana},
	pages = {223--244},
	publisher = {Mouton de Gruyter},
	timestamp = {2012.01.11},
	title = {Towards a typology of labile verbs: {L}ability vs. {D}erivation},
	year = {2009}
}

@incollection{Lehmann1988Towards,
	address = {Amsterdam},
	author = {Lehmann, Christian},
	booktitle = {Clause combining in grammar and discourse},
	date-added = {2008-09-29 09:03:03 +0200},
	date-modified = {2008-09-29 09:04:21 +0200},
	editor = {Haiman, John and Thompson, Sandra A.},
	pages = {181--226},
	publisher = {Benjamins},
	title = {Towards a typology of clause linkage},
	year = {1988}
}

@incollection{LaPolla2001_Role,
	address = {Oxford},
	author = {Randy J. LaPolla},
	booktitle = {Areal Diffusion and Genetic Inheritance: {P}roblems in Comparative  Linguistics},
	editor = {Alexandra Y. Aikhenvald and Robert M. W. Dixon},
	owner = {schackow},
	pages = {225--254},
	publisher = {Oxford University Press},
	quality = {1},
	timestamp = {2013.12.19},
	title = {The Role of Migration and Language Contact in the Development of  the {Sino-Tibetan} Language Family},
	year = {2001}
}

@incollection{Koenig2007_Speech,
	address = {Camdrige, UK},
	author = {König, Ekkehard and Siemund, Peter},
	booktitle = {Language Typology and Syntactic Description},
	edition = {2},
	editor = {Timothy Shopen},
	owner = {Diana},
	pages = {267--324},
	publisher = {Cambridge University Press},
	timestamp = {2013.10.04},
	title = {Speech act distinctions in grammar},
	volume = {1: Clause Structure},
	year = {2007}
}

@incollection{Koenig1993_Focus,
	address = {Berlin, Boston},
	author = {Ekkehard König},
	booktitle = {Syntax: {E}in internationales {Handbuch} zeitgenössischer {Forschung}},
	editor = {J. Jacobs and A. von Stechow and W. Sternefeld and T. Vennemann},
	owner = {Diana},
	pages = {978–987},
	publisher = {De Gruyter Mouton},
	timestamp = {2014.01.03},
	title = {Focus Particles},
	year = {1993}
}

@incollection{Keenanetal2007Passives,
	address = {New York},
	author = {Edward L. Keenan and Matthew S. Dryer},
	booktitle = {Language Typology and Syntactic Description},
	chapter = {6},
	date-added = {2008-10-03 12:12:11 +0200},
	date-modified = {2008-10-26 19:59:48 +0100},
	editor = {Shopen, Timothy},
	keywords = {diathesis},
	pages = {325--361},
	publisher = {Cambridge University Press},
	rating = {4},
	read = {Yes},
	title = {Passive in the world's languages},
	volume = {1},
	year = {2007}
}

@incollection{Kazenin2001_Verbal,
	address = {Berlin},
	author = {Konstantin I. Kazenin},
	booktitle = {Language Typology and Language Universals},
	chapter = {68},
	editor = {Martin Haspelmath and Ekkehard König and Wulf Oesterreicher and Wolfgang  {Rai}ble},
	number = {20},
	owner = {Diana},
	pages = {916--927},
	publisher = {De Gruyter},
	series = {Handbücher zur Sprach- und Kommunikationswissenschaft},
	timestamp = {2012.02.24},
	title = {Verbal reflexives and the middle voice},
	volume = {2},
	year = {2001}
}

@incollection{Hooketal2009_The-semantic,
	address = {Amsterdam},
	author = {Peter Edwin Hook and Prashant Pardeshi},
	booktitle = {The Linguistics of Eating and Drinking},
	editor = {John Newman},
	owner = {Diana},
	pages = {153--172},
	publisher = {Benjamins},
	series = {Typological Studies in Language},
	timestamp = {2011.12.22},
	title = {The semantic evolution of {EAT}-expressions: {W}ays and byways},
	volume = {84},
	year = {2009}
}

@incollection{Hook1991_Emergence,
	address = {Amsterdam},
	author = {Hook, Peter Edwin},
	booktitle = {Approaches to Grammaticalization},
	editor = {Elizabeth Closs Traugott and Bernd Heine},
	owner = {schackow},
	pages = {59–90},
	publisher = {Benjamins},
	series = {Typological Studies in Language},
	timestamp = {2012.05.15},
	title = {The {Emergence} of {Perfective Aspect} in {Indo-Aryan} languages},
	year = {1991}
}

@incollection{Himmelmann2004_Lexicalization,
	address = {Berlin},
	author = {Himmelmann, Nikolaus P.},
	booktitle = {What makes grammaticalization: {A} look from its fringes and its components},
	editor = {Walter Bisang and Nikolaus P. Himmelmann and Björn Wiemer},
	owner = {Diana},
	pages = {21--42},
	publisher = {De Gruyter},
	timestamp = {2012.08.20},
	title = {Lexicalization and grammaticization: {O}pposite or orthogonal?},
	year = {2004}
}

@incollection{Haspelmath2004_overview,
	address = {Amsterdam},
	author = {Martin Haspelmath},
	booktitle = {Coordinating Constructions},
	editor = {Martin Haspelmath},
	owner = {Diana},
	pages = {3--40},
	publisher = {John Benjamins},
	timestamp = {2013.09.01},
	title = {Coordinating constructions: {A}n overview},
	year = {2004}
}

@incollection{Haspelmath2004_Valency,
	address = {Berlin},
	author = {Haspelmath, Martin and Müller-Bardey, Thomas},
	booktitle = {Morphologie / Morphology. {Ein} internationales {Handbuch} zur {Flexion}  und {Wortbildung}/ {An} {International} {Handbook} on {Inflection}  and {Word-Formation}},
	chapter = {107},
	editor = {Gert Booij and Christian Lehmann and Joachim Mugdan},
	owner = {schackow},
	pages = {1130--1145},
	publisher = {De Gruyter},
	timestamp = {2012.02.21},
	title = {Valency change},
	year = {2004}
}

@incollection{Haspelmath1995The-converb,
	address = {Berlin},
	author = {Haspelmath, Martin},
	booktitle = {Converbs in cross-linguistic perspective},
	date-added = {2008-09-29 09:03:03 +0200},
	date-modified = {2008-09-29 09:04:21 +0200},
	editor = {Haspelmath, Martin and K{\"o}nig, Ekkehard},
	pages = {1--55},
	publisher = {Mouton de Gruyter},
	title = {The converb as a cross-linguistically valid category},
	year = {1995}
}

@incollection{Haspelmath1993More,
	address = {Amsterdam},
	author = {Haspelmath, Martin},
	booktitle = {Causatives and transitivity},
	editor = {Comrie, Bernard and Polinsky, Maria},
	owner = {Diana},
	pages = {87--120},
	publisher = {Benjamins},
	series = {Studies in Language Companion Series},
	timestamp = {2012.01.11},
	title = {More on the typology of inchoative/causative verb alternations},
	volume = {23},
	year = {1993}
}

@incollection{Hardman1981The-psychology,
	address = {London},
	author = {Hardman, Charlotte E.},
	booktitle = {Indigenous Psychologies: {T}he Anthropology of the Self},
	date-added = {2008-09-29 09:03:03 +0200},
	date-modified = {2008-09-29 09:04:21 +0200},
	editor = {Heelas, Paul and Lock, Andrew},
	pages = {161--180},
	publisher = {Academic Press},
	title = {The psychology of conformity and self-expression among the {Lohorung}  {Rai} of {East} {Nepal}},
	year = {1981}
}

@incollection{Givon1976Topic,
	address = {New York},
	author = {Giv{\'o}n, Talmy},
	booktitle = {Subject and topic},
	date-added = {2008-09-29 09:03:03 +0200},
	date-modified = {2008-09-29 09:04:21 +0200},
	editor = {Li, Charles N.},
	pages = {149--188},
	publisher = {Academic Press},
	title = {Topic, pronoun, and grammatical agreement},
	year = {1976}
}

@incollection{Genetti1991From,
	address = {Amsterdam},
	author = {Genetti, Carol},
	booktitle = {Approaches to grammaticalization, Vol. {I}I},
	date-added = {2008-09-29 09:03:03 +0200},
	date-modified = {2008-09-29 09:04:21 +0200},
	editor = {Traugott, Elizabeth Closs and Heine, Bernd},
	pages = {227--255},
	publisher = {Benjamins},
	title = {From postposition to subordinator in {Newari}},
	year = {1991}
}

@incollection{Gaenszleetal2005Worshipping,
	address = {Kathmandu},
	author = {Gaenszle, Martin and Bickel, Balthasar and Banjade, Goma and Lieven,  Elena and Paudyal, Netra and {Rai}, Ichchha P. and {Rai}, Manoj and {Rai}, Novel K. and Stoll, Sabine},
	booktitle = {Contemporary issues in {Nepal}ese linguistics},
	date-added = {2008-09-29 09:03:03 +0200},
	date-modified = {2008-09-29 09:04:21 +0200},
	editor = {Yadava, Yogendra P. and Bhattarai, Govinda and Lohani, Ram Raj and Prasain, Balaram and Parajuli, Krishna},
	pages = {33--47},
	publisher = {Linguistic Society of {Nepal}},
	title = {Worshipping the king god: {A} preliminary analysis of {Chintang} ritual language in the invocation of {Rajdeu}},
	year = {2005}
}

@incollection{Gaenszle2012_Where,
	address = {Leiden},
	author = {Martin Gaenszle},
	booktitle = {Origins and Migrations in the Extended {Eastern} {Himalayas}},
	editor = {Toni Huber and Stuart Blackburn},
	owner = {schackow},
	pages = {33--48},
	publisher = {Brill},
	quality = {1},
	timestamp = {2013.12.19},
	title = {Where the waters dry up: {T}he place of origin in {Rai} myth and ritual},
	year = {2012}
}

@incollection{Gaenszle2002_Remaking,
	address = {Leiden, Boston, Köln},
	author = {Martin Gaenszle},
	booktitle = {A place in the world: {N}ew local historiographies from {Africa} and {South Asia}},
	editor = {Axel Harneit-Sievers},
	owner = {schackow},
	pages = {331--346},
	publisher = {Brill},
	quality = {1},
	timestamp = {2013.12.19},
	title = {Countering the great traditions: {R}emakings of the {Kiranti} past},
	year = {2002}
}

@incollection{Foley2010_Events,
	address = {New York},
	author = {Foley, William A.},
	booktitle = {Complex predicates. {C}ross-linguistic perspectives on event structure},
	editor = {Mengistu Amberber and Brett Baker and Mark Harvey},
	owner = {schackow},
	pages = {79--109},
	publisher = {Cambridge University Press},
	timestamp = {2012.07.31},
	title = {Events and serial verb constructions},
	year = {2010}
}

@incollection{Fabb2001Compounding,
	address = {Oxford},
	author = {Nigel Fabb},
	booktitle = {Handbook of Morphology},
	editor = {Spencer, Andrew and Arnold M. Zwicky},
	owner = {Diana},
	pages = {66--74},
	publisher = {Blackwell},
	timestamp = {2011.09.27},
	title = {Compounding},
	year = {2001}
}

@incollection{Enfield2006_Heterosemy,
	address = {Berlin},
	author = {Enfield, Nick J.},
	booktitle = {Catching language: {T}he standing challenge of grammar writing},
	editor = {Felix K. Ameka and Alan Dench and Nicholas Evans},
	owner = {Diana},
	pages = {297–320},
	publisher = {Mouton de Gruyter},
	timestamp = {2012.07.30},
	title = {Heterosemy and the grammar-lexicon-tradeoff},
	year = {2006}
}

@incollection{Ebert2003Kiranti,
	address = {London},
	author = {Ebert, Karen H.},
	booktitle = {The {Sino-Tibetan} languages},
	date-added = {2008-09-29 09:03:03 +0200},
	date-modified = {2008-09-29 09:04:21 +0200},
	editor = {Thurgood, Graham and LaPolla, Randy},
	pages = {505--517},
	publisher = {Routledge},
	title = {Kiranti languages: {A}n overview},
	year = {2003}
}

@incollection{Ebert2003Equivalents,
	address = {Heidelberg and Kathmandu},
	author = {Ebert, Karen H.},
	booktitle = {Themes in {Himalayan} languages and linguistics},
	date-added = {2008-09-29 09:03:03 +0200},
	date-modified = {2008-09-29 09:04:20 +0200},
	editor = {Kansakar, Tej Ratna and Turin, Mark},
	pages = {27--48},
	publisher = {South Asia Institute and Tribhuvan University},
	title = {Equivalents of `conjunctive participles' in {Kiranti} languages},
	year = {2003}
}

@incollection{Ebert2003Camling,
	address = {London},
	author = {Ebert, Karen H.},
	booktitle = {The {Sino-Tibetan} languages},
	date-added = {2008-09-29 09:03:03 +0200},
	date-modified = {2008-10-26 18:51:28 +0100},
	editor = {Thurgood, Graham and LaPolla, Randy},
	keywords = {Sino-Tibetan languages; {Kiranti} languages},
	pages = {533--545},
	publisher = {Routledge},
	title = {Camling},
	year = {2003}
}

@incollection{Ebert1999The-up---down,
	address = {Zürich},
	author = {Ebert, Karen H.},
	booktitle = {Himalayan space: {C}ultural horizons and practices},
	date-added = {2008-09-29 09:03:03 +0200},
	date-modified = {2008-09-29 09:04:21 +0200},
	editor = {Bickel, Balthasar and Gaenszle, Martin},
	pages = {109--140},
	publisher = {Völkerkundemuseum der Universität Zürich},
	title = {The up--down dimension in {Rai} grammar and mythology},
	year = {1999}
}

@incollection{Ebert1999Nonfinite,
	address = {Kathmandu},
	author = {Ebert, Karen H.},
	booktitle = {Topics in {Nepalese} {Linguistics}},
	date-added = {2008-09-29 09:03:03 +0200},
	date-modified = {2008-09-29 09:04:21 +0200},
	editor = {Yadava, Yogendra P. and Glover, Warren W.},
	pages = {371-–400},
	publisher = {{Royal Nepal Academy}},
	title = {Nonfinite verbs in {Kiranti} languages -- an areal perspective},
	year = {1999}
}

@incollection{Ebert1993Kiranti,
	address = {Zürich},
	author = {Ebert, Karen H.},
	booktitle = {Studies in clause linkage},
	date-added = {2008-09-29 09:03:03 +0200},
	date-modified = {2008-09-29 09:04:20 +0200},
	editor = {Ebert, Karen H.},
	pages = {83--110},
	publisher = {Arbeiten des Seminars für Allgemeine Sprachwissenschaft},
	title = {Kiranti subordination in the South {Asian} areal context},
	year = {1993}
}

@incollection{Durie1997_Grammatical,
	address = {Stanford},
	author = {Mark Durie},
	booktitle = {Complex predicates},
	editor = {Alex Alsina and Miriam Butt and Peter Sells},
	number = {64},
	owner = {Diana},
	pages = {289–354},
	publisher = {CSLI Publications},
	series = {CSLI Lecture Notes},
	timestamp = {2012.01.22},
	title = {Grammatical structures in verb serialization},
	year = {1997}
}

@incollection{Dryer2007Clause,
	address = {Cambridge},
	author = {Dryer, Matthew S.},
	booktitle = {Language typology and syntactic description [2nd edition]},
	date-added = {2008-09-29 09:03:03 +0200},
	date-modified = {2008-09-29 09:04:20 +0200},
	editor = {Shopen, Timothy},
	pages = {224–275},
	publisher = {Cambridge University Press},
	title = {Clause types},
	volume = {1},
	year = {2007}
}

@incollection{Driem1989_Reflexes,
	address = {Canberra},
	author = {van Driem, George},
	booktitle = {Prosodic analysis and {Asian} linguistics: {T}o honour {R. {K}. {S}prigg}},
	editor = {David Bradley and Eugénie J. A. Henderson and Martine Mazaudon},
	note = {C},
	number = {104},
	owner = {schackow},
	pages = {157--167},
	publisher = {Australian National University, Research School of Pacific Studies,  Dept. of Linguistics},
	series = {Pacific Linguistics},
	timestamp = {2012.02.10},
	title = {Reflexes of the {Tibeto-Burman} *-t directive suffix in Dumi {Rai}},
	year = {1989}
}

@incollection{Diewald2010_Some,
	address = {Amsterdam},
	author = {Diewald, Gabriele},
	booktitle = {Grammaticalization: {C}urrent views and issues},
	editor = {Katerina Stathi and Elke Gehweiler and Ekkehard König},
	owner = {Diana},
	pages = {379},
	publisher = {Benjamins},
	timestamp = {2012.08.01},
	title = {On some problem areas in grammaticalization studies},
	year = {2010}
}

@incollection{DeLancey2011_Finite,
	address = {Amsterdam},
	author = {DeLancey, Scott},
	booktitle = {Nominalization in {Asian} Languages: {D}iachronic and Typological Perspectives},
	editor = {Yap, Foong Ha and Karen Grunow-Hårsta and Janick Wrona},
	owner = {Diana},
	pages = {343–360},
	publisher = {John Benjamins},
	series = {Typological Studies in Language Series},
	timestamp = {2011.06.11},
	title = {Finite Structures from Clausal Nominalization in {Tibeto-Burman}},
	year = {2011}
}

@incollection{DeLancey1999Relativization,
	address = {Kathmandu},
	author = {DeLancey, Scott},
	booktitle = {Topics in {Nepal}ese linguistics},
	date-added = {2008-09-29 09:03:03 +0200},
	date-modified = {2008-09-29 09:04:20 +0200},
	editor = {Yadava, Yogendra P. and Glover, Warren G.},
	pages = {231--249},
	publisher = {Royal {Nepal} Academy},
	title = {Relativization in {Tibetan}},
	year = {1999}
}

@incollection{Butt2010_Light,
	address = {Cambridge},
	author = {Butt, Miriam},
	booktitle = {Complex Predicates: {C}ross-linguistic perspectives on event-structure},
	editor = {Mengistu Amberber and Brett Baker  and Mark Harvey },
	owner = {schackow},
	pages = {48--78},
	publisher = {Cambridge University Press},
	timestamp = {2012.05.29},
	title = {The light verb jungle: {S}till hacking away},
	year = {2010}
}

@incollection{Butt1997_Complex,
	address = {Stanford},
	author = {Butt, Miriam},
	booktitle = {Complex predicates},
	editor = {Alex Alsina and Joan Bresnan and Peter Sells},
	number = {64},
	owner = {Diana},
	pages = {107--149},
	publisher = {CSLI Publications},
	series = {CSLI Lecture Notes},
	timestamp = {2012.01.18},
	title = {Complex predicates in {Urdu}},
	year = {1997}
}

@incollection{Bickeletal2010Ditransitives,
	address = {Berlin},
	author = {Bickel, Balthasar and {Rai}, Manoj and Paudyal, Netra and Banjade,  Goma and Bhatta, Toya Nath and Gaenszle, Martin and Lieven, Elena  and {Rai}, Iccha Purna and {Rai}, Novel K. and Stoll, Sabine},
	booktitle = {Studies in ditransitive constructions},
	date-added = {2008-09-29 09:03:03 +0200},
	date-modified = {2008-09-29 09:04:20 +0200},
	editor = {Malchukov, Andrej and Haspelmath, Martin and Comrie, Bernard},
	pages = {285--307},
	publisher = {Mouton de Gruyter},
	title = {The syntax of three-argument verbs in {Chintang and {Belhare} (Southeastern  {Kiranti})}},
	year = {2010}
}

@incollection{Bickeletal2007Inflectional,
	address = {Cambridge},
	author = {Bickel, Balthasar and Nichols, Johanna},
	booktitle = {Language typology and syntactic description},
	date-added = {2008-09-29 09:03:03 +0200},
	date-modified = {2008-09-29 09:04:20 +0200},
	editor = {Shopen, Timothy},
	pages = {169--240},
	publisher = {Cambridge University Press (Revised second edition)},
	title = {Inflectional morphology},
	year = {2007}
}

@incollection{Bickeletal2005_Obligatory,
	address = {Oxford},
	author = {Balthasar Bickel and Johanna Nichols},
	booktitle = {{The World Atlas of Language Structures}},
	editor = {Martin Haspelmath and Matthew Dryer and David Gil and Bernard Comrie},
	owner = {Diana},
	pages = {242 – 245},
	publisher = {Oxford University Press},
	timestamp = {2013.10.07},
	title = {{Obligatory Possessive Inflection}},
	year = {2005}
}

@incollection{Bickel2010_Grammatical,
	address = {Oxford},
	author = {Bickel, Balthasar},
	booktitle = {The {Oxford Handbook of Language Typology}},
	date-added = {2008-09-29 09:03:03 +0200},
	date-modified = {2008-09-29 13:26:51 +0200},
	editor = {Song, Jae Jung},
	pages = {399--444},
	publisher = {Oxford University Press},
	title = {Grammatical relations typology},
	year = {2011}
}

@incollection{Bickel2010_Capturing,
	address = {Amsterdam},
	author = {Bickel, Balthasar},
	booktitle = {Clause linking and clause hierarchy – syntax and pragmatics},
	editor = {Bril, Isabelle},
	owner = {schackow},
	pages = {51--101},
	publisher = {Benjamins},
	quality = {1},
	series = {Studies in Language Companion Series},
	timestamp = {2013.06.13},
	title = {Capturing particulars and universals in clause linkage: {A} multivariate  analysis},
	volume = {121},
	year = {2010}
}

@incollection{Bickel2004The-syntax,
	address = {Amsterdam},
	author = {Bickel, Balthasar},
	booktitle = {Non-nominative subjects},
	date-added = {2008-09-29 09:03:03 +0200},
	date-modified = {2008-09-29 09:04:20 +0200},
	editor = {Bhaskararao, Peri and Subbarao, Karumuri Venkata},
	pages = {77--112},
	publisher = {Benjamins},
	title = {The syntax of experiencers in the {Himalayas}},
	year = {2004}
}

@incollection{Bickel2004Hidden,
	address = {Berlin },
	author = {Bickel, Balthasar},
	booktitle = {Himalayan languages, past and present},
	date-modified = {2008-10-15 16:53:55 +0200},
	editor = {Anju Saxena},
	keywords = {grammatical relations},
	pages = {141--190},
	publisher = {Mouton de Gruyter},
	title = {Hidden syntax in {Belhare}},
	year = {2004}
}

@incollection{Bickel2003Belhare,
	address = {London},
	author = {Bickel, Balthasar},
	booktitle = {{The {Sino-Tibetan} languages}},
	date-added = {2008-09-29 09:03:03 +0200},
	date-modified = {2008-09-29 09:04:20 +0200},
	editor = {Thurgood, Graham and LaPolla, Randy J.},
	pages = {546--70},
	publisher = {Routledge},
	title = {Belhare},
	year = {2003}
}

@incollection{Bickel1999Nominalization,
	address = {Kathmandu},
	author = {Bickel, Balthasar},
	booktitle = {Topics in {Nepalese} linguistics},
	date-added = {2008-09-29 09:03:03 +0200},
	date-modified = {2008-09-29 09:04:20 +0200},
	editor = {Yadava, Yogendra P. and Glover, Warren W.},
	pages = {271--296},
	publisher = {Royal {Nepal} Academy},
	title = {Nominalization and focus constructions in some {Kiranti} languages},
	year = {1999}
}

@incollection{Bickel1999Cultural,
	address = {Zürich},
	author = {Bickel, Balthasar},
	booktitle = {Himalayan space: {C}ultural horizons and practices},
	date-added = {2008-09-29 09:03:03 +0200},
	date-modified = {2008-10-26 18:01:56 +0100},
	editor = {Bickel, Balthasar and Gaenszle, Martin},
	keywords = {ethnology; relativity; -Belhare; {Kiranti} languages},
	pages = {75--104},
	publisher = {Völkerkundemuseum der Universität Zürich},
	title = {Cultural formalism and spatial language in {Belhara}},
	year = {1999}
}

@incollection{Bickel1997The-possessive,
	address = {Canberra},
	author = {Bickel, Balthasar},
	booktitle = {Tibeto-{Burman} languages of the {Himalayas}},
	date-added = {2008-09-29 09:03:03 +0200},
	date-modified = {2008-09-29 09:04:20 +0200},
	editor = {Bradley, David},
	journal = {Papers in {Southeast {Asian}} Linguistics: {Tibeto-Burman} Languages  of the {Himalayas}},
	note = {A-86},
	number = {14},
	pages = {135--155},
	publisher = {Pacific Linguistics, the Australian National University},
	series = {Papers in {South-East} {Asian} Linguistics},
	title = {The possessive of experience in {Belhare}},
	year = {1997}
}

@incollection{Bickel1997Spatial,
	address = {Cambridge},
	author = {Bickel, Balthasar},
	booktitle = {Language and conceptualization},
	date-added = {2008-09-29 09:03:03 +0200},
	date-modified = {2008-09-29 09:04:20 +0200},
	editor = {Nuyts, Jan and Pederson, Eric},
	pages = {46--83},
	publisher = {Cambridge University Press},
	title = {Spatial operations in deixis, cognition, and culture: {W}here to orient  oneself in {Belhare}},
	year = {1997}
}

@incollection{Bickel1993Belhare,
	address = {Z{\"u}rich},
	author = {Bickel, Balthasar},
	booktitle = {Studies in clause linkage},
	date-added = {2008-09-29 09:03:03 +0200},
	date-modified = {2008-09-29 09:04:20 +0200},
	editor = {Ebert, Karen H.},
	pages = {23--55},
	publisher = {ASAS},
	title = {Belhare subordination and the theory of topic},
	year = {1993}
}

@electronic{Levisetal2015_Ethnologue,
	address = {Dallas, Texas},
	author = {M. Paul Lewis and Gary F. Simons and Charles D. Fennig},
	organization = {SIL International},
	owner = {DELL User},
	timestamp = {2015.03.10},
	title = {Ethnologue: {L}anguages of the World},
	url = {http://www.ethnologue.com},
	year = {2015}
}

@book{Winter1996Glossary,
	address = {Unterschleissheim, M{\"u}nchen},
	author = {Winter, Werner and Hansson, Gerd and Weidert, Alfons and Subba, Bickram  Ingwaba},
	keywords = {Yakkha; {Belhare}; {Athpare}; {Kiranti}},
	publisher = {Lincom Europa},
	title = {A Synoptic Glossary of {Athpare}, {Belhare} and {Yakkha}},
	year = {1996}
}

@book{Whelpton2005A-History,
	address = {Cambridge, UK },
	author = {Whelpton, John},
	keywords = {Nepal},
	publisher = {Cambridge University Press },
	title = {A History of {Nepal}},
	year = {2005 }
}

@book{Watters2002A-grammar,
	address = {Cambridge},
	author = {Watters, David E.},
	date-added = {2008-09-29 09:03:03 +0200},
	date-modified = {2008-10-21 23:54:52 +0200},
	keywords = {-Kham; lg description},
	pages = {xxv, 477 p.},
	publisher = {Cambridge University Press},
	title = {A grammar of {Kham}},
	year = {2002}
}

@book{Waelchli2005_Co-compounds,
	address = {Cambridge},
	author = {Bernhard Wälchli},
	owner = {schackow},
	publisher = {Cambridge University Press},
	quality = {1},
	timestamp = {2013.08.28},
	title = {Co-compounds and natural coordnation},
	year = {2005}
}

@book{Vanlinden2012_Modal,
	address = {Berlin},
	author = {An {Van linden}},
	owner = {schackow},
	pages = {363},
	publisher = {Mouton the Gruyter},
	timestamp = {2012.04.25},
	title = {Modal Adjectives: {English} deontic and evaluative constructions  in synchrony and diachrony},
	year = {2012}
}

@book{Turner1931A-Comparative,
	address = {Reprint New Delhi},
	author = {Turner, Ralph Lilley},
	date-added = {2008-09-29 09:03:03 +0200},
	date-modified = {2008-10-26 18:09:18 +0100},
	keywords = {-Nepali; {Indo-Aryan} languages; ethymology; dictionary},
	publisher = {Allied Publishers Ltd. 1980},
	title = {A Comparative and Etymological Dictionary of the {Nepal}i Language},
	year = {1931}
}

@book{Toba2005Unesco,
	address = {Kathmandu},
	author = {Toba, Sueyoshi and Toba, Ingrid and {Rai}, Novel K.},
	keywords = {unesco; nepal; diversity; endangered languages},
	number = {7},
	publisher = {United Nations Educational, Scientific and Cultural Organization,  Kathmandu Office},
	series = {UNESCO Kathmandu Series of Monographs and Working Papers},
	title = {Diversity and Endangerment of Languages in {Nepal}},
	year = {2005}
}

@book{Tesniere1959Elements,
	address = {Paris},
	author = {Tesni{\`e}re, Lucien},
	date-added = {2008-09-29 09:03:03 +0200},
	date-modified = {2008-09-29 09:04:22 +0200},
	publisher = {Klincksieck},
	title = {{\'E}l{\'e}ments de syntaxe structurale},
	year = {1959}
}

@book{Tamang2010_fermented,
	address = {Boca Raton, FL},
	author = {Jyoti Prakash Tamang},
	owner = {schackow},
	publisher = {Taylor \& Francis Group},
	quality = {1},
	timestamp = {2013.12.20},
	title = {Himalayan Fermented Foods. {Microbiology}, Nutrition and Ethnic Values},
	year = {2010}
}

@book{Svensen2009_Handbook,
	address = {Cambridge},
	author = {Svensén, Bo},
	owner = {schackow},
	publisher = {Cambridge University Press},
	timestamp = {2012.05.16},
	title = {A handbook of lexicography: {T}he theory and practice of dic\-tio\-nary-making},
	year = {2009}
}

@book{Subba1999Politics,
	address = {Chennai},
	author = {Subba, T B},
	booktitle = {Politics of Culture. {A} Study of three Kirata Communities in the {Eastern}  {Himalayas}},
	keywords = {Yakkha; {Kiranti}},
	publisher = {Orient Longman},
	title = {Politics of Culture},
	year = {1999}
}

@book{Shafer1974_Introduction,
	address = {Wiesbaden},
	author = {Robert Shafer},
	owner = {Diana},
	pages = {408},
	publisher = {Harrassowitz},
	timestamp = {2014.01.13},
	title = {Introduction to {Sino-Tibetan}},
	year = {1974}
}

@book{Rutgers1998Yamphu,
	address = {Leiden},
	author = {Rutgers, Roland},
	date-added = {2008-09-29 09:03:03 +0200},
	date-modified = {2008-09-29 09:04:22 +0200},
	publisher = {CNWS Publications},
	title = {Yamphu: {G}rammar, texts, and lexicon},
	year = {1998}
}

@book{Read1934Balti,
	address = {London},
	author = {Read, Alfred Frank Charles},
	date-added = {2008-09-29 09:03:03 +0200},
	date-modified = {2008-10-22 00:17:11 +0200},
	keywords = {-Balti, lg description},
	pages = {iv, 108},
	publisher = {The Royal Asiatic Society},
	title = {Balti grammar},
	year = {1934}
}

@book{Rapachaetal2008Indo,
	address = {Kathmandu},
	author = {Rapacha, Syankarelu Lal and Yalungcha, Bag-Ayagyami and Tumyahang,  Amar},
	keywords = {Kiranti; {Yakkha}},
	month = {10},
	publisher = {Kirantivigyan Adhyayan Samsthan},
	title = {{Indo-Nepal} {Kiranti} Bhasaharu},
	year = {2008 }
}

@book{Raietal2011_Chintangdict,
	address = {Kath\-man\-du},
	author = {Novel K. {Rai} and Manoj {Rai} and Netra P. Paudyal and Robert Schikowski  and Balthasar Bickel and Sabine Stoll and Martin Gaenszle and Goma  Banjade and Ichchha P. {Rai} and Toya N. Bhatta and Sebastian Sauppe  and Rikhi Maya {Rai} and Janak Kumari {Rai} and Las Kumari {Rai}  and Durga Bahadur {Rai} and Ganesh {Rai} and Dayaram {Rai} and Durga  Kumari {Rai} and Anita {Rai} and Candra Kumari {Rai} and Shanti Maya  {Rai} and Ravindra Kumar {Rai} and Judy Pettigrew and Tyko Dirksmeyer},
	owner = {Diana},
	publisher = {Chintang Language Research Program},
	timestamp = {2013.10.07},
	title = {{Chintang-Nepali-English} dictionary with grammar},
	year = {2011}
}

@book{Pradhan1991The-Gorkha,
	address = {Calcutta},
	author = {Pradhan, Kumar},
	date-added = {2008-09-29 09:03:03 +0200},
	date-modified = {2008-09-29 09:04:22 +0200},
	publisher = {Oxford University Press},
	title = {The {Gorkha} Conquests},
	year = {1991}
}

@book{Peterson2010_Kharia,
	address = {Leiden and Boston},
	author = {John Peterson},
	owner = {schackow},
	publisher = {Brill Academic Publishing},
	series = {Brill's Studies in South and Southwest {Asian} Languages},
	timestamp = {2012.05.15},
	title = {A Grammar of {Kharia}: {A} {South Munda} Language},
	year = {2010}
}

@book{Opgenort2004A-Grammar,
	address = {Leiden},
	author = {Opgenort, Jean Robert},
	date-added = {2008-09-29 09:03:03 +0200},
	date-modified = {2008-10-22 00:34:18 +0200},
	keywords = {-Wambule; lg description},
	publisher = {Brill},
	title = {A Grammar of {Wambule}},
	year = {2004}
}

@book{Nichols1992Language,
	address = {Chicago},
	author = {Nichols, Johanna},
	date-added = {2008-09-29 09:03:03 +0200},
	date-modified = {2008-09-29 09:04:22 +0200},
	publisher = {The University of Chicago Press},
	title = {Language diversity in space and time},
	year = {1992}
}

@book{Nespital1997Hindi,
	address = {Allahabad},
	author = {Nespital, Helmut},
	owner = {Diana},
	pages = {XXXVIII, 1165},
	publisher = {Lokbharati Prakasan},
	timestamp = {2011.11.29},
	title = {Hindi kriya-kosa: {C}ontaining all simple and compound verbs, their  lexical equivalents in {English} and illustrations of their usage},
	year = {1997}
}

@book{Nagano1984A-historical,
	address = {Tokyo},
	author = {Nagano, Yasuhiko},
	date-added = {2008-09-29 09:03:03 +0200},
	date-modified = {2008-09-29 09:04:22 +0200},
	publisher = {Seishido},
	title = {A historical study of the {rGyarong} verb system},
	year = {1984}
}

@book{Naess2007_Prototypical,
	address = {Amsterdam},
	author = {N{\ae}ss, \r{A}shild},
	owner = {schackow},
	publisher = {Benjamins},
	timestamp = {2012.02.23},
	title = {Prototypical transitivity},
	year = {2007}
}

@book{Montaut2004Hindi,
	address = {München},
	author = {Montaut, Annie},
	keywords = {hindi},
	publisher = {Lincom Europa},
	title = {A Grammar of {Hindi}},
	year = {2004 }
}

@book{Miller2001A-grammar,
	address = {Berlin},
	author = {Miller, Amy},
	date-added = {2008-09-29 09:03:03 +0200},
	date-modified = {2008-09-29 09:04:22 +0200},
	publisher = {Mouton de Gruyter},
	title = {A grammar of {Jamul Tiipay}},
	year = {2001}
}

@book{Matthews1984Course,
	address = {London},
	author = {Matthews, David},
	date-added = {2008-09-29 09:03:03 +0200},
	date-modified = {2008-10-26 18:08:57 +0100},
	keywords = {-Nepali; {Indo-Aryan} languages},
	publisher = {School of Oriental and {Africa}n Studies},
	title = {A Course in {Nepal}i},
	year = {1984}
}

@book{Matisoff2003Handbook,
	address = {Berkeley},
	author = {Matisoff, James A.},
	date-added = {2008-09-29 09:03:03 +0200},
	date-modified = {2008-10-22 00:06:32 +0200},
	keywords = {Tibeto-Burman languages; comparative linguistics},
	pages = {xiii, 750 p.},
	publisher = {University of California Press},
	title = {Handbook of {Proto-Tibeto-Burman}: {S}ystem and philosophy of {Sino-Tibetan}  reconstruction},
	year = {2003}
}

@book{Manandhar2002_Plants,
	address = {Portland, Oregon},
	author = {Narayan P. Manandhar},
	owner = {schackow},
	pages = {636},
	publisher = {Timber Press},
	quality = {1},
	timestamp = {2013.12.16},
	title = {Plants and People of {Nepal}},
	year = {2002}
}

@book{Malchukovetal2015_Valency,
	address = {Berlin},
	booktitle = {Valency Classes in the World’s Languages. {V}ol 1: {I}ntroducing the  framework, and case studies from {Africa} and {Eurasia}},
	editor = {Andrej Malchukov and Bernard Comrie},
	owner = {DELL User},
	publisher = {De Gruyter Mouton},
	timestamp = {2015.03.04},
	title = {Valency Classes in the World’s Languages. {V}ol 1: {I}ntroducing the  framework, and case studies from {Africa} and {Eurasia}},
	year = {2015}
}

@book{Malchukovetal2010Studies,
	address = {Berlin},
	booktitle = {Studies in Ditransitive Constructions},
	editor = {Malchukov, Andrej and Haspelmath, Martin and Comrie, Bernard},
	owner = {Diana},
	pages = {772},
	publisher = {De Gruyter},
	timestamp = {2011.05.12},
	title = {Studies in Ditransitive Constructions},
	year = {2010}
}

@book{Lyons1969_Introduction,
	address = {Cambridge},
	author = {Lyons, John},
	date-added = {2008-09-29 09:03:03 +0200},
	date-modified = {2008-10-26 18:11:12 +0100},
	keywords = {theory},
	publisher = {Cambridge University Press},
	title = {Introduction to theoretical linguistics},
	year = {1969}
}

@book{Linkha2067Yakkha,
	address = {},
	author = {Linkha, Magman},
	owner = {Diana},
	publisher = {},
	timestamp = {2011.05.16},
	title = {Yakkha Jati Ek Parichaya},
	year = {2067 B.S.}
}

@book{Linkha2005Yakkha,
	address = {Sunsari},
	author = {Linkha, Magman and Dewan, Bam},
	keywords = {Yakkha },
	publisher = {Kirat {Yakkha} Chumma, Indigenous Peoples {Yakkha} Organization},
	title = {Yakkha Ce'ya Sikla: {P}rarambhik {Yakkha} Sabda Samgraha},
	year = {2064 B.S.}
}

@book{Levinsonetal2006_Grammars,
	address = {Cambridge, UK},
	booktitle = {Grammars of Space: {E}xplorations in Cognitive Diversity},
	editor = {Stephen C. Levinson and David P. Wilkins},
	number = {6},
	owner = {Diana},
	publisher = {Cambridge University Press},
	series = {Language Culture and Cognition},
	timestamp = {2013.08.31},
	title = {Grammars of Space: {E}xplorations in Cognitive Diversity},
	year = {2006}
}

@book{Levinetal2005_Argument,
	address = {Cambridge},
	author = {Levin, Beth and Rappaport Hovav, Malka},
	owner = {schackow},
	publisher = {Cambridge University Press},
	timestamp = {2012.02.15},
	title = {Argument Realization},
	year = {2005}
}

@book{Levin1993_English,
	address = {Chicago},
	author = {Beth Levin},
	owner = {DELL User},
	publisher = {The University of Chicago Press.},
	timestamp = {2015.03.09},
	title = {English Verb Classes and Alternations: {A} Preliminary Survey},
	year = {1993}
}

@book{Lehmann2002_Thoughts,
	address = {Erfurt},
	author = {Christian Lehmann},
	owner = {schackow},
	publisher = {Seminar für Sprachwissenschaft, Universität Erfurt},
	series = {Arbeitspapiere des Seminars für Sprachwissenschaft der Universität  Erfurt},
	timestamp = {2012.05.16},
	title = {Thoughts on Grammaticalization (Second, revised edition)},
	year = {2002}
}

@book{Lehmann1984Der-Relativsatz,
	address = {T{\"u}bingen},
	author = {Lehmann, Christian},
	date-added = {2008-09-29 09:03:03 +0200},
	date-modified = {2008-09-29 09:04:21 +0200},
	publisher = {Narr},
	title = {Der {Relativsatz}},
	year = {1984}
}

@book{Lahaussois2003_Thulung,
	address = {Ann Arbor},
	author = {Lahaussois, Aim{\'e}e},
	owner = {Diana},
	pages = {384},
	publisher = {UMI Publications},
	timestamp = {2011.11.09},
	title = {Aspects of the grammar of {Thulung {Rai}}: {A}n endangered {Himalayan}  language},
	year = {2003}
}

@book{Kongren2007Yakkha,
	address = {Kathmandu},
	author = {Kongren, Ramji},
	keywords = {Yakkha; {Kiranti}},
	publisher = {Kirat {Yakkha} Chumma, Indigenous Peoples {Yakkha} Organization},
	title = {Yakkha-Nepali-English Dictionary},
	year = {2007 }
}

@book{Kongren2007Indigenous,
	address = {Kathmandu },
	author = {Kongren, Ramji},
	keywords = {yakkha; nepal; kiranti; identity},
	publisher = {Kirat {Yakkha} Chumma, Indigenous Peoples {Yakkha} Organization},
	title = {Yakkha Jatiko Samskar ra Samskriti (Yakkha Indigenous People's Tradition  and Culture)},
	year = {2007 }
}

@book{Kemmer1993_Middle,
	address = {Amsterdam},
	author = {Suzanne Kemmer},
	number = {23},
	owner = {Diana},
	publisher = {Benjamins},
	series = {Typological Studies in Language},
	timestamp = {2011.11.08},
	title = {The middle voice},
	year = {1993}
}

@book{Jimi2010Engka-Yakkha,
	address = {Sanothimi, Bhaktapur},
	author = {Indira Jimi and Visvakaji Kongren and Manita Jimi},
	owner = {Diana},
	publisher = {Siksa tatha Khelkud Mantralaya},
	timestamp = {2013.12.15},
	title = {Engka {Yakkha} Cheptap 2},
	year = {2010}
}

@book{Jimi2009Engka-Yakkha,
	address = {Sanothimi, Bhaktapur},
	author = {Indira Jimi and Visvakaji Kongren and Manita Jimi},
	keywords = {Yakkha; schooling materials},
	publisher = {Siksa tatha Khelkud Mantralaya},
	title = {Engka {Yakkha} Cheptap 1},
	year = {2009}
}

@book{Jespersen1965_Modern,
	address = {London},
	author = {Otto Jespersen},
	owner = {Diana},
	publisher = {George Ellen and Unwin Ltd.},
	timestamp = {2013.11.20},
	title = {A Modern {English} Grammar on Historical Principles},
	volume = {VI},
	year = {1965}
}

@book{Jespersen1904_Lehrbuch,
	address = {Leipzig},
	author = {Jespersen, Otto},
	owner = {schackow},
	publisher = {Teubner},
	quality = {1},
	timestamp = {2013.05.28},
	title = {Lehrbuch der {Phonetik}},
	year = {1904}
}

@book{Jackendoff1983Semantics,
	address = {Cambridge, Mass.},
	author = {Jackendoff, Ray},
	date-added = {2008-09-29 09:03:03 +0200},
	date-modified = {2008-09-29 09:04:21 +0200},
	publisher = {MIT Press},
	title = {Semantics and cognition},
	year = {1983}
}

@book{Horn1989A-natural,
	address = {Chicago},
	author = {Horn, Laurence R.},
	date-added = {2008-09-29 09:03:03 +0200},
	date-modified = {2008-09-29 09:04:21 +0200},
	publisher = {The University of Chicago Press},
	title = {A natural history of negation},
	year = {1989}
}

@book{Hopperetal1993Grammaticalization,
	address = {Cambridge},
	author = {Hopper, Paul J. and Traugott, Elizabeth Closs},
	date-added = {2008-09-29 09:03:03 +0200},
	date-modified = {2008-09-29 09:04:21 +0200},
	publisher = {Cambridge University Press},
	title = {Grammaticalization},
	year = {1993}
}

@book{Heineetal2002_World,
	address = {Cambridge},
	author = {Heine, Bernd and Kuteva, Tania},
	owner = {schackow},
	publisher = {Cambridge University Press},
	timestamp = {2012.04.19},
	title = {World Lexicon of Grammaticalization},
	year = {2002}
}

@book{Haspelmath2002Understanding,
	address = {London},
	author = {Haspelmath, Martin},
	date-added = {2008-09-29 09:03:03 +0200},
	date-modified = {2008-10-22 00:21:25 +0200},
	keywords = {morphology},
	pages = {xiii, 290 p.},
	publisher = {Hodder Arnold},
	series = {Understanding Language Series},
	title = {Understanding morphology},
	year = {2002}
}

@book{Haspelmath1997_Indefinite,
	address = {Oxford},
	author = {Martin Haspelmath},
	owner = {Diana},
	publisher = {Oxford University Press},
	series = {Oxford Studies in Typology and Linguistic Theory},
	timestamp = {2013.10.01},
	title = {Indefinite Pronouns},
	year = {1997}
}

@book{Hardman2000_Other,
	address = {Oxford, New York},
	author = {Charlotte E. Hardman},
	owner = {schackow},
	publisher = {Berg},
	quality = {1},
	timestamp = {2013.12.21},
	title = {Other worlds. {Notions} of self and emotion among the {Lohorung}  {Rai}},
	year = {2000}
}

@book{Hall2000Phonologie,
	address = {Berlin},
	author = {Hall, T. Alan},
	date-added = {2008-09-29 09:03:03 +0200},
	date-modified = {2008-09-29 09:04:21 +0200},
	publisher = {Walter de Gruyter},
	title = {Phonologie},
	year = {2000}
}

@book{Grierson1909Linguistic,
	address = {Calcutta},
	author = {Grierson, George A.},
	number = {III},
	publisher = {Superintendent of Government Printing, India},
	series = {Linguistic Survey of India},
	title = {Tibeto-Burman family, Part I, General Introduction, specimens of the {Tibetan} dialects, the {Himalayan} dialects and the {North Assam}  group.},
	year = {1909}
}

@book{Genetti2007_Newari,
	address = {Berlin},
	author = {Carol Genetti},
	owner = {Diana},
	publisher = {Mouton de Gruyter},
	timestamp = {2011.11.03},
	title = {A Grammar of {Dolakha {Newar}}},
	year = {2007}
}

@book{Gaenszle2000Origins,
	address = {Kathmandu},
	author = {Gaenszle, Martin},
	comment = {To read!},
	date-added = {2008-09-29 09:03:03 +0200},
	date-modified = {2008-09-29 09:04:21 +0200},
	publisher = {Mandala Book Point},
	title = {Origins and migrations: {K}inship, mythology, and ethnic identity among the {Mewahang} {Rai} of {East} {Nepal}},
	year = {2000}
}

@book{Foleyetal1984Functional,
	address = {Cambridge},
	author = {Foley, William A. and Van Valin, Robert D.},
	date-added = {2008-09-29 09:03:03 +0200},
	date-modified = {2008-10-24 10:21:28 +0200},
	keywords = {RRG; typology; syntax},
	publisher = {Cambridge University Press},
	title = {Functional syntax and universal grammar},
	year = {1984}
}

@book{Fillmore1997_Deixis,
	address = {Stanford, CA},
	author = {Fillmore, Carl J.},
	number = {65},
	owner = {schackow},
	publisher = {CSLI Publications},
	quality = {1},
	series = {CSLI Lecture Notes},
	timestamp = {2013.09.05},
	title = {Lectures on Deixis},
	year = {1971 (1997)}
}

@book{Ebert1997Camling,
	address = {M{\"u}nchen},
	author = {Ebert, Karen H.},
	date-added = {2008-09-29 09:03:03 +0200},
	date-modified = {2008-09-29 09:04:20 +0200},
	publisher = {LINCOM},
	title = {Camling {(Chamling)}},
	year = {1997}
}

@book{Ebert1997A-grammar,
	address = {München},
	author = {Ebert, Karen H.},
	date-added = {2008-09-29 09:03:03 +0200},
	date-modified = {2008-09-29 09:04:20 +0200},
	number = {1},
	publisher = {LINCOM Europa},
	series = {Lincom Studies in {Asian} Linguistics},
	title = {A grammar of {Athpare}},
	year = {1997}
}

@book{Ebert1994The-structure,
	address = {Zürich},
	author = {Ebert, Karen H.},
	date-added = {2008-09-29 09:03:03 +0200},
	date-modified = {2008-09-29 09:04:20 +0200},
	publisher = {Arbeiten des Seminars für Allgemeine Sprachwissenschaft},
	title = {The structure of {Kiranti} languages},
	year = {1994}
}

@book{Driem2001Languages,
	address = {Leiden},
	author = {van Driem, George },
	date-added = {2008-09-29 09:03:03 +0200},
	date-modified = {2008-10-22 00:37:36 +0200},
	keywords = {Indo-Aryan languages; Himalaya languages; ethnology},
	publisher = {Brill},
	title = {Languages of the {Himalayas}: {A}n ethnolinguistic handbook of the {Greater {Himalayan} Region}, containing an introduction to the {Symbiotic Theory of Language}},
	year = {2001}
}

@book{Driem1993A-grammar,
	address = {Berlin},
	author = {van Driem, George},
	date-added = {2008-09-29 09:03:03 +0200},
	date-modified = {2008-09-29 09:04:20 +0200},
	publisher = {Mouton de Gruyter},
	title = {A grammar of {Dumi}},
	year = {1993}
}

@book{Driem1987A-grammar,
	address = {Berlin},
	author = {van Driem, George},
	date-added = {2008-09-29 09:03:03 +0200},
	date-modified = {2008-09-29 09:04:20 +0200},
	publisher = {Mouton de Gruyter},
	title = {A grammar of {Limbu}},
	year = {1987}
}

@book{Doornenbal2009A-grammar,
	address = {Utrecht},
	author = {Doornenbal, Marius A.},
	keywords = {bantawa; rai; kiranti; nepal},
	owner = {Diana},
	publisher = {LOT Publications},
	timestamp = {2009.11.27},
	title = {A grammar of {Bantawa}. {G}rammar, paradigm tables, glossary and texts  of a {Rai} language of {Eastern} {Nepal}},
	year = {2009}
}

@book{Dixon1994Ergativity,
	address = {Cambridge},
	author = {Dixon, R. M. W.},
	date-added = {2008-09-29 09:03:03 +0200},
	date-modified = {2008-10-21 23:52:26 +0200},
	keywords = {ergativity; grammatical relations},
	publisher = {Cambridge University Press},
	title = {Ergativity},
	year = {1994}
}

@book{Dahal1985An-ethnographic,
	address = {Kirtipur},
	author = {Dahal, Dilli Ram},
	date-added = {2008-09-29 09:03:03 +0200},
	date-modified = {2008-09-29 09:04:20 +0200},
	publisher = {Centre for {Nepal} and {Asian} Studies},
	title = {An ethnographic study of social change among the {Athpahariya {Rai}s}  of {Dhankuta}},
	year = {1985}
}

@book{Cristofaro2003Subordination,
	address = {Oxford},
	author = {Cristofaro, Sonia},
	date-added = {2008-09-29 09:03:03 +0200},
	date-modified = {2008-10-22 00:16:24 +0200},
	keywords = {clause linkage},
	pages = {xvi, 355 p.},
	publisher = {Oxford University Press},
	title = {Subordination},
	year = {2003}
}

@book{Coupe2007_Mongsen,
	address = {Berlin and Boston},
	author = {Coupe, Alexander},
	owner = {schackow},
	publisher = {Mouton de Gruyter},
	quality = {1},
	timestamp = {2013.04.29},
	title = {A Grammar or {Mongsen Ao}},
	year = {2007}
}

@book{Comrie1989Language,
	address = {Chicago},
	author = {Comrie, Bernard},
	booktitle = {Language universals and linguistic typology: {S}yntax and morphology},
	date-added = {2008-09-29 09:03:03 +0200},
	date-modified = {2008-10-25 15:16:32 +0200},
	keywords = {typology, universals, syntax, morphology},
	note = {2nd edition},
	pages = {264},
	publisher = {University of Chicago Press},
	title = {Language universals and linguistic typology},
	year = {1989}
}

@book{Chemjong1967History, 
	author = {Iman Singh Chemjong},
	date-added = {2008-09-29 09:03:03 +0200},
	date-modified = {2008-09-29 09:04:20 +0200},
	location = {Kathmandu},
	publisher = {Tumeng Hang},
	title = {History and culture of the {Kirat} people},
	volume = {1 \& 2},
	year = {1967}
}

@book{Chafe1980The-Pear,
	address = {Norwood, NJ},
	author = {Chafe, Wallace},
	date-added = {2008-09-29 09:03:03 +0200},
	date-modified = {2008-09-29 09:04:20 +0200},
	publisher = {Ablex},
	title = {The Pear Stories: {C}ognitive, cultural, and linguistic aspects of  narrative production},
	year = {1980}
}

@book{Caplan1970_Land,
	address = {Berkeley},
	author = {Lionel Caplan},
	owner = {schackow},
	publisher = {University of California Press},
	quality = {1},
	timestamp = {2013.12.20},
	title = {Land and social change in {East} of {Nepal}: {A} study of {Hindu}-tribal  relations},
	year = {1970}
}

@book{Butt1995The-structure,
	address = {Stanford},
	author = {Butt, Miriam},
	date-added = {2008-09-29 09:03:03 +0200},
	date-modified = {2008-10-21 23:57:53 +0200},
	keywords = {-Hindi},
	publisher = {CSLI},
	title = {The structure of complex predicates in {Urdu}},
	year = {1995}
}

@book{Buehler1934_Sprachtheorie,
	address = {Jena},
	author = {Karl B{\"u}hler},
	owner = {schackow},
	publisher = {Gustav Fischer},
	quality = {1},
	timestamp = {2013.09.05},
	title = {{Sprachtheorie. {D}ie Darstellungsfunktion der Sprache}},
	year = {1934}
}

@book{Bradley1997_Tibeto-Burman,
	address = {Canberra},
	booktitle = {{Tibeto-Burman} languages of the {Himalayas}},
	editor = {David Bradley},
	number = {14},
	owner = {Diana},
	pages = {VIII, 182},
	publisher = {Australian National University},
	series = {Papers in {South-East} {Asian} Linguistics},
	timestamp = {2014.01.13},
	title = {{Tibeto-Burman} languages of the {Himalayas}},
	year = {1997}
}

@book{Bickeletal2009Puma,
	address = {Kathmandu },
	author = {Bickel, Balthasar and Gaenszle, Martin and {Rai}, Arjun and {Rai},   Shree Kumar and {Rai}, Vishnu S. and Schackow, Diana and G{\"u}nther,  Sabine and Gautam (Sharma), Narayan P. },
	keywords = {Puma; {Kiranti}},
	publisher = {Chintang and {Puma Documentation Project}},
	title = {{Puma-Nepali-English Dictionary}},
	year = {2009}
}

@misc{Bickel1998Rhythm, 
	author = {Bickel, Balthasar},
	date-added = {2008-09-29 09:03:03 +0200},
	date-modified = {2008-09-29 09:04:20 +0200},
	number = {287}, 
	series = {Rutgers Optimality Archive Working Papers},
	title = {Rhythm and feet in {Belhare} morphology},
	url = {http://roa.rutgers.edu/article/view/297},
	year = {1998}
}

@book{Bickel1996Aspect,
	address = {Zurich},
	author = {Bickel, Balthasar},
	date-modified = {2008-10-26 17:47:21 +0100},
	keywords = {-Belhare; aspect; {Kiranti} languages; tense},
	number = {15},
	publisher = {Seminar f{\"u}r Allgemeine Sprachwissenschaft},
	series = {ASAS},
	title = {Aspect, mood, and time in {Belhare}. {Studies} in the semantics-pragmatics  interface of a {Himalayan} language},
	year = {1996}
}

@book{Bickel1991Typologische,
	address = {Z{\"u}rich},
	author = {Bickel, Balthasar},
	date-added = {2008-09-29 09:03:03 +0200},
	date-modified = {2008-09-29 09:04:20 +0200},
	publisher = {ASAS},
	title = {Typologische {Grundlagen} der {Satzverkettung}},
	year = {1991}
}

@book{Bhaskararao2004_Nonnominative,
	address = {Amsterdam},
	booktitle = {Non-nominative subjects},
	date-added = {2008-09-29 09:03:03 +0200},
	date-modified = {2008-09-29 09:04:23 +0200},
	editor = {Bhaskararao, Peri and Subbarao, Karumuri Venkata},
	number = {60/61},
	publisher = {Benjamins},
	series = {Typological Studies in Language},
	title = {Non-nominative subjects},
	year = {2004}
}

@book{Beyer1992_Tibetan,
	address = {Delhi},
	author = {Stephan V. Beyer},
	owner = {Diana},
	publisher = {Sri Satguru Publications},
	timestamp = {2013.08.26},
	title = {The {Classical} {Tibetan} Language},
	year = {1992}
}

@book{Berlinetal1969Basic,
	address = {Berkeley},
	author = {Berlin, Brent and Kay, Paul},
	date-added = {2008-09-29 09:03:03 +0200},
	date-modified = {2008-09-29 09:04:20 +0200},
	publisher = {University of Chicago Press},
	title = {Basic color terms},
	year = {1969}
}

@book{Allen1975Sketch,
	address = {Ithaca, N.Y.},
	author = {Allen, Nicholas J.},
	date-added = {2008-09-29 09:03:03 +0200},
	date-modified = {2008-09-29 09:04:20 +0200},
	number = {6},
	publisher = {Cornell University},
	series = {Cornell University {East} Asia Papers},
	title = {Sketch of {Thulung} grammar},
	year = {1975}
}

@booklet{Linkha2012_Ashes,
	author = {Magman Linkha},
	howpublished = {Mother Tongue Center {Nepal} (UNM)},
	owner = {schackow},
	quality = {1},
	timestamp = {2013.12.16},
	title = {{\Deva छुबुक्का चालेप्पा} [The bread of ashes]},
	year = {2012}
}

@booklet{Jimee2012_Owl,
	author = {Shantila Jimee {Yakkha}},
	howpublished = {Mother Tongue Center {Nepal} (UNM)},
	owner = {schackow},
	quality = {1},
	timestamp = {2013.12.16},
	title = {{\Deva फोप्चिबा नुङ् का} [The owl and I]},
	year = {2012}
}

@booklet{Jimee2012_Casuwa,
	author = {Ajaya Jimee {Yakkha}},
	howpublished = {Mother Tongue Center {Nepal} (UNM)},
	owner = {schackow},
	quality = {1},
	timestamp = {2013.12.16},
	title = {{\Deva चासुवाबे} [At the Udhauli Festival]},
	year = {2012}
}

@article{Yapetal2010_Non-referential,
	author = {Yap, Foong Ha and Grunow-Hårsta, Karen},
	journal = {Language and Linguistics Compass},
	number = {12},
	owner = {Diana},
	pages = {1154--1175},
	timestamp = {2011.01.28},
	title = {Non-referential uses of nominalization constructions: {Asian} perspectives},
	volume = {4},
	year = {2010}
}

@article{Watters2008_Nominalization,
	author = {Watters, David E.},
	journal = {Linguistics of the {Tibeto-Burman} Area},
	note = {[Special Issue on Nominalization], ed. by Coupe, Alexander},
	number = {2},
	owner = {schackow},
	pages = {21–44},
	quality = {1},
	timestamp = {2013.05.02},
	title = {Nominalization in the {Kiranti} and {Central Himalayish} languages  of {Nepal}},
	volume = {31},
	year = {2008}
}

@article{Vincent2013_Conative,
	author = {Nigel Vincent},
	journal = {Linguistic Typology},
	number = {2},
	owner = {schackow},
	pages = {269--290},
	quality = {1},
	timestamp = {2013.11.27},
	title = {Conative},
	volume = {17},
	year = {2013}
}

@article{Tournadre1991_Rhetorical,
	author = {Nicolas Tournadre},
	journal = {Linguistics of the {Tibeto-Burman} Area},
	owner = {Diana},
	pages = {93–107},
	timestamp = {2013.08.26},
	title = {The rhetorical use of the {Tibetan} ergative},
	volume = {14},
	year = {1991}
}

@article{Thurgood1984The-Rung,
	author = {Thurgood, Graham},
	date-added = {2008-09-29 09:03:03 +0200},
	date-modified = {2008-09-29 09:04:22 +0200},
	journal = {Proceedings of the 10th Annual Meeting of the Berkeley Linguistics  Society},
	pages = {338--349},
	title = {The {Rung} languages: {A} major new {Tibeto-Burman} subgroup},
	volume = {10},
	year = {1984}
}

@article{Sprigg1985The-Limbu,
	author = {Sprigg, R. K.},
	date-added = {2008-09-29 09:03:03 +0200},
	date-modified = {2008-09-29 09:04:22 +0200},
	journal = {Linguistics of the {Tibeto-Burman} Area},
	pages = {1--35},
	title = {The {Limbu} s-final and t-final verb roots},
	volume = {8},
	year = {1985}
}

@article{Siewierska2003Person,
	author = {Siewierska, Anna},
	date-added = {2008-09-29 09:03:03 +0200},
	date-modified = {2008-10-26 18:53:08 +0100},
	journal = {Transactions of the Philological Society},
	keywords = {agreement; grammatical relations},
	number = {101},
	pages = {339--370},
	title = {Person agreement and the determination of alignment},
	volume = {2},
	year = {2003}
}

@article{Siewierska1998On-nominal,
	author = {Siewierska, Anna},
	date-added = {2008-09-29 09:03:03 +0200},
	date-modified = {2008-10-26 18:52:39 +0100},
	journal = {Linguistic Typology},
	keywords = {agreement; person},
	pages = {1--56},
	title = {On nominal and verbal person marking},
	volume = {2},
	year = {1998}
}

@article{Schlemmer2003_New,
	author = {Grégoire Schlemmer},
	journal = {European Bulletin of {Himalayan} Research},
	owner = {schackow},
	pages = {119--144},
	quality = {1},
	timestamp = {2013.12.19},
	title = {New Past for the Sake of a Better Future: {R}e-inventing the history  of the Kirant in {East} {Nepal}},
	volume = {25/26},
	year = {2003/2004}
}

@article{Schieringetal2010The-prosodic,
	author = {Schiering, Ren{\'e} and Hildebrandt, Kristine and Bickel, Balthasar},
	date-added = {2008-09-29 09:03:03 +0200},
	date-modified = {2008-09-29 09:04:22 +0200},
	journal = {Journal of Linguistics},
	pages = {657--709},
	title = {The prosodic word is not universal, but emergent},
	volume = {46},
	year = {2010}
}

@article{Schackow2012_Referential,
	author = {Diana Schackow},
	journal = {Linguistic Discovery 10.3},
	number = {10},
	owner = {Diana},
	pages = {148--173},
	timestamp = {2012.01.22},
	title = {Referential hierarchy effects in three-argument constructions in  {Yakkha}},
	volume = {3},
	year = {2012}
}

@article{Russell2007Writing,
	author = {Russell, Andrew J.},
	journal = {Ethnos},
	keywords = {Yakkha; {Kiranti}; Ethnography; culture; {Nepal}},
	month = {9},
	number = {3 },
	pages = {361--382},
	title = {Writing travelling cultures: {T}ravel and ethnography amongst the {Yakkha}  of {East} {Nepal}},
	volume = {72},
	year = {2007 }
}

@article{Russell2004Traditions,
	author = {Russell, Andrew J.},
	journal = {History and Anthropology},
	keywords = {Yakkha; {Nepal}; {Kiranti}; Culture},
	number = {3},
	pages = {251--61},
	title = {Traditions in Transition: {S}anskritization and {Yakkha}fication in  {East} {Nepal}},
	volume = {15 },
	year = {2004 }
}

@article{Russell2000_Missing,
	author = {Andrew J. Russell},
	journal = {Journeys},
	owner = {schackow},
	pages = {86--113},
	quality = {1},
	timestamp = {2013.12.16},
	title = {The missing and the met: {Routing Clifford} amongst the {Yakha} in  {Nepal} and {NE India}},
	volume = {1},
	year = {2000}
}

@article{Pramodini2010_Eat,
	author = {Pramodini, Devi Nameirakpam},
	journal = {Language in India},
	pages = {1--15},
	title = {{EAT} expressions in {M}anipuri},
	volume = {10},
	year = {2010}
}

@article{Polinskyetal2002_Backward,
	author = {Polinsky, Maria and Potsdam, Eric},
	journal = {Linguistic Inquiry},
	owner = {schackow},
	pages = {245--282},
	timestamp = {2012.04.26},
	title = {Backward Control},
	volume = {33},
	year = {2002}
}

@article{Polinskyetal1999Agreement,
	author = {Polinsky, Maria and Comrie, Bernard},
	date-added = {2008-09-29 09:03:03 +0200},
	date-modified = {2008-10-26 17:39:28 +0100},
	journal = {Folia Linguistica},
	pages = {109--130},
	title = {Agreement in {Tsez}},
	volume = {33},
	year = {1999}
}

@article{McGregor2009_Ergativity,
	author = {William B. McGregor},
	journal = {Language and Linguistics Compass},
	number = {1},
	owner = {Diana},
	pages = {480--508},
	timestamp = {2013.08.26},
	title = {Typology of Ergativity},
	volume = {3},
	year = {2009}
}

@article{Matisoff1990_On,
	author = {James A. Matisoff},
	journal = {Language},
	owner = {schackow},
	pages = {106--120},
	quality = {1},
	timestamp = {2013.12.19},
	title = {On megalocomparison},
	volume = {66},
	year = {1990}
}

@article{Matisoff1990_Bulging,
	author = {Matisoff, James A.},
	journal = {Proceedings of the Sixteenth Annual Meeting of the Berkeley Linguistics  Society},
	owner = {schackow},
	pages = {343--359},
	timestamp = {2012.03.13},
	title = {Bulging monosyllables: {A}real tendencies in {South {East}} {Asian}  diachrony},
	volume = {16},
	year = {1990}
}

@article{Matisoff1986Hearts,
	author = {Matisoff, James A.},
	date-added = {2008-09-29 09:03:03 +0200},
	date-modified = {2008-09-29 09:04:22 +0200},
	journal = {Cahiers de linguistique asie-orientale},
	pages = {5--57},
	title = {Hearts and minds in {South-East} {Asian} languages and {English}: {A}n essay in the comparative lexical semantics of psycho-collocations},
	volume = {15},
	year = {1986}
}

@article{Matisoff1969The-syntax,
	author = {Matisoff, James A.},
	date-added = {2008-09-29 09:03:03 +0200},
	date-modified = {2008-09-29 09:04:22 +0200},
	journal = {Acta Linguistica Hafniensia},
	pages = {69--120},
	title = {Verb concatenation in {Lahu}: {T}he syntax and semantics of `simple'  juxtaposition in {Lahu}},
	volume = {12},
	year = {1969}
}

@article{Li2007Splitergativity,
	author = {Li, Chao},
	comment = {To read!},
	journal = {Lingua},
	keywords = {Nepali; grammatical relations; ergativity; transitivity; ergative},
	pages = {1462--1482},
	title = {Split ergativity and split intransitivity in {Nepal}i},
	volume = {117},
	year = {2007 }
}

@article{LaPolla2012_Comments,
	author = {LaPolla, Randy J.},
	journal = {Language and Linguistics},
	owner = {schackow},
	pages = {117--132},
	quality = {1},
	timestamp = {2013.01.24},
	title = {Comments on methodology and evidence in {Sino-Tibetan} comparative  linguistics},
	volume = {13.1},
	year = {2012}
}

@article{LaPolla1996_Middle,
	author = {LaPolla, Randy J.},
	journal = {Pan-Asiatic Linguistics: Proceedings of the Fourth International  Symposium on Languages and Linguistics},
	note = {Bangkok: Mahidol University},
	owner = {Diana},
	pages = {1940--54},
	timestamp = {2011.11.09},
	title = {Middle voice marking in {Tibeto-Burman}},
	volume = {5},
	year = {1996}
}

@article{LaPolla1992Dating,
	author = {LaPolla, Randy J.},
	comment = {To read!},
	date-added = {2008-09-29 09:03:03 +0200},
	date-modified = {2008-10-26 18:31:31 +0100},
	journal = {Bulletin of the School of Oriental and {Africa}n Studies},
	keywords = {agreement, {Tibeto-Burman} languages; historical linguistics},
	pages = {298--315},
	title = {On the dating and nature of verb agreement in {Tibeto-Burman}},
	volume = {55},
	year = {1992}
}

@article{Kepping1994The-conjugation,
	author = {Kepping, Ksenia Borisovna},
	date-added = {2008-09-29 09:03:03 +0200},
	date-modified = {2008-09-29 09:04:21 +0200},
	journal = {Bulletin of the School of Oriental and {Asian} Studies},
	pages = {339--346},
	title = {The conjugation of the {Tangut} verb},
	volume = {57},
	year = {1994}
}

@article{Kepping1975_Subject,
	author = {Kepping, Ksenia Borisovna},
	journal = {Linguistics of the {Tibeto-Burman} Area},
	owner = {schackow},
	pages = {219--31},
	quality = {1},
	timestamp = {2013.01.24},
	title = {Subject and object agreement in the {Tangut} verb},
	volume = {2.2},
	year = {1975}
}

@article{Kansakar2005Classical,
	author = {Kansakar, Tej Ratna},
	journal = {Himalayan Linguistics},
	owner = {Diana},
	pages = {1--21},
	timestamp = {2011.11.29},
	title = {Classical {Newar} verbal morphology and grammaticalization in Classical  and modern {Newar}},
	volume = {3},
	year = {2005}
}

@article{Jacques2012_Internal,
	author = {Guillaume Jacques},
	journal = {Transactions of the Philological Society},
	owner = {DELL User},
	pages = {212--224},
	timestamp = {2015.03.06},
	title = {An internal reconstruction of {Tibetan} stem alternations},
	volume = {110},
	year = {2012}
}

@article{Jacques2012_Agreement,
	author = {Guillaume Jacques},
	journal = {Language and Linguistics},
	owner = {Diana},
	pages = {86--113},
	timestamp = {2013.10.19},
	title = {Agreement morphology: {T}he case of {Rgyalrongic} and {Kiranti}},
	volume = {13},
	year = {2012}
}

@article{Hopperetal1980Transitivity,
	author = {Hopper, Paul J. and Thompson, Sandra A.},
	date-added = {2008-09-29 09:03:03 +0200},
	date-modified = {2008-09-29 09:04:21 +0200},
	journal = {Language},
	pages = {251--299},
	title = {Transitivity in grammar and discourse},
	volume = {56},
	year = {1980}
}

@article{Hodgson1857_Comparative,
	author = {Brian Houghton Hodgson},
	journal = {Journal of the Asiatic Society of Bengal},
	note = {(Reprinted 1880 in Miscellaneous Essays Relating to Indian Subjects,  Vol. 1. London: Trubner and Co., 161--215)},
	number = {5},
	owner = {Diana},
	pages = {317--71},
	timestamp = {2013.12.22},
	title = {Comparative vocabulary of the languages of the broken tribes of {Nepal}},
	volume = {26},
	year = {1857}
}

@article{Hill2014_Note,
	author = {Nathan W. Hill},
	journal = {Transactions of the Philological Society},
	number = {1},
	owner = {DELL User},
	pages = {1--4},
	timestamp = {2015.03.06},
	title = {A note on voicing alternations in the {Tibetan} verbal system},
	volume = {112},
	year = {2014}
}

@article{Hildebrandt2007Prosodic,
	author = {Hildebrandt, Kristine},
	comment = {To read!},
	date-added = {2008-09-29 09:03:03 +0200},
	date-modified = {2008-09-29 09:04:21 +0200},
	journal = {Himalayan Linguistics Journal},
	pages = {1--34},
	title = {Prosodic and Grammatical Domains in {Limbu}},
	volume = {8},
	year = {2007}
}

@article{Haspelmath2007Ditransitive,
	author = {Haspelmath, Martin},
	journal = {Functions of Language},
	note = {(special issue on ditransitives, guest edited by Anna Siewierska)},
	owner = {Diana},
	pages = {79--102},
	timestamp = {2011.07.31},
	title = {Ditransitive alignment splits and inverse alignment},
	volume = {14(1)},
	year = {2007}
}

@article{Haspelmath2005Argument,
	author = {Haspelmath, Martin},
	date-added = {2008-09-29 09:03:03 +0200},
	date-modified = {2008-10-26 17:41:00 +0100},
	journal = {Linguistic Discovery},
	keywords = {ditransitive; grammatical relations},
	pages = {1--21},
	title = {Argument marking in ditransitive alignment types},
	volume = {3},
	year = {2005}
}

@article{Haspelmath2004Explaining,
	author = {Haspelmath, Martin},
	journal = {Constructions},
	owner = {Diana},
	pages = {1--71},
	timestamp = {2011.05.14},
	title = {Explaining the Ditransitive Person-Role Constraint: {A} usage-based  approach},
	volume = {2},
	year = {2004}
}

@article{Haspelmath1999Long-distance,
	author = {Haspelmath, Martin},
	date-added = {2008-09-29 09:03:03 +0200},
	date-modified = {2008-09-29 09:04:21 +0200},
	journal = {Folia Linguistica},
	pages = {131--151},
	title = {Long-distance agreement in {Godoberi} {(Daghestanian)}},
	volume = {33},
	year = {1999}
}

@article{HaimanThompson1984_Subordination,
	author = {John Haiman and Sandra A. Thompson},
	journal = {Proceedings of the Tenth Annual Meeting of the Berkeley Linguistics Society},
	owner = {schackow},
	pages = {510--523},
	quality = {1},
	timestamp = {2013.10.18},
	title = {{“Subordination”} in Universal Grammar},
	volume = {10},
	year = {1984}
}

@article{Gvozdanovic1987How,
	author = {Jadranka Gvozdanović},
	journal = {Folia Linguistica Historica, Acta Societatis Linguisticae Europae},
	keywords = {yakka},
	number = {1--2},
	pages = {421--445},
	review = {excl/incl was distinguished in pronouns (p.425). (not in my data),  dual-distinction in 1P still present (p.425)},
	title = {How synchrony of a language reveals its diachrony (principles of analysis and classification)},
	volume = {VIII},
	year = {1987}
}

@article{Genettietal2008_Nominalization,
	author = {Genetti, Carol and Coupe, A. R. and Bartee, Ellen and Hildebrand,  Kristine and Lin, You-Jing},
	journal = {Linguistics of the {Tibeto-Burman} Area},
	owner = {Diana},
	pages = {97--139},
	timestamp = {2011.06.01},
	title = {Syntactic aspects of nominalization in five {Tibeto-Burman} languages of the {Himalayan} Area},
	volume = {31.2},
	year = {2008}
}

@article{Genetti1992Semantic,
	author = {Genetti, Carol},
	date-added = {2008-09-29 09:03:03 +0200},
	date-modified = {2008-09-29 09:04:21 +0200},
	journal = {Studies in Language},
	pages = {405--427},
	title = {Semantic and grammatical categories of relative clause morphology in the languages of {Nepal}},
	volume = {16},
	year = {1992}
}

@article{Genetti1986The-development,
	author = {Genetti, Carol},
	date-added = {2008-09-29 09:03:03 +0200},
	date-modified = {2008-09-29 09:04:21 +0200},
	journal = {Proceedings of the 12th Annual Meeting of the Berkeley Linguistics Society},
	pages = {387--400},
	title = {The development of subordinators from postpositions in {Bodic} languages},
	volume = {12},
	year = {1986}
}

@article{Gaenszle2011_Binomials,
	author = {Gaenszle, Martin and Balthasar Bickel and Narayan P. Gautam (Sharma)  and Judith Pettigrew and Diana Schackow and Arjun {Rai} and Shree K. {Rai}},
	journal = {Anthropological Linguistics},
	owner = {Diana},
	pages = {365--382},
	timestamp = {2012.07.19},
	title = {Binomials and the noun-to-verb ratio in {Puma} {Rai} ritual speech},
	volume = {53},
	year = {2011}
}

@article{Ebert1991Inverse,
	author = {Ebert, Karen H.},
	date-added = {2008-09-29 09:03:03 +0200},
	date-modified = {2008-09-29 09:04:20 +0200},
	journal = {Linguistics of the {Tibeto-Burman} Area},
	pages = {73--92},
	title = {Inverse and pseudo-inverse prefixes in {Kiranti} languages: {E}vidence from {Belhare}, {Athpare} and {Dungmali}},
	volume = {14},
	year = {1991}
}

@article{Ebert1990Evidence,
	author = {Ebert, Karen H.},
	date-added = {2008-09-29 09:03:03 +0200},
	date-modified = {2008-10-26 18:33:03 +0100},
	journal = {Linguistics of the {Tibeto-Burman} Area},
	keywords = {Kiranti languages},
	pages = {57--78},
	title = {On the evidence for the relationship {Kiranti}-Rung},
	volume = {13},
	year = {1990}
}

@article{Ebert1987Grammatical,
	author = {Ebert, Karen H.},
	date-added = {2008-09-29 09:03:03 +0200},
	date-modified = {2008-09-29 09:04:20 +0200},
	journal = {Journal of Pragmatics},
	pages = {473--482},
	title = {Grammatical marking of speech act participants},
	volume = {11},
	year = {1987}
}

@article{Dryer1986Primary,
	author = {Dryer, Matthew S.},
	date-added = {2008-09-29 09:03:03 +0200},
	date-modified = {2008-09-29 09:04:20 +0200},
	journal = {Language},
	pages = {808--845},
	title = {Primary objects, secondary objects, and antidative},
	volume = {62},
	year = {1986}
}

@article{Driem1994The-Yakkha,
	author = {van Driem, George},
	date-added = {2008-09-29 09:03:03 +0200},
	date-modified = {2008-09-29 12:22:28 +0200},
	journal = {Bulletin of the School of Oriental and {Africa}n Studies},
	pages = {347--355},
	title = {The {Yakkha} verb: {I}nterpretation and analysis of the {Omruwa} material (a {Kiranti} language of {Eastern} {Nepal})},
	volume = {57},
	year = {1994}
}

@article{Driem1993Einige,
	author = {van Driem, George},
	date-added = {2008-09-29 09:03:03 +0200},
	date-modified = {2008-09-29 09:04:20 +0200},
	journal = {Linguistische Berichte},
	pages = {483--89},
	title = {Einige {Bemerkungen} zum {Aspekt} im {Limbu}},
	volume = {148},
	year = {1993}
}

@article{Driem1991Tangut,
	author = {van Driem, George},
	date-added = {2008-09-29 09:03:03 +0200},
	date-modified = {2008-09-29 12:22:28 +0200},
	journal = {Bulletin of the School of Oriental and {Asian} Studies},
	pages = {520--534},
	title = {Tangut verbal agreement and the patient category in {Tibeto-Burman}},
	volume = {54},
	year = {1991}
}

@article{Driem1990The-fall,
	author = {van Driem, George},
	date-added = {2008-09-29 09:03:03 +0200},
	date-modified = {2008-09-29 12:22:28 +0200},
	journal = {Bulletin of the School of Oriental and {Africa}n Studies},
	pages = {83--86},
	title = {The fall and rise of the phoneme /r/ in {Eastern} {Kiranti}: {S}ound change in {Tibeto-Burman}},
	volume = {53},
	year = {1990}
}

@article{Driem1985_LimbuKin,
	author = {van Driem, George and Irene Davids},
	journal = {Kailash},
	owner = {schackow},
	pages = {115--156},
	timestamp = {2012.07.16},
	title = {Limbu Kinship Terminology},
	volume = {12},
	year = {1985}
}

@article{Doornenbal2008_Nominalization,
	author = {Doornenbal, Marius A.},
	journal = {Linguistics of the {Tibeto-Burman} Area},
	owner = {Diana},
	pages = {67--95},
	timestamp = {2011.06.01},
	title = {Nominalization in {Bantawa}},
	volume = {31.2},
	year = {2008}
}

@article{DeLancey2011_Optional,
	author = {Scott DeLancey},
	journal = {Linguistics of the {Tibeto-Burman} Area},
	number = {2},
	owner = {Diana},
	pages = {9—20},
	timestamp = {2013.10.02},
	title = {{“Optional” “Ergativity”} in {Tibeto-Burman} languages},
	volume = {34},
	year = {2011}
}

@article{DeLancey2011_Notes,
	author = {DeLancey, Scott},
	journal = {Himalayan Linguistics},
	number = {1},
	owner = {schackow},
	pages = {1--29},
	quality = {1},
	timestamp = {2013.01.23},
	title = {Notes on verb agreement prefixes in {Tibeto-Burman}},
	volume = {10},
	year = {2011}
}

@article{DeLancey2010_Towards,
	author = {DeLancey, Scott},
	journal = {Himalayan Linguistics},
	owner = {schackow},
	pages = {1--39},
	quality = {1},
	timestamp = {2013.01.24},
	title = {Towards a History of Verb Agreement in {Tibeto-Burman}},
	volume = {9.1},
	year = {2010}
}

@article{DeLancey1997Mirativity,
	author = {DeLancey, Scott},
	date-added = {2008-09-29 09:03:03 +0200},
	date-modified = {2008-09-29 09:04:20 +0200},
	journal = {Linguistic Typology},
	pages = {33--52},
	title = {Mirativity: {T}he grammatical marking of unexpected information},
	volume = {1},
	year = {1997}
}

@article{DeLancey1991The-origin,
	author = {DeLancey, Scott},
	date-added = {2008-09-29 09:03:03 +0200},
	date-modified = {2008-09-29 09:04:20 +0200},
	journal = {Studies in Language},
	pages = {1--23},
	title = {The origin of verb serialization in Modern {Tibetan}},
	volume = {15},
	year = {1991}
}

@article{DeLancey1989Verb,
	author = {DeLancey, Scott},
	date-added = {2008-09-29 09:03:03 +0200},
	date-modified = {2008-09-29 09:04:20 +0200},
	journal = {Bulletin of the School of Oriental and African Studies},
	pages = {315--333},
	title = {Verb agreement in {Proto-Tibeto-Burman}},
	volume = {52},
	year = {1989}
}

@article{DeLancey1985_Etymological,
	author = {Scott DeLancey},
	journal = {Linguistics of the {Tibeto-Burman} Area},
	number = {1},
	owner = {Diana},
	pages = {59--77},
	timestamp = {2013.10.01},
	title = {Etymological notes on {Tibeto-Burman} case particles},
	volume = {8},
	year = {1985}
}

@article{DeLancey1981_Category,
	author = {Scott DeLancey},
	journal = {Linguistics of the {Tibeto-Burman} Area},
	number = {1},
	owner = {schackow},
	pages = {83--101},
	quality = {1},
	timestamp = {2013.12.19},
	title = {The category of direction in {Tibeto-Burman}},
	volume = {6},
	year = {1981}
}

@article{Creissels2012_Lability,
	author = {Denis Creissels},
	booktitle = {Typology of labile verbs: {F}ocus on diachrony (special issue of Linguistics)},
	editor = {Leonid Kulikov and Nikolaos Lavidas},
	journal = {Linguistics},
	number = {4},
	owner = {schackow},
	pages = {911--944},
	timestamp = {2012.02.16},
	title = {P-lability and radical P-alignment},
	volume = {52},
	year = {2014}
}

@article{Cornillie2009_Evidentiality,
	author = {Bert Cornillie},
	journal = {Functions of language},
	number = {1},
	owner = {Diana},
	pages = {32--44},
	timestamp = {2014.01.04},
	title = {Evidentiality and epistemic modality: {O}n the close relationship of  two different categories},
	volume = {16},
	year = {2009}
}

@article{Caughley1997_Vowel,
	author = {Caughley, Ross C.},
	journal = {Papers in {Southeast {Asian}} Linguistics},
	owner = {Diana},
	pages = {95--101},
	timestamp = {2013.09.16},
	title = {Semantically related vowel gradation in {Sunwar} and {Chepang}},
	volume = {14},
	year = {1997}
}

@article{Brownetal1993Uphill,
	author = {Brown, Penelope and Levinson, Stephen C.},
	date-added = {2008-09-29 09:03:03 +0200},
	date-modified = {2008-09-29 09:04:20 +0200},
	journal = {Journal of Linguistic Anthropology},
	number = {1},
	pages = {46--74},
	title = {{``Uphill''} and ``downhill'' in {Tzeltal}},
	volume = {3},
	year = {1993}
}

@article{Bohnemeyeretal2007_Principles,
	author = {Bohnemeyer, Jürgen and Nicholas J. Enfield and James Essegbey and  Iraide Ibarretxe-{An\-tu\-ña\-no} and Sotaro Kita and Friederike Lüpke  and Felix K. Ameka},
	journal = {Language},
	owner = {Diana},
	pages = {495--532},
	timestamp = {2012.01.22},
	title = {Principles of event segmentation in language: {T}he case of motion  events},
	volume = {83},
	year = {2007}
}

@article{Bickeletal_Firstperson,
	author = {Balthasar Bickel and Martin Gaenszle},
	journal = {Journal of South {Asian} Languages and Linguistics},
	number = {1},
	owner = {DELL User},
	pages = {63–86},
	timestamp = {2015.03.06},
	title = {First person objects, antipassives, and the political history of  the {Southern Kirant}},
	volume = {2},
	year = {2015}
}

@article{Bickeletal2007Two-ways,
	author = {Balthasar Bickel and Gaenszle, Martin and {Rai}, Arjun and {Rai}, Prem Dhoj and {Rai}, Shree Kumar and {Rai}, Vishnu S. and {Sharma  (Gautam)}, Narayan P.},
	date-added = {2008-09-29 09:03:03 +0200},
	date-modified = {2008-09-29 09:04:20 +0200},
	journal = {{Himalayan Linguistics}},
	pages = {1--18},
	title = {Two ways of suspending object agreement in {Puma}: {B}etween incorporation,  antipassivization, and optional agreement},
	volume = {7},
	year = {2007}
}

@article{Bickeletal2007Free,
	author = {Bickel, Balthasar and Banjade, Goma and Gaenszle, Martin and Lieven,  Elena and Paudyal, Netra and {Rai}, Iccha and {Rai}, Manoj and {Rai},  Novel K. and Stoll, Sabine},
	date-added = {2008-09-29 09:03:03 +0200},
	date-modified = {2008-09-29 09:04:20 +0200},
	journal = {Language},
	location = {Ms., U. Leipzig, available at www.uni-leipzig.de/~bickel/research/papers},
	pages = {43--73},
	title = {Free prefix ordering in {Chintang}},
	volume = {83},
	year = {2007}
}

@article{Bickeletal2001Syntactic,
	author = {Bickel, Balthasar and Nichols, Johanna},
	date-added = {2008-09-29 09:03:03 +0200},
	date-modified = {2008-09-29 09:04:20 +0200},
	journal = {Proceedings of the 27th Annual Meeting of the Berkeley Linguistics  Society},
	pages = {39–52},
	title = {Syntactic ergativity in light verb complements},
	volume = {27},
	year = {2001}
}

@article{Bickel2001Deictic,
	author = {Bickel, Balthasar},
	date-added = {2008-09-29 09:03:03 +0200},
	date-modified = {2008-09-29 09:04:20 +0200},
	journal = {Journal of Linguistic Anthropology},
	pages = {224--247},
	title = {Deictic transposition and referential practice in {Belhare}},
	volume = {10},
	year = {2001}
}

@article{Bickel2000On-the-syntax,
	author = {Bickel, Balthasar},
	date-added = {2008-09-29 09:03:03 +0200},
	date-modified = {2008-09-29 09:04:20 +0200},
	journal = {Studies in Language},
	pages = {583--609},
	title = {On the syntax of agreement in {Tibeto-Burman}},
	volume = {24},
	year = {2000}
}

@article{Bickel1995In-the-vestibule,
	author = {Bickel, Balthasar},
	date-added = {2008-09-29 09:03:03 +0200},
	date-modified = {2008-09-29 09:04:20 +0200},
	journal = {Studies in Language},
	pages = {73--127},
	title = {In the vestibule of meaning: {T}ransitivity inversion as a morphological  phenomenon},
	volume = {19},
	year = {1995}
}

@article{Allen1972The-vertical,
	author = {Allen, Nicholas J.},
	date-added = {2008-09-29 09:03:03 +0200},
	date-modified = {2008-09-29 09:04:20 +0200},
	journal = {Journal of the Anthropological Society of Oxford},
	pages = {81--94},
	title = {The vertical dimension in {Thulung} classification},
	volume = {3},
	year = {1972}
}