@book{AlmuxamedovaKulsaripova1980,
    author  = {Alʼmuxamedova, Zelʼfa M. and Ravza È. Kulʼšaripova},
    sortname = {Al'muxamedova, Z. Mazitovna and Ravza E. Kul'saripova},
    year = {1980},
    title = {Redukcija glasnyx i prosodija slova v okajuščix russkix govorax},
    address = {Kazanʼ},
    publisher = {Kazanʼ University Press}
}

@article{Andreeu1984,
    author = {Andreev, Andrej N.},
    year = {1984},
    title = {Akustičeskie xarakteristiki glasnyx v belorusskom literaturnom jazyke},
    journal = {Vesci Akadèmii navuk BSSR. Seryja hramadskix navuk},
    volume = {1},
    pages = {109--117},
}

@article{Andrews1995,
    author = {Andrews, David R.},
    year = {1995},
    title = {Subjective reactions to two regional pronunciations of {Great} {Russian}: {A} matched-guise study},
    journal = {Canadian Slavonic Papers},
    volume = {37},
    number = {1--2},
    pages = {89--106},
    doi={10.1080/00085006.1995.11092083},
}

@book{Avanesov1984,
    author = {Avanesov, Ruben I.},
    year = {1984},
    title = {Russkoe literaturnoe proiznošenie},
    address = {Moscow},
    publisher = {Pro\-sveščenie},
    edition = {6th ed.}
}

@book{AvanesovEtAl1986,
    editor = {Avanesov, Ruben I. and Sofʼja V. Bromlej},
    year = {1986},
    title = {Dialektologičeskij atlas russkogo jazyka: {Centr} {Evropejskoj} časti {SSSR}},
    address = {Moscow},
    publisher = {Nauka},
}

@book{Barnes2006,
    author = {Barnes, Jonathan},
    year = {2006},
    title = {Strength and weakness at the interface: {Positional} neutralization in phonetics and phonology},
    address = {Berlin and New York},
    publisher = {Mouton de Gruyter}	
}

@article{Bethin2006,
    author = {Bethin, Christina Y.},
    year = {2006},
    title = {Stress and tone in {East} {Slavic} dialects},
    journal = {Phonology},
    volume = {23},
    number = {2},
    pages = {125--156},
    doi = {10.1017/S0952675706000868}
}

@electronic{BoersmaWeenink1992,
    author = {Boersma, Paul and Weenink, David},
    year = {2023},
    title = {Praat: Doing phonetics by computer [Computer programme]},
    url = {http://www.praat.org/} 
}

@book{Bondarko1977,
    author = {Bondarko, Lija V.},
    year = {1977},
    title = {Zvukovoj stroj sovremennogo russkogo jazyka},
	address = {Moscow},
    publisher = {Prosveščenie}	
}

@incollection{BondarkoEtAl1966,
    author = {Bondarko, Lija V. and Ljudmila A. Verbickaja and Lev R. Zinder},
    year = {1966},
    title = {Akustičeskie xarakteristiki bezudarnosti},
    booktitle = {Strukturnaja tipologija jazykov},
    editor = {Ivanov, Vjačeslav V.},
    pages = {56--64},
    address = {Moscow},
    publisher = {Nauka}
}

@incollection{Borise2017,
    author = {Borise, Lena},
    year = {2017},
    title = {Prominence Redistribution in the {Aŭciuki} Dialect of {Belarusian}},
    booktitle = {Annual workshop on formal approaches to {Slavic} Linguistics: {The} {NYU} {Meeting} 2015},
    editor = {Yohei Oseki and Masha Esipova and Stephanie Harves},
    pages = {94--109},
	address = {Ann Arbor},
    publisher = {Michigan Slavic Publications}
}

@book{Broch1916,
    author = {Broch, Olaf},
    year = {1916},
    title = {Govory k zapadu ot Mosalʼska},
    address = {Petrograd},
    publisher = {Tipografija Imperatorskoj akademii nauk}	
}

@incollection{Černjavskij2012,
    author = {Černjavskij, Aleksej R.},
    sortname = {Cernjavskij, Aleksej R.},
    year = {2012},
    title = {Orfoèpičeskie pravila akanʼja v sovremennom belorusskom jazyke v sopostavlenii s dialektami},
    booktitle = {Issledovanija po slavjanskoj dialektologii {XV}: {Osobennosti} sosuščestvovanija dialektnoj i literaturnoj form jazyka v slavjanojazyčnoj srede},
    editor = {Ljudmila È. Kalnynʼ},
	address = {Moscow},	
    publisher = {Institut slavjanovedenija Rossijskoj akademii nauk},
	pages = {121--125}
}

@book{ComrieCorbett1993,
    author = {Comrie, Bernard and Greville G. Corbett},
    year = {1993},
    title = {The {Slavonic} languages},
	address = {London and New York},
	publisher = {Routledge}	
}

@InCollection{Crosswhite2000,
    author           = {Katherine Crosswhite},
    year             = {2000},
    title            = {Vowel reduction in {Russian}: {A} unified account of standard, dialectal, and “dissimilative” patterns},
    booktitle        = {University of {Rochester} Working Papers in the Language Sciences, vol. {Spring} 2000, no. 1},
    publisher = {University of Rochester},
    address = {Rochester},
    editor           = {Katherine Crosswhite AND Joyce McDonough},
    pages            = {107--171}
}

@book{Dubina2012,
    author = {Dubina, Andrei},
    year = {2012},
    title = {Towards a tonal analysis of free stress},
    series = {LOT Dissertation Series},
    number = {313},
    address = {Utrecht},
    publisher = {LOT}
}

@book{Erofeeva1993,
    author = {Erofeeva, Elena V.},
    year = {1993},
    title = {Fonetičeskaja variativnostʼ fonologičeskoj sistemy glasnyx (sopostavitelʼnyj analiz peterburgskogo i permskogo vokalizma)},
	address = {Saint Petersburg},
	publisher = {Saint Petersburg State University}
}

@phdthesis{Erofeeva2005,
    author = {Erofeeva, Elena V.},
    year = {2005},
    title = {Idiomy kak verojatnostnyje struktury: {Sociolingvističeskij} aspekt (na materiale fonetičeskogo urovnja)},
    address = {Saint Petersburg},
	school = {Saint Petersburg State University}	
}

@book{ErofeevaEtAl2000,
    author = {Erofeeva, Tamara I. and Elena V. Erofeeva and I. I. Gračeva},
    sortname = {Erofeeva, Tamara I. and Elena V. Erofeeva and I. I. Graceva},
    year = {2000},
    title = {Gorodskie sociolekty: {Permskaja} gorodskaja rečʼ: {Zvučaščaja} xrestomatija},
	address = {Permʼ and Bochum},
	publisher = {Ruhr-Universtät Bochum}	
}

@incollection{GrammatcikovaEtAl2013,
    author = {Grammatčikova, E. V. AND Knjazev, Sergej V. AND Sofʼja K. Požarickaja AND L. V. Lukʼjanova},
    sortname = {Grammatcikova, E. V. AND Knjazev, Sergej V. AND Sof'ja K. Pozarickaja AND L. V. Luk'janova},
    year = {2013},
    title = {Ritmičeskaja struktura slova i mesto realizacii tonalʼnogo akcenta v regionalʼnyx variantax sovremennogo russkogo literaturnogo jazyka},
    booktitle = {Aktual´nye voprosy teoretičeskoj i prikladnoj fonetiki},
    address = {Moscow},
    publisher = {Buki-Vedi},
	editor = {Aleksandr V. Arxipov and Irina M. Kobozeva},
	pages = {69--90}
}

@article{Iosad2012,
    author = {Iosad, Pavel},
    year = {2012},
    title = {Vowel reduction in {Russian}: {No} phonetics in phonology},
    journal = {Journal of Linguistics},
    volume = {48},
    number = {3},
    pages = {521--571},
    doi = {10.1017/S0022226712000102}
}

@incollection{Kasatkina1996,
    author = {Kasatkina, Rozalija F.},
    year = {1996},
    title = {Srednerusskie govory i ritmika slova},
    booktitle = {Prosodičeskij stroj russkoj reči},
	address = {Moscow},
    publisher = {Russian Language Institute of the Russian Academy of Sciences},
    editor = {Tatʼjana M. Nikolaeva},
    pages = {222--235}	
}

@article{Kasatkina2005,
    author = {Kasatkina, Rozalija F.},
    year = {2005},
    title = {Moskovskoje akanʼe v svete nekotoryx dialektnyx dannyx},
    journal = {Voprosy jazykoznanija},
    volume = {2},
    pages = {29--45},
    url = {https://vja.ruslang.ru/ru/archive/2005-2/29-45}
}

@book{Knjazev2006,
    author = {Knjazev, Sergej V.},
    sortname = {Knjazev, Sergej V.},
    year = {2006},
    title = {Struktura fonetičeskogo slova v russkom jazyke: {Sinxronija} i diaxronija},
	address = {Moscow},
	publisher = {MAKS-Press}	
}

@inproceedings{KocharovEtAl2015,
  author = {Daniil Kocharov AND Tatiana Kachkovskaia AND Pavel Skrelin},
  booktitle        = {Proceedings of the 18th {International} {Congress} of {Phonetic} {Sciences}, {Glasgow}},
  editor           = {The Scottish Consortium for ICPhS 2015},
  title            = {Position-dependent vowel reduction in {Russian}},
  year             = {2015},
  pages            = {Paper number 0402},
  url              = {https://www.internationalphoneticassociation.org/icphs-proceedings/ICPhS2015/Papers/ICPHS0402.pdf},
  address          = {London},
  publisher        = {International Phonetic Association}
}

@incollection{Kodzasov1999,
    author = {Kodzasov, Sandro},
    year = {1999},
    title = {Russian},
    booktitle  = {Word prosodic systems in the languages of {Europe}},
    editor = {Harry van der Hulst},
	address = {Berlin},
    publisher = {De Gruyter},
	pages = {852--870}
}

@book{Kuznecov1997,
    author = {Kuznecov, Vladimir I.},
    year = {1997},
    title = {Vokalizm svjaznoj reči: {Èksperimentalʼnoe} issledovanie na materiale russkogo jazyka},
	address = {Saint Petersburg},
	publisher = {Saint Petersburg University Press}
}

@book{Labov2001,
    author = {Labov, William},
    year = {2001},
    title = {Principles of linguistic change, volume 2: {Social} factors},
	address = {Oxford},
	publisher = {Blackwell}
}

@article{Lobanov1971,
    author = {Lobanov, Boris M.},
    year = {1971},
    title = {Classification of {Russian} vowels spoken by different listeners},
    journal = {Journal of the Acoustical Society of America},
    volume = {49},
    pages = {606--608},
    doi = {10.1121/1.1912396}
}

@article{LukaszewiczMolczanow2018,
    author = {Łukaszewicz, Beata and Janina Mołczanow},
    sortname = {Lukaszewicz, Beata and Janina Molczanow},
    year = {2018},
    title = {The role of vowel parameters in defining lexical and subsidiary stress in {Ukrainian}},
    journal = {Poznan Studies in Contemporary Linguistics},
    volume = {54},
    number = {3},
    pages = {355--375},
    doi = {10.1515/psicl-2018-0014}
}

@inproceedings{LukaszewiczEtAl2022,
    author = {Łukaszewicz, Beata and Janina Mołczanow and Anna Łukaszewicz},
    sortname = {Lukaszewicz, Beata and Janina Molczanow and Anna Lukaszewicz},
    year = {2022},
    title = {Pretonic leng\-thening as the lexical stress domain extension},
    booktitle = {Proceedings of {Speech} {Prosody} 2022, 23--26 {May} 2022, {Lisbon}, {Portugal}},
    pages = {372--376},
    editor = {S\'onia Frota AND Marisa Cruz AND Marina Vig\'ario},
    doi = {10.21437/SpeechProsody.2022-76}
}

@article{Molczanow2015,
    author = {Mołczanow, Janina},
    sortname = {Molczanow, Janina},
    year = {2015},
    title = {The interaction of tone and vowel quality in {Optimality} {Theory}: {A} study of {Moscow} {Russian} vowel reduction},
    journal = {Lingua},
    volume = {163},
    pages = {108--137},
    DOI = {10.1016/j.lingua.2015.05.007}
}

@article{PadgettTabain2005,
    author = {Padgett, Jaye and Marija Tabain},
    year = {2005},
    title = {Adaptive dispersion theory and phonological vowel reduction in {Russian}},
    journal = {Phonetica},
    volume = {62},
    number = {1},
    pages = {14--54},
    doi = {10.1159/000087223}
}

@article{Post2017,
    author = {Post, Margje},
    year = {2017},
    title = {Why regional prosodic variation is worth studying: {An} Example from {Russian}},
    journal = {Bergen Language and Linguistic Studies},
    volume = {7},
    pages = {164--182},
    doi = {10.15845/bells.v7i0.1138}
}

@InCollection{Post2024,
    author = {Post, Margje},
    year = {2025},
    title = {Regional prosodic variation in the speech of young urban {Russians}: {Quantitative} vowel reduction in {Moscow} and {Perm}},
    booktitle = {{(Dia)lects} in the 21st century: {Selected} papers from {Methods} in {Dialectology} {XVII}},
    publisher = {Language Science Press},
    address = {Berlin},
    editor  = {Wagner, Susanne and Stange-Hundsdörfer, Ulrike},
    pages = {241--268},
    doi = {10.5281/zenodo.14925847},
series = {Language Variation},
}

@inproceedings{PostAndreeva2023,
    author = {Post, Margje and Andreeva, Bistra},
    year = {2023},
    title = {Polar question intonation in {Russian} speech from {Moscow} and {Perm}},
    booktitle = {Proceedings of the 13th {International} {Conference} of {Nordic} {Prosody}},
    editor = {Niebühr, Oliver and Svensson Lundmark, Malin},
    pages = {147--154},
    publisher = {Sciendo},
    doi = {10.2478/9788366675728-012}
}

@book{Potebnja1866,
    author = {Potebnja, Aleksandr A.},
    year = {1866},
    title = {Dva issledovanija o zvukax russkogo jazyka: {I.} {O} polnoglasii. {II.} {O} zvukovyx osobennostjax russkix narečij},	
    address = {Voronež},
	publisher = {Tipografija V. Golʼdštejna}	
}

@book{Trubetzkoy1969,
    author = {Trubetzkoy, Nikolay S.},
    year = {1969},
    title = {Principles of phonology},
	address = {Berkeley},
	publisher = {University of California Press}
}

@article{Vardøy2021,
	author = {Vardøy, Benedikte Fjellanger},
    sortname = {Vardoy, Benedikte Fjellanger},
    year = {2021},
    title = {Mapping young {Russians’} perceptions of regional variation in {Russian}},
	journal = {Journal of Linguistic Geography},
    volume = {9},
    number = {1},
    pages = {50--68},
    doi = {10.1017/jlg.2021.5}
}

@article{Verbickaja1977,
    author = {Verbickaja, Ljudmila A.},
    year = {1977},
    title = {Variantnostʼ sovremennoj proiznositelʼnoj normy russkogo literaturnogo jazyka},
	journal = {Vestnik Leningradskogo gosudarstvennogo universiteta},
    volume = {8},
	pages = {133--137},
}

@article{VerbickajaEtAl1984,
    author = {Verbickaja, Ljudmila A. AND Ljudmila V. Ignatkina AND N. F. Litvačuk AND T. A. Sergeeva AND Marija V. Cvetkova AND Vasilij G. Ščukin},
    sortname = {Verbickaja, Ljudmila A. AND Ljudmila V. Ignatkina AND N. F. Litvacuk AND T. A. Sergeeva AND Marija V. Cvetkova AND Vasilij G. Scukin},
    year = {1984},
    title = {Regionalʼnye osobennosti realizacii russkoj reči (na fonetičeskom urovne)},
	journal = {Vestnik Leningradskogo universiteta},
    volume = {8},
    number = {2},
	pages = {71--80}	
}

@incollection{Vysotskij1973,
    author = {Vysotskij, Sergej S.},
    year = {1973},
    title = {O zvukovoj strukture slova v russkix govorax},
    booktitle = {Issledovanija po russkoj dialektologii},
    editor = {Sofʼja V. Bromlej},
	address = {Moscow},
	publisher = {Nauka},
    pages = {17--41}	
}

@article{WhalenEtAl2022,
    author = {Whalen, D. H. and Wei-Rong Chen and Christine H. Shadle and Sean A. Fulop},
    year = {2022},
    title = {Formants are easy to measure; resonances, not so much: {Lessons} from {Klatt} (1986)},
    journal = {The Journal of the Acoustical Society of America},
    volume = {152},
    number = {2},
    pages = {933--941},
    doi = {10.1121/10.0013410}
}

@incollection{ZemskajaEtAl1993,
    author = {Zemskaja, Elena A. and Margarita V. Kitajgorodskaja and Natalʼja N. Rozanova},
    year = {1993},
    title = {Osobennosti mužskoj i ženskoj reči},
    booktitle = {Russkij jazyk v ego funkcionirovanii: {Urovni} jazyka},
    editor = {Zemskaja, Elena A. and Dmitrij N. Šmelev},
	address = {Moscow},
	publisher = {Nauka},	
	pages = {90--136}
}

@book{Zlatoustova1981,
    author = {Zlatoustova, Ljubovʼ V.},
    sortname = {Zlatoustova, Ljubov' V.},
    year = {1981},
    title = {Fonetičeskie edinicy russkoj reči},
    address = {Moscow},
    publisher = {Moscow State University Press}
}
