% Encoding: UTF-8
@Article{Boskovic2003,
  author  = {Bošković, Željko and Lasnik, Howard},
  title   = {On the distribution of null complementizers},
  journal = {Linguistic Inquiry},
  year    = {2003},
  volume  = {34},
  pages   = {527–546},
}

@InCollection{Rodriguez-Ramalle2008,
  author    = {Teresa María {Rodríguez Ramalle}},
  title     = {El \textit{que} como marca enfática discursiva en adverbios e interjecciones},
  booktitle = {25 años de Lingüística Aplicada en {España}: hitos y retos},
  publisher = {EDITUM},
  year      = {2008},
  editor    = {Monroy, Rafael and Sánchez, Aquilino},
  pages     = {811–816},
  address   = {Murcia},
  timestamp = {2015.08.12},
}

@Article{Krifka2013,
  author    = {Krifka, Manfred},
  title     = {Response particles as propositional anaphors},
  journal   = {Proceedings of {SALT}},
  year      = {2013},
  volume    = {23},
  pages     = {1–18},
  booktitle = {Proceedings of {SALT}},
  timestamp = {2015.05.20},
}

@Book{Cruschin2012,
  title     = {Discourse-related features and functional projections},
  publisher = {Oxford University Press},
  year      = {2012},
  author    = {Cruschina, Silvio},
  address   = {Oxford/New York},
  timestamp = {2015.04.20},
}

@Article{Bayer2011,
  author  = {Bayer, Josef and Obenauer, Hans-Georg},
  title   = {Discourse particles, clause structure, and question types},
  journal = {The Linguistic Review},
  year    = {2011},
  volume  = {28},
  number  = {4},
  pages   = {449–491},
}

@Book{vanGelderen2011,
  title     = {The Linguistic Cycle},
  publisher = {Oxford University Press},
  year      = {2011},
  author    = {van Gelderen, Elly},
  address   = {Oxford},
  timestamp = {2015.12.12},
}

@Book{Baayen2008,
  title     = {Analyzing linguistic data: {A} practical introduction to statistics using {R}},
  publisher = {Cambridge University Press},
  year      = {2008},
  author    = {Baayen, Harald R.},
  address   = {Cambridge},
}

@PhdThesis{Corr2016,
  author  = {Corr, Alice},
  title   = {Ibero-{Romance} and the syntax of the utterance},
  school  = {University of Cambridge},
  year    = {2016},
  address = {Cambridge},
}

@Article{Speas2004,
  author    = {Speas, Margaret},
  title     = {Evidentiality, logophoricity and the syntactic representation of pragmatic features},
  journal   = {Lingua},
  year      = {2004},
  volume    = {114},
  number    = {3},
  pages     = {255–276},
  publisher = {Elsevier},
  timestamp = {2015.05.20},
}

@InCollection{HernanzRigau2006,
  author    = {Hernanz, Maria-Lluïsa and Rigau, Gemma},
  title     = {Variación dialectal y periferia izquierda},
  booktitle = {Andolin gogoan: {Essays} in honour of {Professor} {Eguzkitza}},
  publisher = {Servei editorial de la UPV-EHU},
  year      = {2006},
  editor    = {Fernández, Beatriz and Laka, Itziar},
  pages     = {435–452},
  location  = {Bilbao},
}

@Article{Rodriguez-Ramalle2007,
  author    = {Teresa María {Rodríguez Ramalle}},
  title     = {El complementante \textit{que} como marca enfática en el texto periodístico},
  journal   = {Revista Electrónica de Lingüística Aplicada},
  year      = {2007},
  volume    = {6},
  pages     = {41–53},
  timestamp = {2015.12.10},
}

@InCollection{Bayer2015,
  author    = {Bayer, Josef and Hinterhölzl, Roland and Trotzke, Andreas},
  title     = {Issues in discourse-oriented syntax},
  booktitle = {Discourse-oriented Syntax},
  publisher = {John Benjamins},
  year      = {2015},
  editor    = {Bayer, Josef and Hinterhölzl, Roland and Trotzke, Andreas},
  pages     = {1–12},
  address   = {Amsterdam},
}

@Article{Bianchi2010,
  author  = {Bianchi, Valentina and Frascarelli, Mara},
  title   = {Is topic a root phenomenon?},
  journal = {Iberia},
  year    = {2010},
  volume  = {2},
  number  = {1},
  pages   = {43–88},
}

@Proceedings{Chiarcos2011,
  title     = {Salience: {Multidisciplinary} Perspectives on its Function in Discourse},
  year      = {2011},
  editor    = {Chiarcos, Christian and Claus, Berry and Grabski, Michael},
  address   = {Berlin},
  publisher = {De Gruyter},
}

@InCollection{Poletto2010,
  author    = {Poletto, Cecilia and Zanuttini, Raffaella},
  title     = {Sentential particles and remnant movement},
  booktitle = {Mapping the left periphery},
  publisher = {Oxford University Press},
  year      = {2010},
  editor    = {Benincà, Paola and Munaro, Nicola},
  pages     = {201–227},
  address   = {Oxford},
}

@Book{Rodriguez-Ramalle2003,
  title     = {La gramática de los adverbios en -\textit{mente} o cómo expresar maneras, opiniones y actitudes a través de la lengua},
  year      = {2003},
  author    = {Teresa María {Rodríguez Ramalle}},
  editor    = {Ediciones de la Universidad Autónoma de Madrid},
  address   = {Madrid},
  timestamp = {2015.07.09},
}

@Article{Boskovic2007,
  author  = {Bošković, Željko},
  title   = {On the locality and motivation of Move and Agree: {An} even more minimal theory},
  journal = {Linguistic Inquiry},
  year    = {2007},
  volume  = {38},
  pages   = {589–644},
}

@Article{Coniglio2010,
  author    = {Coniglio, Marco and Zegrean, Iulia},
  title     = {Splitting up {Force}, evidence from discourse particles},
  journal   = {Venice Working Papers in Linguistics},
  year      = {2010},
  volume    = {20},
  pages     = {7–34},
  timestamp = {2016.07.09},
}

@Article{Carvalho2013,
  author  = {de Carvalho, Ana Sofia Abreu},
  title   = {An overview of vocatives in {European Portuguese}},
  journal = {Linguistica Atlantica},
  year    = {2013},
  volume  = {32},
  pages   = {52–58},
}

@InProceedings{Bianchi2017,
  author    = {Bianchi, Valentina and Frascarelli, Mara},
  title     = {Complementizer Deletion},
  booktitle = {The {Wiley Blackwell} Companion to Syntax},
  year      = {2017},
  editor    = {Everaert, Martin and van Riemsdijk, Henk},
  number    = {2},
  pages     = {1–26},
  address   = {London},
  publisher = {Wiley Online Library},
}

@Unpublished{Rigau2005,
  author    = {Rigau, Gemma and Prieto, Pilar},
  title     = {A typological approach to {Catalan} interrogative sentences headed by \emph{que}},
  note      = {Report de Recerca CLT},
  year      = {2005},
  timestamp = {2015.07.11},
}

@Book{Alarcos1994,
  title     = {Gramática de la lengua española},
  publisher = {Espasa Calpe},
  year      = {1994},
  author    = {{Alarcos Llorach}, Emilio},
  address   = {Madrid},
}

@Article{Alturo2009,
  author    = {Alturo, Núria and Chodorowska, Mariana},
  title     = {La gramaticalització de “sisplau”},
  journal   = {Els Marges: Revista de Llengua i Literatura},
  year      = {2009},
  volume    = {88},
  pages     = {15–38},
  timestamp = {2015.12.11},
}

@Article{VillaGarcia2020b,
  author  = {Julio Villa-García and Raquel González Rodríguez},
  title   = {Dialectal variation in the expression of \emph{que} in \emph{sí-que} `yes that' contexts across {Spanish}: {The} case of some {Latin American Spanish} varieties},
  journal = {Glossa},
  year    = {2020},
  volume  = {5},
  number  = {1},
  pages   = {99},
}

@Article{VillaGarcia2020a,
  author  = {Julio Villa-García and Raquel González Rodríguez},
  title   = {On the Contrasts Between \emph{sí} `yes' and \emph{sí que} `yes that' in {Spanish} and the Structure of the Complementizer Phrase Domain},
  journal = {Studies in Hispanic and Lusophone Linguistics},
  year    = {2020},
  volume  = {13},
  number  = {2},
  pages   = {451--484},
}

@Book{Aboh2004,
  title     = {The Morphosyntax of complement-head sequences: {C}lause structure and word order patterns in {Kwa}},
  publisher = {Oxford University Press},
  year      = {2004},
  author    = {Aboh, Enoch Oladé},
  address   = {New York},
}

@Article{Bianchi2016,
  author    = {Bianchi, Valentina and Bocci, Giuliano and Cruschina, Silvio},
  title     = {Focus fronting, unexpectedness, and evaluative implicatures},
  journal   = {Semantics and Pragmatics},
  year      = {2016},
  volume    = {9},
  number    = {3},
  pages     = {1–54},
  month     = {Nov},
  issn      = {1937-8912},
  publisher = {Linguistic Society of America},
  timestamp = {2017.03.09},
}

@Article{Krifka2008,
  author    = {Krifka, Manfred},
  title     = {Basic notions of information structure},
  journal   = {Acta Linguistica Hungarica},
  year      = {2008},
  volume    = {55},
  number    = {3-4},
  pages     = {243–276},
  publisher = {Akadémiai Kiadó},
}

@Article{Davidson1968,
  author    = {Davidson, Donald},
  title     = {On saying that},
  journal   = {Synthese},
  year      = {1968},
  volume    = {19},
  number    = {1-2},
  pages     = {130–146},
  publisher = {Springer},
}

@InCollection{Stavrou2013,
  author    = {Stavrou, Melita},
  title     = {About the Vocative},
  booktitle = {The Nominal Structure in {Slavic} and Beyond},
  publisher = {De Gruyter},
  year      = {2013},
  editor    = {Schürcks, Lilia and Giannakidou, Anastasia and Etxeberria, Urtzi},
  address   = {Berlin},
}

@InCollection{Gaertner2006,
  author    = {Gärtner, Hans-Martin and Steinbach, Markus},
  title     = {A skeptical note on the syntax of speech acts and point of view},
  booktitle = {Form, Structure, Grammar [= {Festschrift} für {Günther} {Grewendorf}]},
  publisher = {Akademie-Verlag},
  year      = {2006},
  editor    = {Brandt, Patrick and Fuß, Eric},
  pages     = {213–222},
  location  = {Berlin},
  timestamp = {2016.06.07},
}

@InCollection{Evans2007,
  author    = {Evans, Nicholas},
  title     = {Insubordination and its uses},
  booktitle = {Finiteness: {Theoretical} and Empirical Foundations},
  publisher = {Oxford University Press},
  year      = {2007},
  editor    = {Nikolaeva, Irina},
  pages     = {366–431},
  location  = {Oxford},
  timestamp = {2015.02.26},
}

@Book{Palmer2001,
  title     = {Mood and Modality},
  publisher = {Oxford University Press},
  year      = {2001},
  author    = {Palmer, Frank R.},
  address   = {Oxford},
  edition   = {2},
  timestamp = {2015.05.03},
}

@Article{Strobl2009,
  author    = {Strobl, Carolin and Malley, James and Tutz, Gerhard},
  title     = {An introduction to recursive partitioning: {R}ationale, application, and characteristics of classification and regression trees, bagging, and random forests.},
  journal   = {Psychological Methods},
  year      = {2009},
  volume    = {14},
  number    = {4},
  pages     = {323--348},
  publisher = {American Psychological Association},
}

@Article{Brucart1992,
  author  = {Brucart, José María},
  title   = {Some Asymmetries in the Functioning of Relative Pronouns in {Spanish}},
  journal = {Catalan Working Papers in Linguistics},
  year    = {1992},
  volume  = {2},
  pages   = {113–143},
}

@Unpublished{Saeboe2005,
  author = {Sæbø, Kjell Johan},
  title  = {The logical basis of exclamatives},
  note   = {Paper presented at 3 eme Journée de Sémantique et Modélisation, Paris},
  year   = {2005},
}

@InCollection{Brucart1993,
  author    = {Brucart, José María},
  title     = {Sobre la estructura de {SComp} en español},
  booktitle = {Sintaxi. Teoria i perspectives},
  publisher = {Pagès Editors},
  year      = {1993},
  editor    = {Viana, Amadeu},
  pages     = {59–102},
  address   = {Lleida},
}

@Article{Rodriguez-Ramalle2015,
  author    = {Teresa María {Rodríguez Ramalle}},
  title     = {A discourse-based approach to some uses of the conjunction \textit{que} in {Romance} languages},
  journal   = {Languages in Contrast: International Journal for Contrastive Linguistics},
  year      = {2015},
  volume    = {15},
  number    = {1},
  pages     = {125–150},
  issn      = {1569-9897},
  publisher = {John Benjamins},
  timestamp = {2015.08.12},
}

@InCollection{Poletto2003,
  author    = {Poletto, Cecilia and Zanuttini, Raffaella},
  title     = {Making Imperatives: {E}vidence from {Central Rhaetoromance}},
  booktitle = {The syntax of {Italian} dialects},
  publisher = {Oxford University Press},
  year      = {2003},
  editor    = {Tortora, Christina},
  pages     = {175–206},
  address   = {Oxford},
  timestamp = {2015.05.20},
}

@Manual{Baayen2019,
  title  = {LanguageR: {Analyzing} Linguistic Data: {A} Practical Introduction to Statistics},
  author = {Harald R. Baayen and Elnaz Shafaei-Bajestan},
  year   = {2019},
  note   = {R package version 1.5.0},
}

@Article{Simons2003,
  author  = {Mandy Simons},
  title   = {Presupposition and accommodation: {U}nderstanding the {Stalnakerian} picture},
  journal = {Philosophical Studies},
  year    = {2003},
  volume  = {112},
  number  = {3},
  pages   = {251--278},
}

@Book{Poletto2000,
  title     = {The higher functional field: {E}vidence from Northern {Italian} dialects},
  publisher = {Oxford University Press},
  year      = {2000},
  author    = {Poletto, Cecilia},
  address   = {New York},
  timestamp = {2015.07.25},
}

@InCollection{Stalnaker1978,
  author    = {Stalnaker, Robert},
  title     = {Assertion},
  booktitle = {Syntax and Semantics 9: Pragmatics},
  publisher = {Academic Press},
  year      = {1978},
  editor    = {Cole, Peter},
  pages     = {315–332},
  address   = {New York},
  timestamp = {2015.04.20},
}

@Article{Engdahl2006,
  author    = {Engdahl, Elisabet},
  title     = {Information packaging in questions},
  journal   = {Empirical Issues in Syntax and Semantics},
  year      = {2006},
  volume    = {6},
  pages     = {93–111},
  booktitle = {Empirical Issues in Syntax and Semantics},
}

@InCollection{Radford1982,
  author    = {Radford, Andrew},
  title     = {The syntax of verbal wh-exclamatives in {Italian}},
  booktitle = {Studies in the {Romance} verb},
  publisher = {Croom Helm},
  year      = {1982},
  editor    = {Vincent, Nigel and Harris, Martin},
  pages     = {185-205},
  address   = {London},
}

@Article{Saab2015,
  author  = {Saab, Andrés},
  title   = {On long-distance theta-role assignment},
  journal = {Lingua},
  year    = {2015},
  volume  = {160},
  pages   = {91–126},
}

@Article{RodriguezMolina2014,
  author  = {{Rodríguez Molina}, Javier},
  title   = {La gramática oculta de la polaridad afirmativa enfática en español antiguo},
  journal = {RILCE},
  year    = {2014},
  volume  = {30},
  number  = {3},
  pages   = {861–915},
}

@InProceedings{Sadock1985,
  author    = {Sadock, Jerrold M. and Zwicky, Arnold M.},
  title     = {Speech act distinctions in syntax},
  booktitle = {Language typology and syntactic description},
  year      = {1985},
  editor    = {Shopen, Timothy},
  volume    = {1},
  pages     = {155–196},
  address   = {Cambridge},
  publisher = {Cambridge University Press},
}

@InCollection{Espinal2013,
  author    = {Espinal, Maria Teresa},
  title     = {On the structure of vocatives},
  booktitle = {Vocative! {Addressing} between System and Performance},
  publisher = {De Gruyter},
  year      = {2013},
  editor    = {Sonnenhauser, Barbara and {Noel Aziz Hanna}, Patrizia},
  pages     = {109–132},
  address   = {Berlin},
}

@Book{Milner1978,
  title     = {De La syntaxe a l'interprétation},
  publisher = {Seuil},
  year      = {1978},
  author    = {Milner, Jean-Claude},
  address   = {Paris},
}

@InCollection{Rizzi2004,
  author    = {Rizzi, Luigi},
  title     = {Locality and left periphery},
  booktitle = {Structures and beyond},
  publisher = {Oxford University Press},
  year      = {2004},
  editor    = {Belletti, Adriana},
  series    = {{The} {Cartography} of {Syntactic} {Structures} 3},
  pages     = {223–251},
  address   = {New York},
  location  = {Oxford/New York},
}

@Article{Saeboe2010,
  author   = {Sæbø, Kjell Johan},
  title    = {On the Semantics of “Embedded Exclamatives”},
  journal  = {Studia linguistica},
  year     = {2010},
  volume   = {64},
  number   = {1},
  pages    = {116–140},
  abstract = {It is sometimes assumed that there is a special exclamative semantics, in particular, that some wh clauses have an exclamative semantics even when embedded, maybe beside an interrogative semantics. In this paper I investigate what such an exclamative semantics might consist in, arguing that there are indeed different readings of wh clauses involved, but that these nuances do not concern the meaning type common to exclamatives and interrogatives: a function assigning to any world a true proposition. 1},
}

@InCollection{Prieto2002,
  author    = {Prieto, Pilar},
  title     = {Entonació},
  booktitle = {Gramàtica del català contemporani},
  publisher = {Empúries},
  year      = {2002},
  editor    = {Solà, Joan and Lloret, Maria-Rosa and Saldanya, Manuel Pérez and Mascaró, Joan},
  pages     = {393–462},
  location  = {Barcelona},
  timestamp = {2015.10.28},
}

@InCollection{Mioto2016,
  author    = {Carlos Mioto and Maria Lobo},
  title     = {Wh‐movement: {I}nterrogatives, Relatives and Clefts},
  booktitle = {The Handbook of {Portuguese} Linguistics},
  publisher = {John Wiley \& Sons},
  year      = {2016},
  editor    = {W. Leo Wetzels and João Costa and Sergio Menuzzi},
  pages     = {275--293},
  address   = {Hoboken (NJ)},
}

@InCollection{Rizzi2001,
  author    = {Rizzi, Luigi},
  title     = {On the position {“Int(errogative)”} in the left periphery of the clause},
  booktitle = {Current Studies in {Italian} Syntax: {Essays} Offered to {Lorenzo Renzi}},
  publisher = {Elsevier},
  year      = {2001},
  editor    = {Cinque, Guglielmo and Salvi, Giampaolo},
  series    = {North-Holland Linguistic Series: Linguistics Variations 59},
  pages     = {267–296},
  address   = {Amsterdam},
  journal   = {Current studies in Italian syntax},
  location  = {Amsterdam},
}

@Article{Aboh2010,
  author  = {Aboh, Enoch Oladé},
  title   = {Information structuring begins with the numeration},
  journal = {Iberia},
  year    = {2010},
  volume  = {2},
  pages   = {12–42},
}

@Article{Breiman2001,
  author  = {Breiman, Leo},
  title   = {Random forests},
  journal = {Machine Learning},
  year    = {2001},
  volume  = {45},
  pages   = {5–32},
}

@Article{Roussou2010,
  author    = {Roussou, Anna},
  title     = {Selecting complementizers},
  journal   = {Lingua},
  year      = {2010},
  volume    = {120},
  number    = {3},
  pages     = {582–603},
  month     = {Mar},
  issn      = {0024-3841},
  publisher = {Elsevier BV},
  timestamp = {2015.07.09},
}

@Book{Carrera1982,
  title     = {Las expresiones causativas en la obras de {Gonzalo} de {Berceo}},
  publisher = {Instituto de Estudios Riojanos},
  year      = {1982},
  author    = {{Carrera de la Red}, Fátima},
  address   = {Logroño (La Rioja)},
}

@InCollection{Saito2012,
  author    = {Saito, Mamoru},
  title     = {Sentence types and the {Japanese} right periphery},
  booktitle = {Discourse and Grammar: From Sentence Types to Lexical Categories},
  publisher = {De Gruyter},
  year      = {2012},
  editor    = {Grewendorf, Günther and Zimmermann, Thomas Ede},
  pages     = {147–175},
  location  = {Berlin},
}

@Article{Nuyts2001,
  author    = {Nuyts, Jan},
  title     = {Subjectivity as an evidential dimension in epistemic modal expressions},
  journal   = {Journal of Pragmatics},
  year      = {2001},
  volume    = {33},
  pages     = {383–400},
  timestamp = {2015.05.03},
}

@Book{Chomsky1986,
  title     = {Barriers},
  publisher = {MIT Press},
  year      = {1986},
  author    = {Chomsky, Noam},
  address   = {Cambridge, MA},
}

@Article{Abbott2003,
  author    = {Abbott, Barbara},
  title     = {Some notes on quotation},
  journal   = {Belgian Journal of Linguistics},
  year      = {2003},
  volume    = {17},
  number    = {1},
  pages     = {13–26},
  publisher = {John Benjamins},
}

@Article{Mioto2003,
  author    = {Mioto, Carlos},
  title     = {Focalização e quantificação},
  journal   = {Revista Letras},
  year      = {2003},
  volume    = {61},
  pages     = {169–189},
  timestamp = {2015.08.12},
}

@InCollection{Shlonsky2000,
  author    = {Shlonsky, Ur},
  title     = {Remarks on the complementizer layer of {Standard Arabic}},
  booktitle = {Research in {Afroasiatic} grammar},
  publisher = {John Benjamins},
  year      = {2000},
  editor    = {Lecarme, Jacqueline and Lowenstamm, Jean and Shlonsky, Ur},
  pages     = {325–343},
  address   = {Amsterdam},
}

@Book{Wheeler1999,
  title     = {Catalan: {A} comprehensive grammar},
  publisher = {Routledge},
  year      = {1999},
  author    = {Wheeler, Max and Yates, Alan and Dols, Nicolau},
  address   = {London/New York},
}

@MastersThesis{GonzalezPlanas2010,
  author = {{González i Planas}, Francesc},
  title  = {Cartografia de la recomplementació en les llengües romàniques},
  school = {Universitat de Girona},
  year   = {2010},
}

@Book{Kayne1984,
  title     = {Connectedness and Binary Branching},
  publisher = {Foris},
  year      = {1984},
  author    = {Kayne, Richard S.},
  address   = {Dordrecht},
}

@InCollection{Martins2006,
  author    = {Martins, Ana Maria},
  title     = {Emphatic Affirmation and Polarity: {Contrasting} {European} {Portuguese} With {Brazilian} {Portuguese}, {Spanish}, {Catalan} and {Galician}.},
  booktitle = {Romance languages and linguistic theory 2004: {Selected} papers from {"Going Romance"}, {Leiden}, 9 - 11 {December} 2004},
  publisher = {John Benjamins},
  year      = {2006},
  editor    = {Jenny Doetjes and Paz González},
  series    = {Current Issues in Linguistic Theory 278},
  pages     = {197–223},
  address   = {Amsterdam},
  journal   = {Current Issues in Linguistic Theory},
  timestamp = {2015.07.22},
}

@Article{Poschmann2008,
  author    = {Poschmann, Claudia},
  title     = {All declarative questions are attributive?},
  journal   = {Belgian Journal of Linguistics},
  year      = {2008},
  volume    = {22},
  number    = {1},
  pages     = {247–269},
  publisher = {John Benjamins},
}

@Unpublished{Martins2007,
  author = {Martins, Ana Maria},
  title  = {Emphatic verb reduplication in {European Portuguese}},
  note   = {European Dialect Syntax Project. {Papers} presented at Workshop on Syntactic Doubling, {Amsterdam}, {March} 2006},
  year   = {2007},
}

@Book{Sadock1974,
  title     = {Toward a linguistic theory of speech acts},
  publisher = {Academic Press},
  year      = {1974},
  author    = {Sadock, Jerrold M.},
  address   = {New York},
  timestamp = {2015.05.19},
}

@Article{Kayne1981,
  author  = {Kayne, Richard S.},
  title   = {{ECP} Extensions},
  journal = {Linguistic Inquiry},
  year    = {1981},
  volume  = {12},
  pages   = {93–133},
}

@Article{Roussou2000,
  author    = {Roussou, Anna},
  title     = {On the left periphery: {M}odal particles and complementisers},
  journal   = {Journal of Greek Linguistics},
  year      = {2000},
  volume    = {1},
  number    = {1},
  pages     = {65–94},
  month     = {Mar},
  issn      = {1566-5844},
  publisher = {John Benjamins},
  timestamp = {2015.07.09},
}

@Article{Ledgeway2005,
  author    = {Ledgeway, Adam},
  title     = {Moving through the left periphery: {T}he dual complementiser system in the dialects of Southern {Italy}},
  journal   = {Transactions of the Philological Society},
  year      = {2005},
  volume    = {103},
  number    = {3},
  pages     = {339–396},
  month     = {Dec},
  issn      = {1467-968X},
  publisher = {Wiley-Blackwell},
  timestamp = {2015.07.09},
}

@Book{Giorgi2010,
  title     = {About the Speaker},
  publisher = {Oxford University Press},
  year      = {2010},
  author    = {Giorgi, Alessandra},
  address   = {Oxford},
  month     = {Dec},
  isbn      = {http://id.crossref.org/isbn/9780199571895},
  timestamp = {2015.12.12},
}

@Book{Zanuttini1997,
  title     = {Negation and Clause Structure},
  publisher = {Oxford University Press},
  year      = {1997},
  author    = {Zanuttini, Raffaella},
  address   = {Oxford},
  timestamp = {2015.07.25},
}

@Book{Ouhalla1991,
  title     = {Functional Categories and Parametric Variation},
  publisher = {Routledge},
  year      = {1991},
  author    = {Ouhalla, Jamal},
  address   = {London},
}

@Article{Rizzi2013,
  author  = {Rizzi, Luigi},
  title   = {Notes on cartography and further explanation},
  journal = {Probus},
  year    = {2013},
  volume  = {25},
  number  = {1},
  pages   = {197–226},
}

@InCollection{Chomsky1993,
  author    = {Chomsky, Noam},
  title     = {A minimalist program for linguistic theory},
  booktitle = {The View from Building 20: Essays in Linguistics in Honor of {Sylvain} {Bromberger}},
  publisher = {MIT Press},
  year      = {1993},
  editor    = {Hale, Ken and Keyser, Samuel J.},
  pages     = {1–52},
  address   = {Cambridge, MA},
}

@Article{Portner2007,
  author    = {Portner, Paul},
  title     = {Imperatives and modals},
  journal   = {Natural Language Semantics},
  year      = {2007},
  volume    = {15},
  number    = {4},
  pages     = {351–383},
  publisher = {Springer},
}

@InCollection{SpeasTenny2003,
  author    = {Speas, Peggy and Tenny, Carol},
  title     = {Configurational properties of point of view roles},
  booktitle = {Asymmetry in grammar: {Volume} 1: {Syntax} and semantics},
  publisher = {John Benjamins},
  year      = {2003},
  editor    = {DiSciullo, Anna Maria},
  pages     = {315–345},
  address   = {Philadelphia},
  location  = {Amsterdam},
}

@InCollection{DelGobbo2015,
  author    = {{Del Gobbo}, Francesca and Munaro, Nicola and Poletto, Cecilia},
  title     = {On sentential particles: {A} crosslinguistic study},
  booktitle = {Final particles},
  publisher = {De Gruyter},
  year      = {2015},
  editor    = {Hancil, Sylvie and Haselow, Alexander and Post, Margje},
  pages     = {359–386},
  address   = {Berlin},
}

@InCollection{Portner2004,
  author    = {Portner, Paul},
  title     = {The Semantics of Imperatives Within a Theory of Clause Types},
  booktitle = {Proceedings of {SALT} {XIV}},
  publisher = {Cornell University},
  year      = {2004},
  editor    = {Young, Robert B. and Zhou, Yuping},
  pages     = {235–252},
  location  = {Ithaca, NY},
  timestamp = {2016.04.26},
}

@Article{Delsing2010,
  author  = {Delsing, Lars-Olof},
  title   = {Exclamatives in {Scandinavian}},
  journal = {Studia Linguistica},
  year    = {2010},
  volume  = {64},
  number  = {1},
  pages   = {16–36},
}

@Book{Coulmas1986,
  title     = {Direct and indirect speech},
  publisher = {De Gruyter},
  year      = {1986},
  author    = {Coulmas, Florian},
  volume    = {31},
  address   = {Berlin},
}

@Article{Lupsa2011,
  author  = {Lupşa, Cornelia Daniela},
  title   = {Deconstructing the adverb plus complementizer construction in {Romanian}},
  journal = {Bucharest Working Papers in Linguistics},
  year    = {2011},
  number  = {2},
  pages   = {91–99},
}

@Article{PonsBorderia2003,
  author    = {{Pons Bordería}, Salvador},
  title     = {"{Que}" inicial átono como marca de modalidad},
  journal   = {Estudios de Lingüística},
  year      = {2003},
  volume    = {17},
  pages     = {531–545},
  timestamp = {2015.12.21},
}

@Book{Ledgeway2012,
  title     = {From {Latin} to {Romance}: {M}orphosyntactic Typology and Change},
  publisher = {Oxford University Press},
  year      = {2012},
  author    = {Ledgeway, Adam},
  series    = {Oxford Studies in Diachronic and Historical Linguistics},
  address   = {Oxford},
}

@Article{Lewis1979,
  author  = {Lewis, David},
  title   = {Scorekeeping in a language game},
  journal = {Journal of Philosophical Logic},
  year    = {1979},
  volume  = {8},
  pages   = {339–359},
}

@Article{Sansinenaetal2015,
  author    = {Sansiñena, María Sol and {De Smet}, Hendrik and Cornillie, Bert},
  title     = {Between subordinate and insubordinate: {P}aths toward complementizer-initial main clauses},
  journal   = {Journal of Pragmatics},
  year      = {2015},
  volume    = {77},
  pages     = {3–19},
  month     = {Feb},
  issn      = {0378-2166},
  publisher = {Elsevier BV},
  timestamp = {2015.02.26},
}

@Unpublished{Kocher2018b,
  author = {Kocher, Anna},
  title  = {A sentence mood account for Spanish verum},
  note   = {Manuscript},
  year   = {2018},
}

@InCollection{Escandell-Vidal2009a,
  author    = {Escandell-Vidal, Victória and Leonetti, Manuel},
  title     = {Fronting and verum focus in {Spanish}},
  booktitle = {Focus and background in {Romance} languages},
  publisher = {John Benjamins},
  year      = {2009},
  editor    = {Dufter, Andreas and Jakob, Daniel},
  pages     = {155–204},
  address   = {Amsterdam},
}

@Article{Cappelen1997,
  author    = {Cappelen, Herman and Lepore, Ernie},
  title     = {Varieties of quotation},
  journal   = {Mind},
  year      = {1997},
  volume    = {106},
  number    = {423},
  pages     = {429–450},
  publisher = {Oxford University Press},
}

@Article{Grimshaw1979,
  author  = {Grimshaw, Jane},
  title   = {Complement selection and the lexicon},
  journal = {Linguistic Inquiry},
  year    = {1979},
  volume  = {2},
  pages   = {279–326},
}

@Article{Sadock1969,
  author    = {Sadock, Jerrold M.},
  title     = {Hypersentences},
  journal   = {Paper in Linguistics},
  year      = {1969},
  volume    = {1},
  number    = {2},
  pages     = {283–370},
  month     = {Mar},
  issn      = {0031-1251},
  publisher = {Informa UK Limited},
  timestamp = {2015.05.19},
}

@InCollection{Payrato2002,
  author    = {Payrató, Lluís},
  title     = {L’enunciació i la modalitat oracional},
  booktitle = {Gramàtica del català contemporani},
  publisher = {Empúries},
  year      = {2002},
  editor    = {Solà, Joan and Lloret, Maria-Rosa and Saldanya, Manuel Pérez and Mascaró, Joan},
  pages     = {1151–1222},
  location  = {Barcelona},
  timestamp = {2015.10.28},
}

@PhdThesis{GonzalezRodriguez2008,
  author  = {{González Rodríguez}, Raquel},
  title   = {La polaridad positiva en español},
  school  = {Universidad Complutense de Madrid},
  year    = {2008},
  address = {Madrid},
}

@InCollection{Traugott2010,
  author    = {Traugott, Elizabeth C.},
  title     = {(Inter)subjectivity and (inter)subjectification: A reassessment},
  booktitle = {Subjectification, intersubjectification and grammaticalization},
  publisher = {Walter de Gruyter GmbH},
  year      = {2010},
  editor    = {Kristin Davidse and Lieven Vandelanotte and Hubert Cuyckens},
  series    = {Topics in English Linguistics 66},
  pages     = {29–74},
  address   = {Berlin},
  month     = {Apr},
  issn      = {1434-3452},
  journal   = {Topics in English Linguistics},
  timestamp = {2017.01.15},
}

@Book{GonzalezRodriguez2009,
  title     = {La expresión de la afirmación y la negación},
  publisher = {Arco Libros},
  year      = {2009},
  author    = {{González Rodríguez}, Raquel},
  volume    = {107},
  address   = {Madrid},
}

@Article{Sigurdsson2010,
  author  = {Sigurdsson, Halldór Armann},
  title   = {On {EPP} effects},
  journal = {Studia Linguistica},
  year    = {2010},
  volume  = {64},
  number  = {2},
  pages   = {159–189},
}

@Book{Hummel2000,
  title     = {Adverbale und adverbialisierte {Adjektive} im {Spanischen}},
  publisher = {Narr},
  year      = {2000},
  author    = {Hummel, Martin},
  address   = {Tübingen},
  location  = {Tübingen},
  timestamp = {2015.03.16},
}

@Article{Fintel2008,
  author    = {von Fintel, Kai},
  title     = {What is Presupposition Accommodation, Again?},
  journal   = {Philosophical Perspectives},
  year      = {2008},
  volume    = {22},
  number    = {1},
  pages     = {137–170},
  month     = {Dec},
  issn      = {1520-8583},
  publisher = {Wiley-Blackwell},
  timestamp = {2015.12.10},
}

@InCollection{Beninca1996,
  author    = {Benincà, Paola},
  title     = {La struttura della frase esclamativa alla luce del dialetto padovano},
  booktitle = {Saggi di grammatica per {Giulio C. Lepschy}},
  publisher = {Bulzoni},
  year      = {1996},
  editor    = {Benincà, Paola},
  pages     = {23–43},
  address   = {Roma},
}

@Article{Villalba2003,
  author  = {Villalba, Xavier},
  title   = {An exceptional exclamative sentence type in {Romance}},
  journal = {Lingua},
  year    = {2003},
  volume  = {113},
  pages   = {713–745},
}

@Unpublished{Jacobson2012,
  author = {Jacobson, Pauline},
  title  = {The myth of silent linguistic material},
  note   = {Presented at the Second East Asian School on Logic, Language, and Computation, Chongqing, China.},
  year   = {2012},
}

@Article{Jacobson2016,
  author  = {Jacobson, Pauline},
  title   = {The short answer: {I}mplications for direct compositionality (and vice versa)},
  journal = {Language},
  year    = {2016},
  volume  = {92},
  number  = {2},
  pages   = {331–375},
}

@Unpublished{Faller2006,
  author    = {Faller, Martina},
  title     = {Evidentiality above and below speech acts},
  note      = {Manuscript},
  year      = {2006},
  school    = {University of Manchester},
  timestamp = {2015.04.20},
}

@MastersThesis{Kocher2017a,
  author    = {Kocher, Anna},
  title     = {Root Clause Complementation in {Catalan}},
  school    = {Universität Wien},
  year      = {2017},
  timestamp = {2016.07.09},
}

@Book{Boye2012,
  title     = {Epistemic Meaning: {A} Crosslinguistic and Functional-Cognitive Study},
  publisher = {De Gruyter},
  year      = {2012},
  author    = {Boye, Kasper},
  address   = {Berlin},
}

@Book{Lyons1977,
  title     = {Semantics},
  publisher = {Cambridge University Press},
  year      = {1977},
  author    = {Lyons, John},
  address   = {Cambridge},
  timestamp = {2015.05.03},
}

@Article{Hill2007b,
  author    = {Hill, Virginia},
  title     = {Romanian adverbs and the pragmatic field},
  journal   = {The Linguistic Review},
  year      = {2007},
  number    = {24},
  pages     = {61–86},
  timestamp = {2015.03.10},
}

@InCollection{GonzalezRodriguez2016,
  author    = {{González Rodríguez}, Raquel},
  title     = {Polaridad: {A}firmación y negación},
  booktitle = {Enciclopedia de Lingüística Hispánica},
  publisher = {Routledge},
  year      = {2016},
  editor    = {Gutiérrez-Rexach, Javier},
  address   = {London},
}

@Article{Hill2007a,
  author    = {Hill, Virginia},
  title     = {Vocatives and the pragmatics–syntax interface},
  journal   = {Lingua},
  year      = {2007},
  volume    = {117},
  number    = {12},
  pages     = {2077–2105},
  month     = {Dec},
  issn      = {0024-3841},
  publisher = {Elsevier BV},
  timestamp = {2015.05.20},
}

@Book{Gunlogson2003,
  title     = {True to Form: {R}ising and falling declaratives as questions in {English}},
  publisher = {Routledge},
  year      = {2003},
  author    = {Gunlogson, Christine},
  address   = {New York},
  timestamp = {2015.04.20},
}

@Unpublished{Lohiniva2017,
  author = {Lohiniva, Karoliina},
  title  = {French \emph{bien que} as a scalar subordinator},
  note   = {Talk given at the Linguistic Symposium on Romance Languages 58, University of Delaware, April 21, 2017},
  year   = {2017},
}

@InProceedings{Ginzburg1996,
  author    = {Ginzburg, Jonathan},
  title     = {Interrogatives: {Q}uestions, facts and dialogue},
  booktitle = {The Handbook of Contemporary Semantic Theory},
  year      = {1996},
  editor    = {Lappin, Shalom},
  pages     = {385–422},
  address   = {Oxford},
  publisher = {Blackwell},
}

@InCollection{Ocampo2006,
  author       = {Ocampo, Francisco},
  title        = {Movement towards discourse is not grammaticalization: {T}he evolution of \emph{claro} from adjective to discourse particle in spoken {Spanish}},
  booktitle    = {Selected proceedings of the 9th {Hispanic Linguistics Symposium}},
  publisher    = {Cascadilla Proceedings Project},
  year         = {2006},
  editor       = {Sagarra, Nuria and Toribio, Almeida Jacqueline},
  pages        = {308–319},
  address      = {Somerville, MA},
  organization = {Cascadilla Proceedings Project},
}

@Article{Fintel2010,
  author    = {von Fintel, Kai and Gillies, Anthony S.},
  title     = {Must . . . stay . . . strong!},
  journal   = {Natural Language Semantics},
  year      = {2010},
  volume    = {18},
  number    = {4},
  pages     = {351–383},
  month     = {May},
  issn      = {1572-865X},
  publisher = {Springer Science + Business Media},
  timestamp = {2016.11.15},
}

@Unpublished{Castroviejo2018,
  author = {Castroviejo, Elena},
  title  = {On question tags and confirmation requests},
  note   = {Talk given at the GLOW 41 Sem Workshop: The grammar and pragmatics of interrogatives and their (special) uses, University of Budapest, April 14, 2018},
  year   = {2018},
}

@Article{Hill2006,
  author    = {Hill, Virginia},
  title     = {Stylistic Inversion in {Romanian}},
  journal   = {Studia Linguistica},
  year      = {2006},
  volume    = {60},
  number    = {2},
  pages     = {156–180},
  month     = {Aug},
  issn      = {1467-9582},
  publisher = {Wiley-Blackwell},
  timestamp = {2015.05.20},
}

@InCollection{Lohnstein2015,
  author    = {Lohnstein, Horst},
  title     = {Verum Focus},
  booktitle = {The {Oxford} Handbook of Information Structure},
  publisher = {Oxford University Press},
  year      = {2016},
  editor    = {Fréy, Caroline and Ishihara, Shinichiro},
  pages     = {290-313},
  address   = {Oxford},
  location  = {Oxford and New York},
  timestamp = {2016.04.22},
}

@MastersThesis{Kocher2014,
  author    = {Kocher, Anna},
  title     = {Claro que son adverbios: {A}nálisis de un proceso de gramaticalización},
  school    = {Universität Wien},
  year      = {2014},
  timestamp = {2015.03.09},
}

@InCollection{Fintel2011,
  author    = {von Fintel, Kai and Gillies, Anthony S.},
  title     = {`Might' made right},
  booktitle = {Epistemic modality},
  publisher = {Oxford University Press},
  year      = {2011},
  editor    = {Egan, Andy and Weatherson, Brian},
  pages     = {108–130},
  address   = {Oxford},
  timestamp = {2015.04.20},
}

@InProceedings{Koenig2007,
  author    = {König, Ekkehard and Siemund, Peter},
  title     = {Speech act distinctions in grammar},
  booktitle = {Language typology and syntactic description},
  year      = {2007},
  editor    = {Shopen, Timothy},
  number    = {3},
  pages     = {276–324},
  address   = {Cambridge},
  publisher = {Cambridge University Press},
}

@InCollection{Rizzi1997,
  author    = {Rizzi, Luigi},
  title     = {The fine structure of the left periphery},
  booktitle = {Elements of grammar: {H}andbook in generative syntax},
  publisher = {Kluwer Academic Publishers},
  year      = {1997},
  editor    = {Haegeman, Liliane},
  pages     = {281–337},
  address   = {Dordrecht},
  timestamp = {2015.04.20},
}

@Manual{Sarkar2021,
  title  = {Lattice},
  author = {Deepayan Sarkar and Felix Andrews and Kevin Wright and Neil Klepeis and Johan Larsson and Paul Murrell},
  year   = {2021},
  note   = {R package version 0.20-45},
}

@PhdThesis{Kocher2019,
  author  = {Kocher, Anna},
  title   = {Unselected Root Complementizers in {Ibero-Romance}},
  school  = {Universität Wien},
  year    = {2019},
  address = {Wien},
}

@Article{Cornillie2009,
  author    = {Cornillie, Bert},
  title     = {Evidentiality and epistemic modality: {O}n the close relationship between two different categories},
  journal   = {Functions of Language},
  year      = {2009},
  volume    = {16},
  number    = {1},
  pages     = {44–62},
  timestamp = {2015.05.03},
}

@InCollection{Noonan2007,
  author    = {Noonan, Michael},
  title     = {Complementation},
  booktitle = {Language Typology and Syntactic Description},
  publisher = {Cambridge University Press},
  year      = {2007},
  editor    = {Shopen, Timothy},
  volume    = {2},
  pages     = {52–150},
  address   = {Cambridge},
}

@Book{Torrence2013,
  title     = {The Clause Structure of {Wolof}},
  publisher = {John Benjamins},
  year      = {2013},
  author    = {Torrence, Harold},
  address   = {Amsterdam},
}

@Book{Rizzi1990,
  title     = {Relativized Minimality},
  publisher = {MIT Press},
  year      = {1990},
  author    = {Rizzi, Luigi},
  address   = {Cambridge, MA},
  timestamp = {2015.04.27},
}

@Article{Gunlogson2008,
  author  = {Gunlogson, Christine},
  title   = {A Question of Commitment},
  journal = {Belgian Journal of Linguistics},
  year    = {2008},
  volume  = {22},
  pages   = {101-136},
}

@Article{Kocher2017,
  author    = {Kocher, Anna},
  title     = {From Verum to Epistemic Modality and Evidentiality: {O}n the Emergence of the {Spanish} {Adv+C} Construction},
  journal   = {Journal of Historical Linguistics},
  year      = {2017},
  volume    = {7},
  number    = {1/2},
  pages     = {78–111},
  timestamp = {2016.05.17},
}

@InCollection{Cuenca1997,
  author    = {Cuenca, Maria Josep},
  title     = {Form-Use Mappings for Tag Questions},
  booktitle = {Discourse and Perspective in Cognitive Linguistics},
  publisher = {John Benjamins},
  year      = {1997},
  editor    = {Wolf-Andreas Liebert and Gisela Redeker and Linda R. Waugh},
  series    = {Current Issues in Linguistic Theory 151},
  pages     = {3–19},
  address   = {Amsterdam},
  journal   = {Current Issues in Linguistic Theory},
}

@Article{Kocher2018,
  author    = {Kocher, Anna},
  title     = {Epistemic and evidential modification in {Spanish} and {Portuguese}: {A} quantitative approach},
  journal   = {Languages in Contrast: International Journal for Contrastive Linguistics},
  year      = {2018},
  volume    = {18},
  number    = {1},
  pages     = {99–121},
  timestamp = {2017.02.07},
}

@Article{Hohle1992,
  author    = {Höhle, Tilman N.},
  title     = {Über {Verum}-{Fokus} im {Deutschen}},
  journal   = {Linguistische Berichte},
  year      = {1992},
  volume    = {4},
  pages     = {112–141},
  address   = {Berlin},
  timestamp = {2016.05.05},
}

@Article{Kaufmann2013,
  author  = {Kaufmann, Magdalena and Poschmann, Claudia},
  title   = {Embedded imperatives: {E}mpirical evidence from Colloquial {German}},
  journal = {Linguistic Society of America},
  year    = {2013},
  volume  = {89},
  number  = {3},
  pages   = {619–637},
}

@Book{Austin1961,
  title     = {How to do things with words},
  publisher = {Oxford University Press},
  year      = {1961},
  author    = {Austin, John Langshaw},
  address   = {Oxford},
}

@Book{Kaufmann2011,
  title     = {Interpreting Imperatives},
  publisher = {Springer},
  year      = {2011},
  author    = {Kaufmann, Magdalena},
  volume    = {88},
  series    = {Studies in Linguistics and Philosophy},
  address   = {Dordrecht, Heidelberg, London, New York},
}

@Article{Roelofsen2015,
  author    = {Roelofsen, Floris and Farkas, Donka F.},
  title     = {Polarity particle responses as a window onto the interpretation of questions and assertions},
  journal   = {Language},
  year      = {2015},
  volume    = {91},
  number    = {2},
  pages     = {359–414},
  publisher = {Linguistic Society of America},
}

@Article{Buering2013,
  author  = {Büring, Daniel and Kriz, Manuel},
  title   = {It's that, and that's it! {E}xhaustivity and homogeneity presuppositions in clefts (and definites)},
  journal = {Semantics and Pragmatics},
  year    = {2013},
  volume  = {6},
  pages   = {1–29},
}

@Book{Hill2014,
  title     = {Vocatives: {H}ow syntax meets with pragmatics},
  publisher = {Brill},
  year      = {2014},
  author    = {Hill, Virginia},
  address   = {Leiden},
}

@Article{Zribi-Hertz1989,
  author    = {Zribi-Hertz, Anne},
  title     = {Anaphor binding and narrative point of view: {English} reflexive pronouns in sentence and discourse},
  journal   = {Language},
  year      = {1989},
  volume    = {65},
  number    = {4},
  pages     = {695–727},
  publisher = {JSTOR},
}

@InCollection{Hill2013,
  author    = {Hill, Virginia},
  title     = {Features and strategies: {T}he internal syntax of vocative phrases},
  booktitle = {Vocative! Addressing between System and Performance},
  publisher = {De Gruyter},
  year      = {2013},
  editor    = {Sonnenhauser, Barbara and {Noel Aziz Hanna}, Patrizia},
  pages     = {133–156},
  address   = {Berlin},
}

@Book{VillaGarcia2015,
  title     = {The Syntax of Multiple \emph{que} Sentences in {Spanish}},
  publisher = {John Benjamins},
  year      = {2015},
  author    = {Villa-García, Julio},
  number    = {2},
  series    = {Issues in {Hispanic} and {Lusophone} {Linguistics}},
  address   = {Amsterdam},
  month     = {Mar},
  issn      = {2213-3887},
  journal   = {Issues in {Hispanic} and {Lusophone} {Linguistics}},
  timestamp = {2016.08.30},
}

@Article{Hothorn2006,
  author    = {Hothorn, Torsten and Hornik, Kurt and Zeileis, Achim},
  title     = {Unbiased recursive partitioning: {A} conditional inference framework},
  journal   = {Journal of {Computational} and Graphical Statistics},
  year      = {2006},
  volume    = {15},
  number    = {3},
  pages     = {651–674},
  publisher = {Taylor \& Francis},
}

@InCollection{Gutierrez-Rexach2001,
  author    = {Gutiérrez-Rexach, Javier},
  title     = {{Spanish} exclamatives and the interpretation of the left periphery},
  booktitle = {Romance Languages and Linguistic Theory 1999: {Selected} papers from {Going} {Romance} {Leiden} 1999},
  publisher = {John Benjamins},
  year      = {2001},
  editor    = {Johan Rooryck and Yves D'Hulst and Jan Schroten},
  pages     = {167–195},
  location  = {Amsterdam},
  timestamp = {2015.03.10},
}

@Article{Cruschina2015a,
  author    = {Cruschina, Silvio and Giurgea, Ion and Remberger, Eva-Maria},
  title     = {Focus Fronting between declaratives and exclamatives},
  journal   = {Revue Roumaine de Linguistique},
  year      = {2015},
  volume    = {60},
  number    = {2-3},
  pages     = {257–275},
  booktitle = {Syntactic Variation},
  timestamp = {2016.05.01},
}

@InCollection{Hummel2017,
  author    = {Hummel, Martin},
  title     = {Adjectives with Adverbial Functions in {Romance}},
  booktitle = {Adjective Adverb Interfaces in {Romance}},
  publisher = {John Benjamins},
  year      = {2017},
  editor    = {Hummel, Martin and Valera, Salvador},
  pages     = {12–46},
  address   = {Amsterdam},
}

@Article{Cappelen2003,
  author    = {Cappelen, Herman and Lepore, Ernie},
  title     = {Varieties of quotation revisited},
  journal   = {Belgian Journal of Linguistics},
  year      = {2003},
  volume    = {17},
  number    = {1},
  pages     = {51–75},
  publisher = {John Benjamins},
}

@Article{Tenny2006,
  author    = {Tenny, Carol},
  title     = {Evidentiality, experiencers and the syntax of sentience in {Japanese}},
  journal   = {Journal of East Asian Linguistics},
  year      = {2006},
  volume    = {15},
  number    = {3},
  pages     = {245–288},
  timestamp = {2015.05.20},
}

@Article{Jacobs2001,
  author  = {Jacobs, Joachim},
  title   = {The dimensions of topic-comment},
  journal = {Linguistics},
  year    = {2001},
  volume  = {39},
  pages   = {641–681},
}

@Article{Bayer2002,
  author  = {Bayer, Josef},
  title   = {Minimale {Annahmen} in {Syntax} und {Morphologie}},
  journal = {Linguistische {Arbeitsberichte}},
  year    = {2002},
  volume  = {79},
  pages   = {277–297},
}

@Book{Hernandez1988,
  title     = {Las oraciones causales en la {Edad Media}},
  publisher = {Paraninfo},
  year      = {1988},
  author    = {{Bartol Hernández}, José Antonio},
  address   = {Madrid},
}

@Book{Wiltschko2014,
  title     = {The Universal Structure of Categories: {T}owards a Formal Typology},
  publisher = {Cambridge University Press},
  year      = {2014},
  author    = {Wiltschko, Martina},
  series    = {Cambridge Studies in Linguistics},
  address   = {Cambridge},
  timestamp = {2015.05.15},
}

@Book{Ariel1990,
  title     = {Accessing noun-phrase antecedents},
  publisher = {Routledge},
  year      = {1990},
  author    = {Ariel, Mira},
  address   = {London},
}

@InCollection{Bayer2004,
  author    = {Bayer, Josef},
  title     = {Decomposing the left periphery: {D}ialectal and cross-linguistic evidence},
  booktitle = {The Syntax and Semantics of the Left Periphery},
  publisher = {De Gruyter},
  year      = {2004},
  editor    = {Lohnstein, Horst and Trissler, Susanne},
  pages     = {59–96},
  location  = {Berlin},
  timestamp = {2015.02.19},
}

@InCollection{Schwabe2006,
  author    = {Kerstin Schwabe},
  title     = {German \emph{dass}-clauses},
  booktitle = {The Architecture of Focus},
  publisher = {De Gruyter},
  year      = {2006},
  editor    = {Molnár, Valerie and Winkler, Susanne},
  pages     = {429–458},
  address   = {Berlin},
}

@InCollection{Hummel2014,
  author    = {Hummel, Martin},
  title     = {The Adjective-Adverb Interface in {Romance} and {English}},
  booktitle = {Adjectives in {Germanic} and {Romance}},
  publisher = {John Benjamins},
  year      = {2014},
  editor    = {Sleeman, Petra and van de Velde, Freek and Perridon, Harry},
  pages     = {35--71},
  address   = {Amsterdam},
}

@PhdThesis{Castroviejo2006,
  author    = {Castroviejo, Elena},
  title     = {Wh-exclamatives in {Catalan}},
  school    = {Universitat de Barcelona},
  year      = {2006},
  address   = {Barcelona},
  timestamp = {2015.02.26},
}

@Book{Alcazar2014,
  title     = {The syntax of imperatives},
  publisher = {Cambridge University Press},
  year      = {2014},
  author    = {Alcázar, Asier and Saltarelli, Mario},
  address   = {Cambridge},
}

@Article{Buering2003,
  author    = {Büring, Daniel},
  title     = {On {D}-Trees, Beans, and {B}-accents},
  journal   = {Linguistics and Philosophy},
  year      = {2003},
  volume    = {26},
  number    = {5},
  pages     = {511–526},
  timestamp = {2016.06.24},
}

@Unpublished{Buering2000,
  author    = {Büring, Daniel and Gunlogson, Christine},
  title     = {Aren’t positive and negative polar questions the same?},
  note      = {manuscript},
  year      = {2000},
  timestamp = {2015.11.09},
}

@Book{Hualde1992,
  title     = {Catalan},
  publisher = {Routledge},
  year      = {1992},
  author    = {Hualde, José Ignacio},
  address   = {London/New york},
}

@PhdThesis{Etxepare1997,
  author    = {Etxepare, Ricardo},
  title     = {The grammatical representation of speech events},
  school    = {University of Maryland},
  year      = {1997},
  address   = {College Park, MD},
  timestamp = {2015.07.22},
}

@Article{FreitesBarros2006,
  author    = {{Freites Barros}, Francisco},
  title     = {El marcador de discurso \emph{claro}: {F}uncionamiento pragmático, metadiscursivo y organizador de la estructura temática},
  journal   = {VERBA},
  year      = {2006},
  volume    = {33},
  pages     = {261–279},
  timestamp = {2015.07.22},
}

@Article{Auwera1998,
  author    = {van der Auwera, Johan and Plungian, Vladimir A.},
  title     = {Modality's semantic map},
  journal   = {Linguistic Typology},
  year      = {1998},
  volume    = {2},
  pages     = {79–124},
  timestamp = {2015.05.03},
}

@InCollection{Cappelen2005,
  author    = {Cappelen, Herman and Lepore, Ernie},
  title     = {Quotation},
  booktitle = {The {Stanford} Encyclopedia of Philosophy},
  publisher = {Stanford University},
  year      = {2005},
  editor    = {Zalta, Edward N.},
  address   = {Stanford, CA},
}

@InCollection{Sudo2013,
  author    = {Sudo, Yasutada},
  title     = {Biased Polar Questions in {English} and {Japanese}},
  booktitle = {Beyond Expressives: {Explorations} in Use-Conditional Meaning},
  publisher = {Brill},
  year      = {2013},
  editor    = {Gutzmann, Daniel and Gärtner, Hans-Martin},
  pages     = {275–296},
  address   = {Leiden},
  timestamp = {2015.11.09},
}

@Article{Batllori2005,
  author    = {Batllori, Montserrat and Suñer, Avellina},
  title     = {Valors adverbials associats a la conjunció \textit{que}: {U}n estudi històric},
  journal   = {Caplletra},
  year      = {2005},
  volume    = {38},
  pages     = {279–301},
  timestamp = {2015.12.21},
}

@Book{Ginzburg2012,
  title     = {The Interactive Stance},
  publisher = {Oxford University Press},
  year      = {2012},
  author    = {Ginzburg, Jonathan},
  address   = {New York/Oxford},
  timestamp = {2015.04.20},
}

@Unpublished{Batllori2008,
  author    = {Batllori, Montserrat and Hernanz, Maria-Lluïsa},
  title     = {Emphatic Polarity from {Latin} to {Romance}},
  note      = {Poster presented at the 10th Diachronic Generative Syntax Conference, Cornell University, August 7th-9th 2008},
  year      = {2008},
  timestamp = {2015.07.22},
}

@Book{Haegeman2012,
  title     = {Adverbial Clauses, Main Clause Phenomena, and Composition of the Left Periphery},
  publisher = {Oxford University Press},
  year      = {2012},
  author    = {Haegeman, Liliane},
  series    = {{T}he {Cartography} of {Syntactic} {Structures} 8},
  address   = {Oxford},
}

@Article{Villa-Garci2012,
  author    = {Villa-García, Julio},
  title     = {Recomplementation and locality of movement in {Spanish}},
  journal   = {Probus},
  year      = {2012},
  number    = {24},
  pages     = {257 – 314},
  timestamp = {2015.02.26},
}

@Manual{Hothorn2022,
  title  = {Party: A Laboratory for Recursive Partytioning},
  author = {Torsten Hothorn and Kurt Hornik and Carolin Strobl and Achim Zeileis},
  year   = {2022},
  note   = {R package version 1.3-10},
}

@InCollection{DemonteSoriano2014,
  author    = {Demonte, Violeta and {Fernández Soriano}, Olga},
  title     = {Evidentiality and illocutionary force: {Spanish} matrix \textit{que} at the syntax-pragmatics interface},
  booktitle = {Left sentence peripheries in {Spanish}: Diachronic, variationist, and typological perspectives},
  publisher = {John Benjamins},
  year      = {2014},
  editor    = {Dufter, Andreas and de Toledo, Álvaro O.},
  pages     = {217–252},
  location  = {Amsterdam},
}

@Article{Hamblin1971,
  author  = {Hamblin, Charles L},
  title   = {Mathematical models of dialogue},
  journal = {Theoria},
  year    = {1971},
  volume  = {37},
  number  = {2},
  pages   = {130–155},
}

@InCollection{Gras2016,
  author    = {Pedro Gras},
  title     = {Revisiting the functional typology of insubordination: {I}nsubordinate \emph{que}-constructions in {Spanish}},
  booktitle = {Insubordination},
  publisher = {John Benjamins},
  year      = {2016},
  editor    = {Evans, Nicholas and Watanabe, Honoré},
}

@Article{Grewendorf2002,
  author  = {Grewendorf, Günter},
  title   = {Left dislocation as movement},
  journal = {Georgetown University Working Papers in Theoretical Linguistics},
  year    = {2002},
  volume  = {2},
  pages   = {31–81},
}

@InProceedings{Rizzi2004a,
  author    = {Rizzi, Luigi},
  title     = {On the cartography of syntactic structures},
  booktitle = {The structure of {CP} and {IP}: The cartography of syntactic structures},
  year      = {2004},
  editor    = {Rizzi, Luigi},
  series    = {{The} {Cartography} of {Syntactic} {Structures}},
  number = {2},
  pages     = {3–15},
  address   = {Oxford},
  publisher = {Oxford University Press},
}

@InProceedings{Beninca2004,
  author    = {Benincà, Paola and Poletto, Cecilia},
  title     = {Topic, focus, and {V2}},
  booktitle = {The Structure of {CP} and {IP}},
  series = {The Cartography of Syntactic Structures},
  number = {2},
  year      = {2004},
  editor    = {Rizzi, Luigi},
  pages     = {52–75},
  address   = {New York/Oxford},
  publisher = {Oxford University Press},
  journal   = {The Structure of CP and IP},
}

@PhdThesis{Stowell1981,
  author  = {Stowell, Timothy},
  title   = {Origins of Phrase Structure},
  school  = {MIT},
  year    = {1981},
  address = {Cambridge, MA},
}

@InCollection{Beninca2001,
  author    = {Benincà, Paola},
  title     = {The position of Topic and Focus in the Left Periphery},
  booktitle = {Current Studies in {Italian} Syntax: {Essays} offered to {Lorenzo} {Renzi}},
  publisher = {North Holland},
  year      = {2001},
  editor    = {Cinque, Guglielmo and Salvi, Giampaolo},
  pages     = {39–64},
  address   = {Amsterdam},
  timestamp = {2015.05.20},
}

@InCollection{Raposo2000,
  author    = {Raposo, Eduardo Paiva},
  title     = {Clitic Position and Verb Movement},
  booktitle = {Portuguese Syntax: {New} Comparative Studies},
  publisher = {Oxford University Press},
  year      = {2000},
  editor    = {Costa, João},
  pages     = {266–297},
  address   = {Oxford},
}

@Article{Farkas2010,
  author    = {Farkas, Donka F. and Bruce, Kim B.},
  title     = {On Reacting to Assertions and Polar Questions},
  journal   = {Journal of Semantics},
  year      = {2010},
  volume    = {27},
  number    = {1},
  pages     = {81–118},
  month     = sep,
  issn      = {1477-4593},
  publisher = {Oxford University Press (OUP)},
  timestamp = {2015.04.20},
}

@InCollection{Cruschina2017a,
  author    = {Cruschina, Silvio and Remberger, Eva-Maria},
  title     = {Before the complementizer: {Adverb} types and root clause modification},
  booktitle = {Adjective–Adverb Interfaces in {Romance}},
  publisher = {John Benjamins},
  year      = {2017},
  editor    = {Hummel, Martin and Valera, Salvador},
  pages     = {81–109},
  address   = {Amsterdam},
}

@Book{Cinque1999,
  title     = {Adverbs and Functional Heads},
  publisher = {Oxford University Press},
  year      = {1999},
  author    = {Cinque, Guglielmo},
  address   = {Oxford/New York},
}

@Book{Belletti1990,
  title     = {Generalized verb movement: {Aspects} of verb syntax},
  publisher = {Rosenberg \& Sellier},
  year      = {1990},
  author    = {Belletti, Adriana},
  address   = {Turin},
}

@Article{Haegeman2014,
  author    = {Haegeman, Liliane},
  title     = {West {Flemish} verb-based discourse markers and the articulation of the speech act layer},
  journal   = {Studia Linguistica},
  year      = {2014},
  volume    = {68},
  number    = {1},
  pages     = {116–139},
  month     = {Mar},
  issn      = {0039-3193},
  publisher = {Wiley-Blackwell},
  timestamp = {2015.05.20},
}

@InProceedings{Batllori2000,
  author    = {Batllori, Montserrat and Sánchez, Carlos Eliseo and Suñer, Avelina},
  title     = {La evolución del sistema de nexos adverbiales: un proceso cíclico entre pragmática y sintaxis (el caso de ‘que’)},
  booktitle = {Lengua, discurso, texto: {I} {Simposio} {Internacional} de {Análisis} del {Discurso}},
  year      = {2000},
  editor    = {de Tovar, José Jesús Bustos},
  pages     = {227–240},
  address   = {Madrid},
  publisher = {Visor},
}

@InProceedings{Etxepare2013,
  author    = {Etxepare, Ricardo},
  title     = {Quotative expansions},
  booktitle = {Romance Languages and Linguistic Theory},
  year      = {2013},
  editor    = {Baauw, S. and Drijkoningen, F. and Meroni, L. and Pinto, M.},
  pages     = {93–123},
  address   = {Amsterdam},
  publisher = {John Benjamins},
  journal   = {Romance Languages and Linguistic Theory},
}

@Book{Cunha1984,
  title     = {Nova gramática do português contemporâneo},
  publisher = {João da Sá Costa},
  year      = {1984},
  author    = {Cunha, Celso and Cintra, Lindley},
  address   = {Lisbon},
  timestamp = {2015.10.30},
}

@Book{Cinque1990,
  title     = {Types of {A-bar} dependencies},
  publisher = {MIT Press},
  year      = {1990},
  author    = {Cinque, Guglielmo},
  address   = {Cambridge, MA},
  location  = {Cambridge, MA},
  timestamp = {2015.02.10},
}

@Article{Hankamer1976,
  author  = {Hankamer, Jorge and Sag, Ivan},
  title   = {Deep and Surface Anaphora},
  journal = {Linguistic Inquiry},
  year    = {1976},
  volume  = {7},
  number  = {3},
  pages   = {391–428},
}

@Article{Suner1994,
  author    = {Suñer, Margarita},
  title     = {V-movement and the licensing of argumental wh-phrases in {Spanish}},
  journal   = {Natural Language \& Linguistic Theory},
  year      = {1994},
  volume    = {12},
  number    = {2},
  pages     = {335–372},
  publisher = {Springer},
}

@InCollection{Cinque1994,
  author    = {Cinque, Guglielmo},
  title     = {On the evidence for partial {N}-movement in the {Romance DP}},
  booktitle = {Paths towards Universal Grammar: {Studies} in Honor of {Richard} {S.} {Kayne}},
  publisher = {Georgetown University Press},
  year      = {1994},
  editor    = {Cinque, Guglielmo and Koster, Jan and Pollock, Jean-Yves and Rizzi, Luigi and Rafaella Zanuttini},
  pages     = {85–110},
  address   = {Washington, DC},
}

@Article{Batllori2013,
  author  = {Batllori, Montserrat and Hernanz, Maria-Lluïsa},
  title   = {Emphatic polarity particles in {Spanish} and {Catalan}},
  journal = {Lingua},
  year    = {2013},
  volume  = {128},
  pages   = {9–30},
}

@InCollection{Watters1979,
  author    = {Watters, John R},
  title     = {Focus in {Aghem}},
  booktitle = {Aghem grammatical structure.},
  publisher = {University of Southern California},
  year      = {1979},
  editor    = {Hyman, Larry},
  pages     = {137–197},
  address   = {Los Angeles, CA},
  school    = {Univ. Los Angeles},
}

@Article{DemonteSoriano2009,
  author    = {Demonte, Violeta and {Fernández Soriano}, Olga},
  title     = {Force and finiteness in the {Spanish} complementizer system},
  journal   = {Probus},
  year      = {2009},
  volume    = {21},
  number    = {1},
  pages     = {23–49},
  month     = {Jan},
  issn      = {1613-4079},
  publisher = {De Gruyter},
  timestamp = {2015.02.19},
}

@Article{Rooryck2001,
  author  = {Rooryck, Johan},
  title   = {Evidentiality, part {I}},
  journal = {Glot International},
  year    = {2001},
  volume  = {5},
  number  = {4},
  pages   = {125–133},
}

@Article{Peres2006,
  author  = {Peres, João Andrade and Mascarenhas, Salvador},
  title   = {Notes on sentential connections (predominantly) in {Portuguese}},
  journal = {Journal of Portuguese Linguistics},
  year    = {2006},
  volume  = {5},
  pages   = {113–169},
}

@Article{Brody1990,
  author    = {Brody, Michael},
  title     = {Some remarks on the focus field in {Hungarian}},
  journal   = {{UCL} Working Papers in Linguistics},
  year      = {1990},
  volume    = {2},
  pages     = {201–226},
  publisher = {University College of London},
}

@Book{Aikhenvald2004,
  title     = {Evidentiality},
  publisher = {Oxford University Press},
  year      = {2004},
  author    = {Aikhenvald, Alexandra Y.},
  address   = {Oxford/New York},
  timestamp = {2015.04.26},
}

@PhdThesis{Gras2010,
  author    = {Gras, Pedro},
  title     = {Gramática de Construcciones en Interacción: {P}ropuesta de un modelo y aplicación al análisis de estructuras independientes con marcas de subordinación en español},
  school    = {Universitat de Barcelona},
  year      = {2010},
  address   = {Barcelona},
  timestamp = {2015.12.21},
}

@InCollection{Gutierrez-Rexach2016,
  author    = {Gutiérrez-Rexach, Javier and Andueza, Patricia},
  title     = {The Pragmatics of Embedded Exclamatives},
  booktitle = {Interdisciplinary Studies in Pragmatics, Culture and Society},
  publisher = {Springer},
  year      = {2016},
  editor    = {Capone, Alessandro and Mey, Jacob L.},
  pages     = {767–790},
  address   = {Dordecht, Heidelberg, London, New York},
}

@Book{Levinson1983,
  title     = {Pragmatics},
  publisher = {Cambridge University Press},
  year      = {1983},
  author    = {Levinson, Stephen C.},
  series    = {Cambridge {Textbooks} in {Linguistics}},
  address   = {Cambridge},
  journal   = {Cambridge/New York},
}

@Article{Rivero1995,
  author    = {Rivero, María Luisa and Terzi, Arhonto},
  title     = {Imperatives, {V-movement} and logical mood},
  journal   = {Journal of Linguistics},
  year      = {1995},
  volume    = {31},
  number    = {2},
  pages     = {301–332},
  publisher = {Cambridge University Press},
}

@Article{Reinhart1981,
  author    = {Reinhart, Tanya},
  title     = {Pragmatics and Linguistic: {A}n analysis of sentence topics},
  journal   = {Philosophica},
  year      = {1981},
  volume    = {27},
  number    = {1},
  pages     = {53–94},
  timestamp = {2015.06.27},
}

@Article{Rivero1994,
  author  = {Rivero, María Luisa},
  title   = {Negation, imperatives and {Wackernagel} effects},
  journal = {Rivista di Linguistica},
  year    = {1994},
  volume  = {6},
  number  = {1},
  pages   = {39–66},
}

@Article{Haegeman2004,
  author  = {Haegeman, Liliane},
  title   = {Topicalization, {CLLD} and the left periphery},
  journal = {ZAS Papers in Linguistics},
  year    = {2004},
  volume  = {35},
  number  = {1},
  pages   = {157–192},
}

@InCollection{Brody1995,
  author    = {Brody, Michael},
  title     = {Focus and checking theory},
  booktitle = {Levels and Structures: {Approaches} to {Hungarian}},
  publisher = {Jate},
  year      = {1995},
  editor    = {Kenesei, István},
  pages     = {31–43},
  address   = {Szeged},
}

@Article{Haegeman2006,
  author    = {Haegeman, Liliane},
  title     = {Conditionals, factives and the left periphery},
  journal   = {Lingua},
  year      = {2006},
  volume    = {116},
  number    = {10},
  pages     = {1651–1669},
  month     = {Oct},
  issn      = {0024-3841},
  publisher = {Elsevier BV},
  timestamp = {2015.07.09},
}

@InCollection{Gutierrez-Rexach2011,
  author    = {Gutiérrez-Rexach, Javier and Andueza, Patricia},
  title     = {Degree Restrictions in {Spanish} Exclamatives},
  booktitle = {Selected Proceedings of the 13th {Hispanic} Linguistics Symposium},
  publisher = {Cascadilla Proceedings Project},
  year      = {2011},
  editor    = {Ortiz-López, Luis A.},
  pages     = {286–295},
  address   = {Somerville, MA},
}

@Article{Malamud2015,
  author  = {Malamud, Sophia A. and Stephenson, Tamina},
  title   = {Three ways to avoid Commitments: {D}eclarative Force Modifiers in the Conversational Scoreboard},
  journal = {Journal of Semantics},
  year    = {2015},
  volume  = {3},
  number  = {2},
  pages   = {275–311},
}

@Article{Escandell-Vidal2011,
  author  = {Escandell-Vidal, Victória},
  title   = {Verum focus y prosodia: {C}uando la duración (sí que) importa},
  journal = {Oralia},
  year    = {2011},
  volume  = {14},
  pages   = {181–201},
}

@Article{Galves2005,
  author  = {Galves, Charlotte and Moraes, Maria Aparecida Torres and Ribeiro, Ilza},
  title   = {Syntax and Morphology in the Placement of Clitics in {European} and {Brazilian Portuguese}},
  journal = {Journal of Portuguese Linguistics},
  year    = {2005},
  volume  = {4},
  number  = {2},
  pages   = {143–177},
}

@Unpublished{Biezma2008,
  author = {Biezma, María},
  title  = {An Expressive Analysis of Exclamatives in {Spanish}},
  note   = {manuscript},
  year   = {2008},
}

@Article{Larson1990,
  author  = {Larson, Richard},
  title   = {Double objects revisited: {Reply} to {Jackendoff}},
  journal = {Linguistic Inquiry},
  year    = {1990},
  volume  = {21},
  pages   = {589–632},
}

@Book{Longobardi1996,
  title     = {The syntax of {N}-raising: {A} minimalist theory},
  publisher = {Utrecht University},
  year      = {1996},
  author    = {Longobardi, Giuseppe},
  address   = {Utrecht},
  journal   = {UiL OTS Working Papers in Theoretical Linguistics},
}

@Book{Hualde2009,
  title     = {Introducción a la lingüística hispánica},
  publisher = {Cambridge University Press},
  year      = {2009},
  author    = {Hualde, José Ignacio and Olarrea, Antxon and Escobar, Anna María and Travis, Catherine E.},
  address   = {Cambridge},
}

@Article{Bosque1984,
  author  = {Bosque, Ignacio},
  title   = {Sobre la sintaxis de las oraciones exclamativas},
  journal = {Hispanic Linguistics},
  year    = {1984},
  volume  = {1},
  number  = {2},
  pages   = {283–304},
}

@InCollection{Roberts2004,
  author    = {Roberts, Ian},
  title     = {The {C}-system in {Brythonic Celtic} Languages, {V2} and the {EPP}},
  booktitle = {The Structure of {CP} and {IP}},
  publisher = {Oxford University Press},
  year      = {2004},
  editor    = {Rizzi, Luigi},
  series    = {{The} {Cartography} of {Syntactic} {Structures} 2},
  pages     = {297–328},
  address   = {Oxford},
}

@Book{Diewald2010,
  title     = {Evidentiality in {German}: {Linguistic} Realization and Regularities in Grammaticalization},
  publisher = {De Gruyter},
  year      = {2010},
  author    = {Diewald, Gabriele and Smirnova, Elena},
  address   = {Berlin/Boston},
  timestamp = {2016.11.15},
}

@Article{Degen2015,
  author    = {Degen, Judith},
  title     = {Investigating the distribution of \emph{some} (but not \emph{all}) implicatures using corpora and web-based methods},
  journal   = {Semantics and Pragmatics},
  year      = {2015},
  volume    = {8},
  number    = {11},
  pages     = {1–55},
  month     = {May},
  keywords  = {scalar implicature, GCI, corpora, experimental pragmatics},
  timestamp = {2016.12.01},
}

@Article{Rivero1982,
  author  = {Rivero, María Luisa},
  title   = {Las relativas restrictivas con \emph{que}},
  journal = {Nueva Revista de Filología Hispánica},
  year    = {1982},
  volume  = {31},
  pages   = {195–234},
}

@InCollection{Roberts2001,
  author    = {Roberts, Ian},
  title     = {Head movement},
  booktitle = {The Handbook of Contemporary Syntactic Theory},
  publisher = {Blackwell},
  year      = {2001},
  editor    = {Baltin, Mark and Collins, Chris},
  pages     = {113–147},
  address   = {Oxford},
}

@InCollection{Kehayov2016,
  author    = {Kehayov, Petar and Boye, Kasper},
  title     = {Complementizer semantics: {An} introduction},
  booktitle = {Complementizer Semantics in European Languages},
  publisher = {De Gruyter Mouton},
  year      = {2016},
  editor    = {Boye, Kasper},
  pages     = {1–12},
  address   = {Berlin},
}

@PhdThesis{Bocci2009,
  author  = {Bocci, Giuliano},
  title   = {On Syntax and Prosody in {Italian}},
  school  = {University of Siena},
  year    = {2009},
  address = {Siena},
}

@InCollection{Cuba2013,
  author    = {de Cuba, Carlos and MacDonald, Jonathan E.},
  title     = {Referentiality in {Spanish} {CP}s},
  booktitle = {Information Structure and Agreement},
  publisher = {John Benjamins},
  year      = {2013},
  editor    = {Taboada, Victoria Camacho and Fernández, Ángel Jiménez and Martín, Javier Martín and Tejedor, Mariano Reyes},
  series    = {Linguistics Today 197},
  pages     = {117–140},
  address   = {Amsterdam},
  journal   = {Information Structure and Agreement},
  timestamp = {2016.12.02},
}

@Article{Larson1988,
  author  = {Larson, Richard},
  title   = {On the double object construction},
  journal = {Linguistic Inquiry},
  year    = {1988},
  volume  = {19},
  pages   = {335–391},
}

@InCollection{Ross1970,
  author    = {Ross, John Robert},
  title     = {On declarative sentences},
  booktitle = {Readings in {English} Transformational Grammar},
  publisher = {Blaisdell},
  year      = {1970},
  editor    = {Jacobs, Roderick and Rosenbaum, Peter},
  pages     = {222–272},
  address   = {Waltham, MA},
  timestamp = {2015.05.19},
}

@Article{Etxepare2010,
  author    = {Etxepare, Ricardo},
  title     = {From hearsay evidentiality to samesaying relations},
  journal   = {Lingua},
  year      = {2010},
  volume    = {120},
  number    = {3},
  pages     = {604–627},
  month     = {Mar},
  issn      = {0024-3841},
  publisher = {Elsevier},
  timestamp = {2015.02.19},
}

@Article{Garzonio2004,
  author  = {Garzonio, Jacopo},
  title   = {Interrogative types and left periphery: {S}ome data from the {Fiorentino} dialect},
  journal = {Quaderni di lavoro dell’ASIS},
  year    = {2004},
  volume  = {4},
  pages   = {1–19},
}

@Manual{RCT2013,
  title        = {R: {A} Language and Environment for Statistical Computing},
  author       = {{R Core Team}},
  organization = {R Foundation for Statistical Computing},
  address      = {Vienna, Austria},
  year         = {2013},
  url          = {http://www.R-project.org/},
}

@Article{DAlessandro2015,
  author  = {D'Alessandro, Roberta and {Di Felice}, Claudio},
  title   = {The diachrony of {Abruzzese} complementation},
  journal = {Revue Roumaine de Linguistique},
  year    = {2015},
  volume  = {40},
  number  = {2-3},
  pages   = {129–145},
}

@Article{Escandell-Vidal2009,
  author  = {Escandell-Vidal, Victória and Leonetti, Manuel},
  title   = {La Expresión de Verum Focus En Español},
  journal = {Español Actual},
  year    = {2009},
  volume  = {92},
  pages   = {11–46},
}

@Book{Briz2002,
  title     = {Corpus de conversaciones coloquiales},
  publisher = {Arco Libros},
  year      = {2002},
  author    = {Briz, Antonio and {Grupo Val.Es.Co}},
  address   = {Madrid},
  note      = {Special volume of Oralia},
}

@PhdThesis{Laka1990,
  author    = {Laka, I.},
  title     = {Negation in Syntax},
  school    = {MIT},
  year      = {1990},
  address   = {Cambridge, MA},
  timestamp = {2015.07.25},
}

@Article{Celdran2005,
  author    = {Celdrán, Eugenio Martínez and Planas, Ana María Fernández and Sabaté, Josefina Carrera and Monserrat, Janina Espuny},
  title     = {Approche du mappe prosodique dialectal de la langue catalane},
  journal   = {Géolinguistique},
  year      = {2005},
  volume    = {3},
  pages     = {103–151},
  timestamp = {2015.10.28},
}

@Article{Villalba2008,
  author  = {Villalba, Xavier},
  title   = {Exclamatives: {A} Thematic Guide with Many Questions and Few Answers},
  journal = {Catalan Journal of Linguistics},
  year    = {2008},
  volume  = {7},
  pages   = {9–40},
}

@Article{Haan1999,
  author  = {de Haan, Ferdinand},
  title   = {Evidentiality and Epistemic Modality: {S}etting Boundaries},
  journal = {Southwest Journal of Linguistics},
  year    = {1999},
  volume  = {18},
  number  = {1},
  pages   = {83–101},
}

@PhdThesis{Moreira2013,
  author  = {Moreira, Juliana},
  title   = {O vocativo e a interface sintaxe-pragmática no português brasileiro},
  school  = {Universidade Federal de Minas Gerais},
  year    = {2013},
  address = {Belo Horizonte},
}

@InCollection{Etxepare2008,
  author    = {Etxepare, Ricardo},
  title     = {On quotative constructions in {Iberian} {Spanish}},
  booktitle = {Crosslinguistic Studies of Clause Combining: {The} multifunctionality of conjunctions},
  publisher = {John Benjamins},
  year      = {2008},
  editor    = {Laury, Ritva},
  pages     = {35–77},
  location  = {Amsterdam},
}

@Article{Sheehan2012,
  author  = {Sheehan, Michelle},
  title   = {A New Take on Partial Control: {D}efective Thematic Intervention},
  journal = {Cambridge Occasional Papers in Linguistics},
  year    = {2012},
  volume  = {6},
  pages   = {1–47},
}

@Article{Etxepare2007,
  author    = {Etxepare, Ricardo},
  title     = {Aspects of the quotative construction in {Iberian} {Spanish}},
  journal   = {Anuario del Seminario de Filología Vasca Julio de Urquijo: International Journal of Basque Linguistics and Philology},
  year      = {2007},
  volume    = {41},
  number    = {2},
  pages     = {25–58},
  timestamp = {2015.02.25},
}

@Article{Cruschina2015,
  author    = {Cruschina, Silvio},
  title     = {The expression of evidentiality and epistemicity: {C}ases of grammaticalization in {Italian} and {Sicilian}},
  journal   = {Probus},
  year      = {2015},
  volume    = {27},
  number    = {1},
  pages     = {1–31},
  timestamp = {2015.03.10},
}

@Article{AnderBois2015,
  author  = {AnderBois, Scott and Brasoveanu, Adrian and Henderson, Robert},
  title   = {At-issue proposals and appositive impositions in discourse},
  journal = {Journal of Semantics},
  year    = {2015},
  volume  = {32},
  number  = {1},
  pages   = {93–138},
}

@InCollection{Cruschina2017,
  author    = {Cruschina, Silvio and Remberger, Eva-Maria},
  title     = {Focus fronting},
  booktitle = {Manual of {Romance} Morphosyntax and Syntax},
  publisher = {Mouton De Gruyter},
  year      = {2017},
  editor    = {Dufter, Andreas and Stark, Elisabeth},
  pages     = {502-535},
  address   = {Berlin},
}

@Article{Cruschina2018,
  author  = {Cruschina, Silvio and Remberger, Eva-Maria},
  title   = {Speaker-oriented syntax and root clause complementizers},
  journal = {Linguistic Variation},
  year    = {2018},
  volume  = {18},
  number  = {2},
  pages   = {336–358},
}

@InProceedings{AnderBois2010,
  author    = {AnderBois, Scott and Brasoveanu, Adrian and Henderson, Robert},
  title     = {Crossing the appositive/at-issue meaning boundary},
  booktitle = {Proceedings of {SALT} 20},
  year      = {2010},
  editor    = {Li, Nan and Lutz, David},
  volume    = {20},
  pages     = {328–346},
  address   = {Ithaca, NY},
  publisher = {CLC Publications},
}

@InCollection{Cruschina2013,
  author    = {Cruschina, Silvio},
  title     = {Beyond the stem and inflectional morphology: {A}n irregular pattern at the level of periphrasis},
  booktitle = {The Boundaries of Pure Morphology: {D}iachronic and Synchronic Perspectives},
  publisher = {Oxford University Press},
  year      = {2013},
  editor    = {Cruschina, Silvio and Maiden, Martin and Smith, John Charles},
  pages     = {262–283},
  location  = {Oxford},
  timestamp = {2017.03.09},
}

@Article{Lopes2012,
  author  = {Lopes, Ana Cristina Macário},
  title   = {Contributos para uma análise semântico-pragmática das causais de enunciação no português europeu contemporâneo},
  journal = {ALFA: Revista de Linguística},
  year    = {2012},
  volume  = {56},
  number  = {2},
  pages   = {451–468},
}

@PhdThesis{Uriagereka1988,
  author  = {Uriagereka, Juan},
  title   = {On Government},
  school  = {University of Connecticut},
  year    = {1988},
  address = {Storrs, CT},
}

@PhdThesis{Erteschik1973,
  author  = {Erteschik, Nomi},
  title   = {On the nature of island constraints},
  school  = {MIT},
  year    = {1973},
  address = {Cambridge, MA},
}

@InCollection{Moro2003,
  author    = {Moro, Andrea},
  title     = {Notes on vocative case: {A} case study in clause structure},
  booktitle = {Romance Languages and Linguistic Theory 2001},
  publisher = {John Benjamins},
  year      = {2003},
  editor    = {Quer, Josep and Schroten, Jan and Scorretti, Mauro and Sleeman, Petra and Verheugd, Els},
  pages     = {247–262},
  address   = {Amsterdam},
}

@InCollection{Belletti2009,
  author    = {Belletti, Adriana},
  title     = {Answering Strategies: {N}ew Information Subjects and the Nature of Clefts},
  booktitle = {Structures and Strategies},
  publisher = {Routledge},
  year      = {2009},
  editor    = {Belletti, Adriana},
  pages     = {242–265},
  address   = {New York},
  timestamp = {2015.04.26},
}

@InCollection{Frascarelli2007a,
  author    = {Frascarelli, Mara and Hinterhölzl, Roland},
  title     = {Types of topics in {German} and {Italian}},
  booktitle = {On information structure, meaning and form: {Generalizations} across languages},
  publisher = {John Benjamins},
  year      = {2007},
  editor    = {Kerstin Schwabe and Susanne Winkler},
  series    = {Linguistik Aktuell/Linguistics Today 100},
  pages     = {87–116},
  address   = {Amsterdam},
  isbn      = {http://id.crossref.org/isbn/978 90 272 9264 3},
  issn      = {0166-0829},
  journal   = {Linguistik Aktuell/Linguistics Today},
  timestamp = {2015.06.10},
}

@Article{Katz1963,
  author    = {Katz, Jerrold J. and Fodor, Jerry A.},
  title     = {The Structure of a Semantic Theory},
  journal   = {Language},
  year      = {1963},
  volume    = {39},
  number    = {2},
  pages     = {170},
  timestamp = {2015.05.19},
}

@InCollection{Belletti2004,
  author    = {Belletti, Adriana},
  title     = {Aspects of the low {IP} Area},
  booktitle = {The Structure of {CP} and {IP}},
  publisher = {Oxford University Press},
  year      = {2004},
  editor    = {Rizzi, Luigi},
  series    = {{The} {Cartography} of {Syntactic} {Structures} 2},
  pages     = {16–51},
  address   = {Oxford},
  location  = {Oxford},
  timestamp = {2015.06.29},
}

@InProceedings{Chafe1976,
  author    = {Chafe, Wallace L.},
  title     = {Givenness, contrastiveness, definiteness, subjects, topics and point of view},
  booktitle = {Subject and Topic},
  year      = {1976},
  editor    = {Li, Charles N.},
  pages     = {27–55},
  address   = {New York},
  publisher = {Academic Press},
}

@Book{Pesetsky1995,
  title     = {Zero syntax},
  publisher = {MIT Press},
  year      = {1995},
  author    = {Pesetsky, David},
  address   = {Cambridge, MA},
}

@InCollection{Shlonsky2014,
  author    = {Shlonsky, Ur},
  title     = {Topicalization and focalization: {A} preliminary exploration of the {Hebrew} left periphery},
  booktitle = {On Peripheries},
  publisher = {Hitsuzi Synobo},
  year      = {2014},
  editor    = {Cardinaletti, Anna and Cinque, Guglielmo and Endo, Yoshio},
  pages     = {327–341},
  address   = {Tokyo},
}

@Book{HopperTraugott2003,
  title     = {Grammaticalization},
  publisher = {Cambridge University Press},
  year      = {2003},
  author    = {Hopper, Paul and Traugott, Elizabeth C.},
  location  = {Cambridge},
  timestamp = {2015.02.19},
}

@PhdThesis{Martinez1978,
  author  = {{Martínez Marín}, Juan},
  title   = {Sintaxis de \textit{La Celestina}: {Contribución} al estudio de la sintaxis histórica española},
  school  = {Universidad de Granada},
  year    = {1978},
  address = {Granada},
}

@Article{Shlonsky2011,
  author  = {Shlonsky, Ur and Soare, Gabriela},
  title   = {Where’s why},
  journal = {Linguistic Inquiry},
  year    = {2011},
  volume  = {42},
  pages   = {651–669},
}

@InCollection{Munaro2009,
  author    = {Munaro, Nicola and Poletto, Cecilia},
  title     = {Sentential particles and clausal typing in {Venetian} dialects},
  booktitle = {Dislocated Elements in Discourse: {Syntactic}, Semantic, and Pragmatic Perspectives},
  publisher = {Routledge},
  year      = {2009},
  editor    = {Shaer, Benjamin and Cook, Philippa and Frey, Werner and Maienborn, Claudia},
  pages     = {173–199},
  address   = {New York/London},
}

@Book{Grosz2012,
  title     = {On the grammar of optative constructions},
  publisher = {John Benjamins},
  year      = {2012},
  author    = {Grosz, Patrick},
  address   = {Amsterdam},
  timestamp = {2017.03.09},
}

@Article{MascaroiPons1986,
  author    = {{Mascaró i Pons}, Ignasi},
  title     = {Introducció a l’entonació dialectal catalana},
  journal   = {Randa},
  year      = {1986},
  volume    = {22},
  pages     = {5–38},
  timestamp = {2015.10.28},
}

@Unpublished{Arregi1998,
  author = {Arregi, Karlos},
  title  = {Spanish \emph{el que} Relative Clauses and the Doubly Filled {COMP} Filter},
  note   = {Manuscript},
  year   = {1998},
}

@Article{Dechaine2017,
  author  = {Déchaine, Rose-Marie and Cook, Clare and Muehlbauer, Jeffrey and Waldie, Ryan},
  title   = {{(De-) constructing} evidentiality},
  journal = {Lingua},
  year    = {2017},
  volume  = {186--187},
  pages   = {21–54},
}

@Article{Martins2013,
  author  = {Martins, Ana Maria},
  title   = {Emphatic Polarity in {European Portuguese} and beyond},
  journal = {Lingua},
  year    = {2013},
  volume  = {128},
  pages   = {95–123},
}

@InCollection{Matthewson2015,
  author    = {Matthewson, Lisa},
  title     = {Evidential restrictions on epistemic modals},
  booktitle = {Epistemic Indefinites: {Exploring} Modality Beyond the Verbal Domain},
  publisher = {Oxford University Press},
  year      = {2015},
  editor    = {Alonso-Ovalle, Luis and Menéndez-Benito, Paula},
  pages     = {141–160},
  month     = {Apr},
  isbn      = {http://id.crossref.org/isbn/9780199665297},
  location  = {Oxford},
  timestamp = {2017.01.15},
}

@Article{Prince1978,
  author  = {Ellen F. Prince},
  title   = {A Comparison of Wh-Clefts and it-Clefts in Discourse},
  journal = {Language},
  year    = {1978},
  volume  = {54},
  pages   = {883--906},
  issn    = {0097-8507},
}

@InCollection{Belletti2013,
  author    = {Belletti, Adriana},
  title     = {On {Fin}: {Italian} \emph{che}, {Japanese} \emph{no}, and the selective properties of the copula in clefts},
  booktitle = {Deep Insights, Broad Perspectives. {Essays} in Honor of {Mamoru} {Saito}},
  publisher = {Kaitakusha Co., Ltd},
  year      = {2013},
  editor    = {Miyamoto, Yoichi and Takahashi, Daiko and Maki, Hideki and Ochi, Masao and Sugisaki, Koji and Uchibori, Asako},
  pages     = {41–55},
  location  = {Tokyo},
}

@InCollection{Prieto1997,
  author    = {Prieto, Pilar},
  title     = {Notes sobre l’entonació dialectal del català: {L}es oracions interrogatives absolutes},
  booktitle = {Actes del {Novè} {Col·loqui} d’{Estudis} {Catalans} a {Nord-Amèrica}},
  publisher = {Abadia de Montserrat},
  year      = {1997},
  editor    = {Bover, August},
  pages     = {347–377},
  address   = {Barcelona},
  location  = {Barcelona},
  timestamp = {2015.10.28},
}

@Article{Rigau1984,
  author    = {Rigau, Gemma},
  title     = {De com \textit{si} no és conjunció i d’altres elements interrogatius},
  journal   = {Estudis Gramaticals},
  year      = {1984},
  pages     = {249–278},
  timestamp = {2015.10.28},
}

@InCollection{Hernanz2007,
  author    = {Hernanz, Maria-Lluïsa},
  title     = {From polarity to modality: {S}ome (a)symmetries between \textit{bien} en \textit{sí} in {Spanish}},
  booktitle = {Coreference, Modality, and Focus: {Studies} on the syntax–semantics interface},
  publisher = {John Benjamins},
  year      = {2007},
  editor    = {Eguren, Luis and Fernández-Soriano, Olga},
  series    = {{Linguistik} {Aktuell}/{Linguistics} {Today} 111},
  pages     = {105–150},
  address   = {Amsterdam},
  timestamp = {2015.02.19},
}

@InCollection{Rochemont2016,
  author    = {Rochemont, Michael},
  title     = {Givenness},
  booktitle = {The {Oxford} Handbook of Information Structure},
  publisher = {Oxford University Press},
  year      = {2016},
  editor    = {Féry, Caroline and Ishihara, Shinichiro},
  pages     = {41–63},
  address   = {Oxford},
}

@Article{GonzalesPlanas2014,
  author    = {{González i Planas}, Francesc},
  title     = {On quotative recomplementation: {B}etween pragmatics and morphosyntax},
  journal   = {Lingua},
  year      = {2014},
  volume    = {146},
  pages     = {39–74},
  month     = {Jul},
  issn      = {0024-3841},
  publisher = {Elsevier BV},
  timestamp = {2015.02.26},
}

@Article{PrietoRigau2007,
  author  = {Prieto, Pilar and Rigau, Gemma},
  title   = {The Syntax-Prosody Interface: {C}atalan interrogative sentences headed by \emph{que}},
  journal = {Journal of Portuguese Linguistics},
  year    = {2007},
  volume  = {6},
  number  = {2},
  pages   = {29–59},
}

@InCollection{Culicover1992,
  author    = {Culicover, Peter W.},
  title     = {Topicalization, inversion and complementizers in {English}},
  booktitle = {Working Papers: {Going} {Romance} and Beyond},
  publisher = {University of Utrecht},
  year      = {1992},
  editor    = {Delfitto, Denis and Everaert, Martin and Evers, Arnold and Stuurman, Frits},
  pages     = {1–45},
  address   = {Utrecht},
}

@Article{Gutzmann2011a,
  author    = {Gutzmann, Daniel and Stei, Erik},
  title     = {How quotation marks what people do with words},
  journal   = {Journal of Pragmatics},
  year      = {2011},
  volume    = {43},
  number    = {10},
  pages     = {2650–2663},
  publisher = {North-Holland},
}

@Article{Tagliamonte2012,
  author    = {Tagliamonte, Sali A. and Baayen, Harald R.},
  title     = {Models, forests, and trees of {York} {English}: \emph{{Was}/were} variation as a case study for statistical practice},
  journal   = {Language Variation and Change},
  year      = {2012},
  volume    = {24},
  number    = {2},
  pages     = {135–178},
  month     = {Jul},
  issn      = {1469-8021},
  publisher = {Cambridge University Press},
  timestamp = {2017.03.09},
}

@InCollection{Ambar2003,
  author    = {Ambar, Manuela},
  title     = {Wh-asymmetries},
  booktitle = {Asymmetry in grammar},
  publisher = {John Benjamins},
  year      = {2003},
  editor    = {{Di Sciullo}, Anna Maria},
  pages     = {209–249},
  address   = {Amsterdam},
}

@Article{Roberts1996,
  author    = {Roberts, Craige},
  title     = {Information structure in discourse: {Towards} an integrated formal theory of pragmatics},
  journal   = {Working Papers in Linguistics-Ohio State University Department of Linguistics},
  year      = {1996},
  volume    = {49},
  pages     = {91–136},
  issn      = {1937-8912},
  publisher = {Semantics and Pragmatics},
  timestamp = {2015.04.20},
}

@InCollection{Colaco2016,
  author    = {Colaço, Madalena and Matos, Gabriela},
  title     = {Explicative clauses in {Portuguese} as a case of parentheses},
  booktitle = {Romance Languages and Linguistic Theory 10: {Selected} papers from {Going} {Romance} 28, {Lisbon}},
  publisher = {John Benjamins},
  year      = {2016},
  editor    = {Carrilho, Ernestina and Fiéis, Alexandra and Lobo, Maria and Pereira, Sandra},
  pages     = {43–60},
  address   = {Amsterdam},
}

@Book{Beaver2001,
  title     = {Presupposition and assertion in dynamic semantics},
  publisher = {CSLI Publications},
  year      = {2001},
  author    = {David Beaver},
  series    = {Studies in logic, language, and information},
  address   = {Stanford, CA}
}

@Article{Zanuttini2003,
  author    = {Zanuttini, Raffaella and Portner, Paul},
  title     = {Exclamative Clauses: {At} the Syntax-Semantics Interface},
  journal   = {Language},
  year      = {2003},
  volume    = {79},
  number    = {1},
  pages     = {39–81},
  timestamp = {2015.04.20},
}

@Article{Ballesteros2000,
  author    = {{Porroche Ballesteros}, Margarita},
  title     = {Algunos aspectos del uso de \emph{que} en el español conversacional (que como introductor de oraciones “independientes”)},
  journal   = {Círculo de Lingüística Aplicada},
  year      = {2000},
  volume    = {3},
  pages     = {100–116},
  timestamp = {2015.08.12},
}

@InCollection{Brovetto2002,
  author    = {Brovetto, Claudia},
  title     = {{Spanish} clauses without complementizer},
  booktitle = {Current issues in {Romance} languages: {Selected} Proceedings from the 29th {Linguistic} {Symposium} on {Romance} {Languages} ({LSRL}-29)},
  publisher = {John Benjamins},
  year      = {2002},
  editor    = {Satterfield, Teresa and Tortora, Christina and Cresti, Diana},
  pages     = {33–46},
  location  = {Amsterdam},
  timestamp = {2015.07.09},
}

@InCollection{Maldonada1999,
  author    = {Maldonada, Concepción González},
  title     = {Discurso directo y discurso indirecto},
  booktitle = {Gramática descriptiva de la lengua española},
  publisher = {Espasa Calpe},
  year      = {1999},
  editor    = {Bosque, Ignacio and Demonte, Violeta},
  volume    = {3},
  pages     = {3549–3596},
  address   = {Madrid},
}

@InCollection{Chomsky2000,
  author    = {Chomsky, Noam},
  title     = {Minimalist Inquiries: {The} Framework},
  booktitle = {Step by Step: Essays on Minimalist Syntax in Honor of {Howard Lasnik}},
  publisher = {MIT Press},
  year      = {2000},
  editor    = {Martin, Roger and Michaels, David and Uriagereka, Juan and Keyser, Samuel Jay},
  pages     = {89–155},
  address   = {Cambridge, MA},
}

@InCollection{Chomsky2001,
  author    = {Chomsky, Noam},
  title     = {Derivation by Phase},
  booktitle = {{Ken} {Hale}: {A} Life in Language},
  publisher = {MIT Press},
  year      = {2001},
  editor    = {Kenstowicz, Michael J.},
  pages     = {1–52},
  address   = {Cambridge, MA},
}

@InCollection{Beaver2007,
  author    = {David Beaver and Henk Zeevat},
  title     = {Accommodation},
  booktitle = {Oxford Handbook of Linguistic Interfaces},
  publisher = {Oxford University Press},
  year      = {2007},
  editor    = {Gillian Ramchand and Charles Reiss},
  pages     = {502--538},
  address   = {Oxford},
}

@Article{Zanuttini2008,
  author    = {Zanuttini, Raffaella},
  title     = {Encoding the addressee in the syntax: {Evidence} from {English} imperative subjects},
  journal   = {Natural Language \& Linguistic Theory},
  year      = {2008},
  volume    = {26},
  pages     = {185–218},
  timestamp = {2015.05.20},
}

@Unpublished{Chomsky1955,
  author = {Chomsky, Noam},
  title  = {The logical structure of linguistic theory},
  note   = {Manuscript. Published in 1975 by Plenum Press, New York},
  year   = {1955},
}

@PhdThesis{Lobo2003,
  author  = {Lobo, Maria},
  title   = {Aspectos da Sintaxe das Orações Subordinadas Adverbiais do Português},
  school  = {Universidade de Lisboa},
  year    = {2003},
  address = {Lisbon},
}

@Article{Pollock1989,
  author    = {Pollock, Jean-Yves},
  title     = {Verb Movement, Universal Grammar and the Structure of {IP}},
  journal   = {Linguistic Inquiry},
  year      = {1989},
  volume    = {20},
  number    = {3},
  pages     = {365–424},
  timestamp = {2015.07.09},
}

@InCollection{Uriagereka1995,
  author    = {Uriagereka, Juan},
  title     = {An {F} position in {Western Romance}},
  booktitle = {Discourse configurational languages},
  publisher = {Oxford University Press},
  year      = {1995},
  editor    = {Kiss, Katalin},
  pages     = {153–175},
  location  = {Oxford},
  timestamp = {2015.07.09},
}

@Article{Schwarzschild1999,
  author    = {Schwarzschild, Roger},
  title     = {Givenness, Avoid {F} and Other Constraints on the Placement of Accent},
  journal   = {Natural Language Semantics},
  year      = {1999},
  volume    = {7},
  pages     = {144–177},
  timestamp = {2015.07.22},
}

@InCollection{MartinZorraquino1998,
  author    = {{Martín Zorraquino}, María Antonia},
  title     = {Los marcadores del discurso desde el punto de vista gramatical},
  booktitle = {Los marcadores del discurso: {Teoría} y análisis},
  publisher = {Arco Libros},
  year      = {1998},
  editor    = {{Martín Zorraquino}, María Antonia},
  pages     = {19–54},
  address   = {Madrid},
  timestamp = {2015.07.22},
}

@PhdThesis{Abney1987,
  author  = {Abney, Steven Paul},
  title   = {The {English} Noun Phrase in its Sentential Aspect},
  school  = {MIT},
  year    = {1987},
  address = {Cambridge, MA},
}

@Article{Zanuttini2012,
  author    = {Zanuttini, Raffaella and Pak, Miok and Portner, Paul},
  title     = {A syntactic analysis of interpretive restrictions on imperative, promissive, and exhortative subjects},
  journal   = {Natural Language \& Linguistic Theory},
  year      = {2012},
  volume    = {30},
  pages     = {1231–1274},
  timestamp = {2015.05.20},
}

@Book{Levshina2015,
  title     = {How to do linguistics with {R}: {D}ata exploration and statistical analysis},
  publisher = {John Benjamins},
  year      = {2015},
  author    = {Levshina, Natalia},
  address   = {Amsterdam},
}

@PhdThesis{Villa-Garci2012a,
  author    = {Villa-García, Julio},
  title     = {The {Spanish} Complementizer System: {C}onsequences for the Syntax of Dislocations and Subjects, Locality of Movement, and Clausal Structure},
  school    = {University of Connecticut},
  year      = {2012},
  address   = {Storrs, CT}
}

@Book{Hornstein1995,
  title     = {Logical Form: {From} {GB} to Minimalism},
  publisher = {Blackwell},
  year      = {1995},
  author    = {Hornstein, Norbert},
  address   = {Oxford},
}
