@incollection{abbott1996doing,
  title={Doing without a {Partitive} {Constraint}},
  author={Abbott, Barbara},
  booktitle={Partitives: {Studies} on the Syntax and Semantics of Partitive and Related Constructions},
  editor={Hoeksema, Jacob},
  pages={25--56},
  year={1996},
  publisher={Walter de Gruyter},
  address={Berlin},
  doi={10.1515/9783110908985.25}
}

@book{acquaviva2008lexical,
  title={Lexical Plurals: {A} Morphosemantic Approach},
  author={Acquaviva, Paolo},
  year={2008},
  publisher={Oxford University Press},
  address={Oxford}
}

@article{agrillo_et-al2012evidence,
  title={Evidence for two numerical systems that are similar in humans and guppies},
  author={Agrillo, Christian and Piffer, Laura and Bisazza, Angelo and Butterworth, Brian},
  journal={{PLoS} {ONE}},
  volume={7},
  number={2},
  pages={e31923},
  year={2012},
  doi={10.1371/journal.pone.0031923}
}

@book{aikhenvald2000classifiers,
  title={Classifiers: {A} Typology of Noun Categorization Devices},
  author={Aikhenvald, Alexandra Y.},
  year={2000},
  publisher={Oxford University Press},
  address={Oxford}
}

@incollection{alexiadou2011plural,
  title={Plural mass nouns and the morpho-syntax of number},
  author={Alexiadou, Artemis},
  booktitle={{WCCFL}: {Proceedings} of the 28th {West} {Coast} {Conference} on {Formal} {Linguistics}},
  editor={Washburn, Mary Byram and McKinney-Bock, Katherine and Varis, Erika and Sawyer, Ann and Tomaszewicz, Barbara},
  pages={33--41},
  year={2011},
  address={Somerville, MA},
  publisher={Cascadilla Press}
}

@article{allan1980nouns,
  title={Nouns and countability},
  author={Allan, Keith},
  journal={Language},
  pages={541--567},
  volume={56},
  number={3},
  year={1980},
  publisher={JSTOR},
  doi={10.2307/414449}
}

@incollection{alonso-ovalle_menendez-benito2003some,
  title={Some epistemic indefinites},
  author={Alonso-Ovalle, Luis and Menéndez-Benito, Paula},
  booktitle={Proceedings of the {North} {East} {Linguistic} {Society} 33},
  editor={Kadowaki, Makoto and Kawahara, Shigeto},
  pages={1--12},
  year={2003},
  address={Amherst, MA},
  publisher={GLSA}
}

@article{anttila_fong2000partitive,
  title={The partitive constraint in {Optimality} {Theory}},
  author={Anttila, Arto and Fong, Vivienne},
  journal={Journal of Semantics},
  volume={17},
  number={4},
  pages={281--314},
  year={2000},
  publisher={Oxford University Press},
  doi={10.1093/jos/17.4.281}
}

@incollection{apresjan_et-al2006syntactically,
  author={Apresjan, Juri and Boguslavsky, Igor and Iomdin, Boris and Iomdin, Leonid and Sannikov, Andrei and Sizov, Victor},
  title={A syntactically and semantically tagged corpus of {Russian}: {State} of the art and prospects},
  booktitle={{Proceedings of the Fifth International Conference on Language Resources and Evaluation (LREC'06)}},
  editor={Calzolari, Nicoletta and Choukri, Khalid and Gangemi, Aldo and Maegaard, Bente and Mariani, Joseph and Odijk, Jan and Tapias, Daniel},
  year={2006},
  address={Genoa},
  publisher={European Language Resources Association},
  pages={1378--1381}
%  url={http://www.lrec-conf.org/proceedings/lrec2006/pdf/216_pdf.pdf}
}

@incollection{arsenijevic2017gender,
  title={Gender, like classifiers, specifies the type of partition: {Evidence} from {Serbo-Croatian}},
  author={Arsenijević, Boban},
  booktitle={{Proceedings from the Annual Meeting of the Chicago Linguistic Society 52}},
  year={2017},
  editor={Kantarovich, Jessica and Truong, Tran and Xherija, Orest},
  publisher={CLS},
  address={Chicago, IL},
  pages={21--37},
  volume={52},
  number={1}
}

@incollection{arstein_francez2003plural,
  title={Plural times and temporal modification},
  author={Artstein, Ron and Francez, Nissim},
  booktitle={{Proceedings of the 14th
Amsterdam Colloquium}},
  editor={Dekker, Paul and van Rooy, Robert},
  year={2003},
  pages={63--68},
  publisher={ILLC},
  address={Amsterdam},
  url={https://hdl.handle.net/11245/1.220817}
}

@article{asbury2007towards,
  title={Towards a typology of morphological case},
  author={Asbury, Anna},
  journal={Nordlyd},
  volume={33},
  number={1},
%  booktitle={Nordlyd 33.1: {S}pecial {I}ssue on {A}dpositions},
%  editor={Svenonius, Peter and Pantcheva, Marina},
  pages={120--148},
%  address={Troms{\o}},
%  publisher={CASTL},
  year={2007}
}

@book{asher1993reference,
  title={Reference to Abstract Objects in Discourse: {A} Philosophical Semantics for Natural Language Metaphysics},
  author={Asher, Nicholas},
  publisher={Kluwer},
  year={1993},
  address={Dordrecht}
}

@book{asher2011lexical,
  title={Lexical Meaning in Context: {A} Web of Words.},
  author={Asher, Nicholas},
  publisher={Cambridge University Press},
  year={2011},
  address={Cambridge}
}

@incollection{bach1986natural,
  title={Natural language metaphysics},
  author={Bach, Emmon},
  booktitle={{Logic, Methodology and Philosophy of Science VII: Proceedings of the Seventh International Congress of Logic, Methodology and Philosophy of Science}},
  editor={Barcan Marcus, Ruth and Dorn, Georg J. W. and Weingartner, Paul},
  pages={573--595},
  year={1986},
  publisher={Elsevier},
  address={Amsterdam}
}

@article{bach1986algebra,
  title={The algebra of events},
  author={Bach, Emmon},
  journal={Linguistics and Philosophy},
  volume={9},
  number={1},
  pages={5--16},
  year={1986},
  publisher={Springer},
  doi={10.1007/BF00627432}
}

@incollection{bach-chao2012metaphysics,
  title={The metaphysics of natural language(s)},
  author={Bach, Emmon and Chao, Wynn},
  booktitle={Philosophy of Linguistics},
  editor={Kempson, Ruth and Fernando, Tim and Asher, Nicholas},
  pages={175--196},
  year={2012},
  publisher={Elsevier},
  address={Amsterdam}
}

@article{bale_barner2009interpretation,
  title={The interpretation of functional heads: {Using} comparatives to explore the mass/count distinction},
  author={Bale, Alan and Barner, David},
  journal={Journal of Semantics},
  volume={26},
  number={3},
  pages={217--252},
  year={2009},
  publisher={Oxford University Press},
  doi={10.1093/jos/ffp003}
}

@incollection{bale_gagnon_khanjian2011crosslinguistic,
  title={Cross-linguistic representations of numerals and number marking},
  author={Bale, Alan and Gagnon, Michaël and Khanjian, Hrayr},
  booktitle={Proceedings of {Semantics} and {Linguistic} {Theory} 20},
  editor={Li, Nan and Lutz, David},
  pages={582--598},
  year={2011},
  address={Ithaca, NY},
  publisher={CLC Publications},
  doi={10.3765/salt.v20i0.2552}
}

@article{bale_coon2014classifiers,
  title={Classifiers are for numerals, not for nouns: {Consequences} for the mass/count distinction},
  author={Bale, Alan and Coon, Jessica},
  journal={Linguistic Inquiry},
  year={2014},
  publisher={MIT Press},
  volume={45},
  number={4}, 
  pages={695--707},
  doi={10.1162/LING_a_00170}
}

@article{barker1992group,
  title={Group terms in {English}: {Representing} groups as atoms},
  author={Barker, Chris},
  journal={Journal of Semantics},
  volume={9},
  number={1},
  pages={69--93},
  year={1992},
  publisher={Oxford University Press},
  doi={10.1093/jos/9.1.69}
}

@article{barker1998partitives,
  title={Partitives, double genitives and anti-uniqueness},
  author={Barker, Chris},
  journal={Natural Language \& Linguistic Theory},
  volume={16},
  number={4},
  pages={679--717},
  year={1998},
  publisher={Springer},
  doi={10.1023/A:1005917421076}
}

@article{barner_snedeker2005quantity,
  title={Quantity judgments and individuation: {Evidence} that mass nouns count},
  author={Barner, David and Snedeker, Jesse},
  journal={Cognition},
  volume={97},
  number={1},
  pages={41--66},
  year={2005},
  publisher={Elsevier},
  doi={10.1016/j.cognition.2004.06.009}
}

@article{barwise_cooper1981generalized,
  title={Generalized quantifiers and natural language},
  author={Barwise, Jon and Cooper, Robin},
  journal={Linguistics and Philosophy},
  volume={4},
  number={2},
  pages={159--219},
  year={1981},
  publisher={Springer},
  doi={10.1007/BF00350139}
}

@article{beck2000semantics,
  title={The semantics of `different': {Comparison} operator and relational adjective},
  author={Beck, Sigrid},
  journal={Linguistics and Philosophy},
  volume={23},
  number={2},
  pages={101--139},
  year={2000},
  publisher={Springer},
  doi={10.1023/A:1005566722022}
}

@article{beck2001reciprocals,
  title={Reciprocals are definites},
  author={Beck, Sigrid},
  journal={Natural Language Semantics},
  volume={9},
  number={1},
  pages={69--138},
  year={2001},
  doi={10.1023/A:1012203407127}
}

@article{beck_sauerland2000cumulation,
  title={Cumulation is needed: {A} reply to {Winter} (2000)},
  author={Beck, Sigrid and Sauerland, Uli},
  journal={Natural Language Semantics},
  volume={8},
  number={4},
  pages={349--371},
  year={2000},
  publisher={Springer},
  doi={10.1023/A:1011240827230}
}

@phdthesis{bennet1974some,
	title={Some Extensions of a {Montague} Fragment of {English}},
	author={Bennet, Michael R.},
	year={1974},
	school={University of California},
	address={Los Angeles, CA}
}

@article{bierwisch1990event,
  title={Event nominalizations: {Proposals} and problems},
  author={Bierwisch, Manfred},
  journal={Acta Linguistica Hungarica},
  volume={40},
  number={1/2},
  pages={19--84},
  year={1990},
  url={https://www.jstor.org/stable/44306682}
}

@article{bohm_et-al2016venus,
  title={The {Venus} flytrap {Dionaea} muscipula counts prey-induced action potentials to induce sodium uptake},
  journal={Current Biology},
  volume={26},
  number={3},
  pages={286--295},
  year={2016},
  author={Böhm, Jennifer and Scherzer, Sönke and Krol, Elzbieta and Kreuzer, Ines and von Meyer, Katharina and Lorey, Christian and Mueller, Thomas D. and Shabala, Lana and Monte, Isabel and Solano, Roberto and Al-Rasheid, Khaled A.S. and Rennenberg, Heinz and Shabala, Sergey and Neher, Erwin and Hedrich, Rainer},
  doi={10.1016/j.cub.2015.11.057}
}

@article{boisvert_standing_moller1999successful,
  title={Successful part-whole perception in young children using multiple-choice tests},
  author={Boisvert, Martine and Standing, Lionel and Moller, Lora},
  journal={The Journal of Genetic Psychology},
  volume={160},
  number={2},
  pages={167--180},
  year={1999},
  publisher={Taylor \& Francis},
  doi={10.1080/00221329909595390}
}

@book{borer2005name,
  title={Structuring Sense {I}: {In} Name Only},
  author={Borer, Hagit},
  year={2005},
  publisher={Oxford University Press},
  address={Oxford}
}

@book{borer2005normal,
  title={Structuring Sense {II}: {The} Normal Course of Events},
  author={Borer, Hagit},
  year={2005},
  publisher={Oxford University Press},
  address={Oxford}  
}

@incollection{bosnic2016distributivity,
  title={Distributivity and agreement mismatches in {Serbian}},
  author={Bosnić, Ana},
  booktitle={Studies in Language and Mind},
  editor={Halupka-Rešetar, Sabina and Martínez-Ferreiro, Silvia},
  pages={77--101},
  year={2016},
  publisher={Faculty of Philosophy},
  address={Novi Sad}
}

@article{boysen_et-al1996quantity,
  title={Quantity-based interference and symbolic representations in chimpanzees ({Pan} troglodytes)},
  author={Boysen, Sarah T. and Berntson, Gary G. and Hannan, Michelle B. and Cacioppo, John T.},
  journal={Journal of Experimental Psychology: Animal Behavior Processes},
  volume={22},
  number={1},
  pages={76--86},
  year={1996},
  doi={10.1037/0097-7403.22.1.76}
}

@incollection{brasoveanu2008sentence,
  title={Sentence-internal readings of `same'/`different' as quantifier-internal anaphora},
  author={Brasoveanu, Adrian},
  booktitle={{WCCFL} 27: {Proceedings} of the 27th {West} {Coast} {Conference} on {Formal} {Linguistics}},
  editor={Abner, Natasha and Bishop, Jason},
  pages={72--80},
  year={2008},
  address={Somerville, MA},
  publisher={Cascadilla Press}
}

@article{brasoveanu2012modified,
  title={Modified numerals as post-suppositions},
  author={Brasoveanu, Adrian},
  journal={Journal of Semantics},
  volume={30},
  number={2},
  pages={155--209},
  year={2012},
  publisher={Oxford University Press},
  doi={10.1093/jos/ffs003}
}

@incollection{breheny2005some,
  title={Some scalar implicatures really aren't quantitiy implicatures--but `some's are},
  author={Breheny, Richard},
  booktitle={Proceedings of {Sinn} und {Bedeutung} 9},
  editor={Maier, Emar and Bary, Corien and Huitink, Janneke},
  address={Nijmegen},
  publisher={Nijmegen Centre of Semantics},
  pages={57--71},
  year={2005},
  doi={10.18148/sub/2005.v9i0.718}
}

@phdthesis{brisson1998distributivity,
  title={Distributivity, Maximality, and Floating Quantifiers},
  author={Brisson, Christine},
  year={1998},
  school={Rutgers University},
  address={New Brunswick, NJ}
}

@book{brunet1978grammaire,
  title={Grammaire critique de l'italien},
  author={Brunet, Jacqueline},
  year={1978},
  publisher={Presses universitaires de Vincennes},
  address={Saint-Denis}
}

@book{bultinck2005numerous,
  title={Numerous Meanings: {The} Meaning of {English} Cardinals and the Legacy of {Paul} {Grice}},
  author={Bultinck, Bert},
  year={2005},
  publisher={Elsevier},
  address={Amsterdam}
}

@book{bunt1985mass,
  title={Mass Terms and Model-theoretic Semantics},
  author={Bunt, Harry C.},
  year={1985},
  address={Cambridge},
  publisher={Cambridge University Press}
}

@article{cable2014distributive,
  title={Distributive numerals and distance distributivity in {Tlingit} (and beyond)},
  author={Cable, Seth},
  journal={Language},
  volume={90},
  number={3},
  pages={562--606},
  year={2014},
  publisher={Linguistic Society of America},
  doi={10.1353/lan.2014.0055}
}

@article{cantlon_et-al2006functional,
  title={Functional imaging of numerical processing in adults and 4-y-old children},
  author={Cantlon, Jessica F. and Brannon, Elizabeth M. and Carter, Elizabeth J. and Pelphrey, Kevin A.},
  journal={{PLoS} {BIOLOGY}},
  volume={4},
  number={5},
  pages={e125},
  year={2006},
  doi={10.1371/journal.pbio.0040125}
}

@article{capaldi_miller1988counting,
  title={Counting in rats: {Its} functional significance and the independent cognitive processes that constitute it},
  author={Capaldi, E. John and Miller, Daniel J.},
  journal={Journal of Experimental Psychology: {Animal} Behavior Processes},
  volume={14},
  number={1},
  pages={3--17},
  year={1988},
  doi={10.1037/0097-7403.14.1.3}
}

@book{carey1985conceptual,
  title={Conceptual Change in Childhood},
  author={Carey, Susan},
  year={1985},
  publisher={MIT Press},
  address={Cambridge, MA}
}

@article{carey1998knowledge,
  title={Knowledge of number: {Its} evolution and ontogeny},
  author={Carey, Susan},
  journal={Science},
  volume={282},
  number={5389},
  pages={641--642},
  year={1998},
  doi={10.1126/science.282.5389.641}
}

@book{carey2009origin,
  title={The Origin of Concepts},
  author={Carey, Susan},
  year={2009},
  address={New York, NY},
  publisher={Oxford University Press}
}

@article{carey_spelke1996science,
  title={Science and core knowledge},
  author={Carey, Susan and Spelke, Elizabeth},
  journal={Philosophy of Science},
  volume={63},
  number={4},
  pages={515--533},
  year={1996},
  doi={10.1086/289971}
}

@phdthesis{carlson1977reference,
  title={Reference to kinds in {English}},
  school={University of Massachusetts},
  author={Carlson, Gregory N.},
  year={1977},
  address={Amherst, MA}
}

@book{carlson1980reference,
  title={Reference to Kinds in {English}},
  author={Carlson, Gregory N.},
  address={New York, NY},
  publisher={Garland Publishing},
  year={1980}
}

@article{carlson1984thematic,
  title={Thematic roles and their role in semantic interpretation},
  author={Carlson, Gregory N.},
  journal={Linguistics},
  volume={22},
  number={3},
  pages={259--279},
  year={1984},
  doi={10.1515/ling.1984.22.3.259}
}

@article{carlson1987same,
  title={Same and different: {Some} consequences for syntax and semantics},
  author={Carlson, Gregory N.},
  journal={Linguistics and Philosophy},
  volume={10},
  number={4},
  pages={531--565},
  year={1987},
  publisher={Springer},
  doi={10.1007/BF00628069}
}

@book{casati_varzi1999parts,
  title={Parts and Places: {The} Structures of Spatial Representation},
  author={Casati, Roberto and Varzi, Achille C.},
  year={1999},
  address={Cambridge, MA},
  publisher={MIT Press}
}

@phdthesis{champollion2010parts,
  title={Parts of a Whole: {Distributivity} as a Bridge between Aspect and Measurement},
  author={Champollion, Lucas},
  school={University of Pennsylvania},
  year={2010},
  address={Philadelphia, PA}
}

@misc{champollion2012linguistic,
  title={Linguistic applications of mereology},
  author={Champollion, Lucas},
  year={2012},
  howpublished={Script to the 24th European Summer School in Logic, Language and Information ESSLLI 2012 course. 13th--17th August 2012. Opole, Poland},
  url={http://champollion.com/wp-content/uploads/2018/07/champollion_esslli2012.pdf}
}

@incollection{champollion2012each,
  author={Champollion, Lucas},
  editor={Aloni, Maria and Kimmelman, Vadim and Roelofsen, Floris and Sassoon, Galit W. and Schulz, Katrin and Westera, Matthijs},
  title={{`Each'} vs. `jeweils': {A} cover-based view on distance distributivity},
  booktitle={Logic, Language and Meaning},
  year={2012},
  publisher={Springer},
  address={Berlin},
  pages={251--260},
}

@book{champollion2017parts,
  title={Parts of a Whole: {Distributivity} as a Bridge between Aspect and Measurement},
  author={Champollion, Lucas},
  year={2017},
  address={Oxford},
  publisher={Oxford University Press}
}

@incollection{champollion_krifka2016mereology,
  title={Mereology},
  author={Champollion, Lucas and Krifka, Manfred},
  booktitle={Cambridge Handbook of Formal Semantics},
  editor={Aloni, Maria and Dekker, Paul},
  address={Cambridge},
  publisher={Cambridge University Press},
  year={2016},
  pages={369--388}
}

@incollection{cheng1973comments,
  title={Comments on {Moravcsik's} paper},
  author={Cheng, Chung-Ying},
  booktitle={Approaches to Natural Language},
  editor={Hintikka, Jaakko and Moravcsik, Julius and Suppes, Patrick},
  pages={286--288},
  year={1973},
  publisher={Reidel},
  address={Dordrecht}
}

@article{chierchia1998reference,
  title={Reference to kinds across languages},
  author={Chierchia, Gennaro},
  journal={Natural Language Semantics},
  volume={6},
  number={4},
  pages={339--405},
  year={1998},
  publisher={Springer},
  doi={10.1023/A:1008324218506}
}

@incollection{chierchia1998plurality,
  title={Plurality of mass nouns and the notion of `semantic parameter'},
  author={Chierchia, Gennaro},
  booktitle={Events and Grammar},
  editor={Rothstein, Susan},
  pages={53--103},
  year={1998},
  address={Dordrecht},
  publisher={Kluwer}
}

@article{chierchia2010mass,
  title={Mass nouns, vagueness and semantic variation},
  author={Chierchia, Gennaro},
  journal={Synthese},
  volume={174},
  number={1},
  pages={99--149},
  year={2010},
  publisher={Springer},
  doi={10.1007/s11229-009-9686-6}
}

@incollection{chierchia2015universal,
  title={How universal is the mass/count distinction? {Three} grammars of counting},
  author={Chierchia, Gennaro},
  booktitle={Chinese Syntax: {A} Cross-Linguistic Perspective},
  editor={Li, Yen-hui Audrey and Simpson, Andrew and Tsai, Wei-Tien Dylan},
  pages={147--177},
  year={2015},
  publisher={Oxford University Press},
  address={Oxford}
}

@book{chomsky2000new,
  title={New Horizons in the Study of Language and Mind},
  author={Chomsky, Noam},
  year={2000},
  address={Cambridge},
  publisher={Cambridge University Press}
}

@incollection{clark1973space,
  title={Space, time, semantics, and the child},
  author={Clark, Herbert H.},
  booktitle={Cognitive Development and Acquisition of Language},
  editor={Moore, Timothy E.},
  pages={27--63},
  year={1973},
  publisher={Academic Press},
  address={New York, NY}
}

@article{clarke1981calculus,
  title={A calculus of individuals based on `connection'},
  author={Clarke, Bowman L},
  journal={Notre Dame Journal of Formal Logic},
  volume={22},
  pages={204--218},
  year={1981},
  doi={10.1305/ndjfl/1093883455}
}

@phdthesis{cleven2013syntax,
  title={Syntax and Semantics of the Faded Partitive Construction in {Dutch}},
  author={Cleven, Cyril},
  year={2013},
  school={Radboud University},
  address={Nijmegen}
}

@book{corbett2000number,
  address={Cambridge},
  author={Corbett, Greville G.},
  publisher={Cambridge University Press},
  title={Number},
  year={2000}
}

@article{cresswell1985review,
  title={Review of {Landman} and {Veltman} (eds.), 1984, `{Varieties} of Formal Semantics'},
  author={Cresswell, Max},
  journal={Linguistics},
  volume={23},
  number={4},
  year={1985},
  pages={626--634},
  doi={10.1515/ling.1985.23.4.625}
}

@book{cruse1986lexical,
  title={Lexical Semantics},
  author={Cruse, D. Alan},
  year={1986},
  publisher={Cambridge University Press},
  address={Cambridge}
}

@article{dalrymple1998reciprocal,
  title={Reciprocal expressions and the concept of reciprocity},
  author={Dalrymple, Mary and Kanazawa, Makoto and Kim, Yookyung and Mchombo, Sam and Peters, Stanley},
  journal={Linguistics and Philosophy},
  volume={21},
  number={2},
  pages={159--210},
  year={1998},
  doi={10.1023/A:1005330227480}
}

@incollection{davidson1967logical,
  title={The logical form of action sentences},
  author={Davidson, Donald},
  booktitle={The Logic of Decision and Action},
  editor={Rescher, Nicholas},
  year={1967},
  address={Pittsburgh},
  publisher={University of Pittsburgh Press},
  pages={81--95}
}

@article{davidson1987knowing,
  author={Davidson, Donald},
  journal={Proceedings and Addresses of the American Philosophical Association},
  number={3},
  pages={441--458},
  title={Knowing one's own mind},
  volume={60},
  year={1987},
  doi={10.2307/3131782}
}

@article{davies2009coca,
  author={Davies, Mark},
  journal={International Journal of Corpus Linguistics},
  title={The 385+ million word {Corpus} of {Contemporary} {American} {English} (1990–2008+): {Design}, architecture, and linguistic insights},
  year={2009},
  number={2},
  pages={159-190},
  volume={14},
  doi={10.1075/ijcl.14.2.02dav}
}

@article{davis_perusse1988numerical,
  title={Numerical competence in animals: {Definitional} issues, current evidence, and a new research agenda},
  author={Davis, Hank and Pérusse, Rachelle},
  journal={Behavioral and Brain Sciences},
  volume={11},
  number={4},
  pages={561--579},
  year={1988},
  doi={10.1017/S0140525X00053437}
}

@article{deal2017countability,
  title={Countability distinctions and semantic variation},
  author={Deal, Amy Rose},
  journal={Natural Language Semantics},
  volume={25},
  number={2},
  pages={125--171},
  year={2017},
  doi={10.1007/s11050-017-9132-0}
}

@book{dehaene1997number,
  title={The Number Sense: {How} the Mind Creates Mathematics},
  author={Dehaene, Stanislas},
  year={1997},
  publisher={Oxford University Press},
  address={Oxford}
}

@incollection{docekal2013numerals,
  address={Frankfurt am Main},
  title={What do we count with numerals? {Semantic} analysis of {Czech} group-denoting and kind-denoting {NPs}},
  author={Dočekal, Mojmír},
  booktitle={Formal {Description} of {Slavic} {Languages}: {The} Ninth Conference. {Proceedings} of {FDSL} 9, {Göttingen} 2011},
  pages={87--105},
  year={2013},
  publisher={Peter Lang},
  editor={Junghanns, Uwe and Fehrmann, Dorothee and Lenertová, Denisa and Pitsch, Hagen}
}

@article{docekal2012atoms,
  title={Atoms, groups and kinds in {Czech}},
  author={Dočekal, Mojmír},
  journal={Acta Linguistica Hungarica: An International Journal of Linguistics},
  volume={59},
  number={1--2},
  pages={109--126},
  year={2012},
  doi={10.1556/aling.59.2012.1-2.5}
}

@misc{docekal_wagiel2018decomposing,
  author={Dočekal, Mojmír and Wągiel, Marcin},
  title={Decomposing derived collectives in {West} {Slavic}: {Experimental} evidence from {Czech} and {Polish}},
  year={2018},
  howpublished={Paper presented at Co-distributivity Workshop. 22nd--23rd February 2018. CNRS, Paris}
}

@incollection{docekal_wagiel2018event,
  title={Event and degree numerals: {Evidence} from {Czech}},
  author={Dočekal, Mojmír and Wągiel, Marcin},
  booktitle={Advances in Formal {Slavic} Linguistics 2016},
  editor={Lenertová, Denisa and Meyer, Roland and Šimík, Radek and Szucsich, Luka},
  year={2018},
  pages={77--108},
  publisher={Language Science Press},
  address={Berlin},
  doi={10.5281/zenodo.2554021}
}

@book{dotlacil2010anaphora,
  title={Anaphora and Distributivity: {A} Study of `same', `different', Reciprocals and `others'},
  author={Dotlačil, Jakub},
  year={2010},
  address={Utrecht},
  publisher={LOT}
}

@incollection{dotlacil2012binominal,
  title={Binominal `each' as an anaphoric determiner: {Compositional} analysis},
  author={Dotlačil, Jakub},
  booktitle={Proceedings of {Sinn} und {Bedeutung} 16},
  editor={Aguilar Guevara, Ana and Chernilovskaya, Anna and Nouwen, Rick},
  pages={211--224},
  year={2012},
  publisher={MIT Working Papers in Linguistics},
  address={Cambridge, MA},
  url={http://mitwpl.mit.edu/open/sub16/Dotlacil.pdf}
}

@article{dotlacil_nouwen2016comparative,
  title={The comparative and degree pluralities},
  author={Dotlačil, Jakub and Nouwen, Rick},
  journal={Natural Language Semantics},
  volume={24},
  number={1},
  pages={45--78},
  year={2016},
  publisher={Springer},
  doi={10.1007/s11050-015-9119-7}
}

@article{dougherty1970grammar,
  title={A grammar of coordinate conjoined structures: {I}},
  author={Dougherty, Ray C.},
  journal={Language},
  pages={850--898},
  year={1970},
  volume={46},
  number={4},
  doi={10.2307/412260}
}

@incollection{dowty1987collective,
  title={Collective predicates, distributive predicates and `all'},
  author={Dowty, David},
  booktitle={Proceedings of the 1986 {Eastern} {States} {Conference} on {Linguistics}},
  editor={Marshall, Fred},
  pages={97--115},
  year={1987},
  publisher={Ohio State University Ohio},
  address={Columbus}
}

@incollection{dowty1989semantic,
  title={On the semantic content of the notion of `thematic role'},
  author={Dowty, David},
  booktitle={Properties, Types and Meaning},
  editor={Partee, Barbara and Chierchia, Gennaro and Turner, Raymond},
  pages={69--129},
  year={1989},
  publisher={Kluwer},
  address={Dordrecht}
}

@article{dowty1991thematic,
  title={Thematic proto-roles and argument selection},
  author={Dowty, David},
  journal={Language},
  volume={67},
  number={3},
  pages={547--619},
  year={1991},
  doi={10.2307/415037}
}

@book{durrell1996hammers,
  title={Hammer's {German} Grammar and Usage},
  author={Durrell, Martin},
  address={London},
  publisher={Arnold},
  year={1996}
}

@book{eberle2012nominalistic,
  title={Nominalistic systems},
  author={Eberle, Rolf A.},
  year={1970},
  publisher={Reidel},
  address={Dordrecht}
}

@article{elkind_koegler_go1964studies,
  title={Studies in perceptual development: {II}. {Part-whole} perception},
  author={Elkind, David and Koegler, Ronald R. and Go, Elsie},
  journal={Child Development},
  volume={35},
  number={1},
  pages={81--90},
  year={1964},
  publisher={JSTOR},
  doi={10.2307/1126573}
}

@article{fassi_fehri2016semantic,
  title={Semantic gender diversity and its architecture in the grammar of {Arabic}},
  author={Fassi Fehri, Abdelkader},
  journal={Brill's Journal of Afroasiatic Languages and Linguistics},
  volume={8},
  number={1},
  pages={154--199},
  year={2016},
  publisher={Brill},
  doi={10.1163/18776930-00801007}
}

@book{fassi_fehri2018constructing,
  title={Constructing Feminine to Mean: {Gender}, Number, Numeral, and Quantifier Extensions in {Arabic}},
  author={Fassi Fehri, Abdelkader},
  year={2018},
  publisher={Rowman \& Littlefield},
  address={Lanham}
}

@article{feigenson_et-al2004core,
  title={Core systems of number},
  author={Feigenson, Lisa and Dehaene, Stanislas and Spelke, Elizabeth},
  journal={Trends in Cognitive Sciences},
  volume={8},
  number={7},
  pages={307--314},
  year={2004},
  doi={10.1016/j.tics.2004.05.002}
}

@article{fiengo_lasnik1973logical,
  title={The logical structure of reciprocal sentences in {English}},
  author={Fiengo, Robert and Lasnik, Howard},
  journal={Foundations of Language},
  volume={9},
  number={4},
  pages={447--468},
  year={1973},
  doi={10.1007/978-94-009-2542-7_2}
}

@book{filip1999aspect,
  title={Aspect, Eventuality Types, and Nominal Reference},
  author={Filip, Hana},
  year={1999},
  publisher={Garland Press},
  address={New York, NY}
}

@article{franks1994parametric,
  title={Parametric properties of numeral phrases in {Slavic}},
  author={Franks, Steven},
  journal={Natural Language \& Linguistic Theory},
  volume={12},
  number={4},
  pages={597--674},
  year={1994},
  publisher={Springer},
  doi={10.1007/BF00992929}
}

@book{franks1995parameters,
  title={Parameters of {Slavic} Morphosyntax},
  author={Franks, Steven},
  year={1995},
  publisher={Oxford University Press},
  address={Oxford}
}

@article{frechet1906quelques,
  title={Sur quelques points du calcul fonctionnel},
  author={Fréchet, Maurice},
  journal={Rendiconti del Circolo Matematico di Palermo},
  volume={22},
  number={1},
  pages={1--72},
  year={1906}
}

@book{frege1884grundlagen,
  title={Die {Grundlagen} der {Arithmetik}},
  author={Frege, Gottlob},
  address={Breslau},
  publisher={Wilhelm Koebner},
  year={1884}
}

@book{fuson1988springer,
  title={Children's Counting and Concepts of Number},
  author={Fuson, Karen C.},
  year={1988},
  publisher={Springer-Verlag},
  address={New York, NY}
}

@article{gallistel1989animal,
  title={Animal cognition: {The} representation of space, time and number},
  author={Gallistel, Charles R.},
  journal={Annual Review of Psychology},
  volume={40},
  number={1},
  pages={155--189},
  year={1989},
  doi={10.1146/annurev.ps.40.020189.001103}
}

@book{gelman_gallistel1978child,
  title={The Child's Understanding of Number},
  author={Gelman, Rochel and Gallistel, Charles R.},
  year={1978},
  publisher={Harvard University Press},
  address={Cambridge, MA}
}

@article{gelman_meck_merkin1986young,
  title={Young children's numerical competence},
  author={Gelman, Rochel and Meck, Elizabeth and Merkin, Susan},
  journal={Cognitive Development},
  volume={1},
  number={1},
  pages={1--29},
  year={1986},
  doi={10.1016/S0885-2014(86)80021-1}
}

@article{gelman_meck1983preschoolers,
  title={Preschoolers' counting: {Principles} before skill},
  author={Gelman, Rochel and Meck, Elizabeth},
  journal={Cognition},
  volume={13},
  number={3},
  pages={343--359},
  year={1983},
  doi={10.1016/0010-0277(83)90014-8}
}

@incollection{geurts1998scalars,
  title={Scalars},
  author={Geurts, Bart},
  booktitle={Lexikalische {Semantik} aus kognitiver {Sicht}},
  editor={Ludewig, Petra and Geurts, Bart},
  pages={85--117},
  year={1998},
  publisher={Gunter Narr},
  address={Tübingen}
}

@incollection{geurts2006take,
  title={Take `five': {The} meaning and use of a number word},
  author={Geurts, Bart},
  booktitle={Non-definiteness and Plurality},
  editor={Vogeleer, Svetlana and Tasmowski, Liliane},
  pages={311--329},
  year={2006},
  publisher={John Benjamins},
  address={Amsterdam}
}

@phdthesis{gil2002distributive,
  title={Distributive Numerals},
  author={Gil, David},
  year={2002},
  school={University of California},
  address={Los Angeles, CA}
}

@incollection{gil2013numeral,
  address={Leipzig},
  author={Gil, David},
  booktitle={The {World} {Atlas} of {Languag}e {Structures} Online},
  editor={Dryer, Matthew S. and Haspelmath, Martin},
  publisher={Max Planck Institute for Evolutionary Anthropology},
  title={Numeral Classifiers},
  url={http://wals.info/chapter/55},
  year={2013}
}

@article{gillon1987readings,
  title={The readings of plural noun phrases in {English}},
  author={Gillon, Brendan S.},
  journal={Linguistics and Philosophy},
  volume={10},
  number={2},
  pages={199--219},
  year={1987},
  publisher={Springer},
  doi={10.1007/BF00584318}
}

@article{gillon1992towards,
  title={Towards a common semantics for {English} count and mass nouns},
  author={Gillon, Brendan S.},
  journal={Linguistics and Philosophy},
  volume={15},
  number={6},
  pages={597--639},
  year={1992},
  publisher={Springer},
  doi={10.1007/BF00628112}
}

@book{goodman1951structure,
  title={The Structure of Appearance},
  author={Goodman, Nelson},
  year={1951},
  publisher={Harvard University Press},
  address={Cambridge, MA}
}

@phdthesis{gorgulu2012semantics,
  title={Semantics of Nouns and the Specification of Number in {Turkish}},
  author={Görgülü, Emrah},
  year={2012},
  school={Simon Fraser University},
  address={Burnaby}
}

@article{greenberg1972numeral,
  title={Numeral classifiers and substantival number: {Problems} in the genesis of a linguistic type},
  author={Greenberg, Joseph H.},
  journal={Working Papers on Language Universals},
  volume={9},
  year={1972},
  pages={1--39}
}

@incollection{grimm2012degrees,
  title={Degrees of countability: {A} mereotopological approach to the mass/count distinction},
  author={Grimm, Scott},
  booktitle={Proceedings of {Semantics} and {Linguistic} {Theory} 22},
  editor={Chereches, Anca},
  pages={584--603},
  address={Ithaca, NY},
  publisher={CLC Publications},
  year={2012},
  doi={10.3765/salt.v22i0.2633}
}

@phdthesis{grimm2012number,
  title={Number and Individuation},
  author={Grimm, Scott},
  school={Stanford University},
  address={Stanford, CA},
  year={2012}
}

@incollection{grimm2013plurality,
  title={Plurality is distinct from number neutrality},
  author={Grimm, Scott},
  booktitle={Proceedings of the 41st {Annual} {Meeting} of the {North} {East} {Linguistic} {Society}},
  editor={Fainleib, Lena and LaCara, Nick and Park, Yangsook},
  year={2013},
  pages={247--258},
  address={Amherst, MA},
  publisher={University of Massachusetts}
}

@incollection{grimm2014individuating,
  title={Individuating the abstract},
  author={Grimm, Scott},
  booktitle={Proceedings of {Sinn} und {Bedeutung} 18},
  editor={Etxeberria, Urtzi and Fălăuş, Anamaria and Irurtzun, Aritz and Leferman, Bryan},
  pages={182--200},
  year={2014},
  publisher={University of the Basque Country},
  address={Vitoria-Gasteiz},
  url={https://semanticsarchive.net/sub2013/SeparateArticles/Grimm.pdf}
}

@incollection{grimm_levin2017artifacts,
  title={Artifact nouns: {Reference} and countability},
  author={Grimm, Scott and Levin, Beth},
  booktitle={{Proceedings of the 47th Annual Meeting of North East Linguistic Society (NELS 47)}},
  editor={Lamont, Andrew and Tetzloff, Katerina},
  volume={2},
  pages={55--64},
  publisher={GLSA},
  address={Amherst, MA},
  year={2017}
}

@incollection{grimm_docekal-toappear-counting,
  address={Cambridge},
  author={Grimm, Scott and Dočekal, Mojmír},
  booktitle={Countability in Natural Language},
  editor={Filip, Hana},
  publisher={Cambridge University Press},
  title={Counting aggregates, groups and kinds: {Countability} from the perspective of a morphologically complex language},
  year={2021},
  pages={85--102}
}

@book{grimshaw1990argument,
  title={Argument Structure},
  author={Grimshaw, Jane},
  year={1990},
  publisher={MIT Press},
  address={Cambridge, MA}
}

@incollection{grimshaw2011deverbal,
  title={Deverbal nominalization},
  author={Grimshaw, Jane},
  booktitle={Semantics: {An} International Handbook of Natural Language Meaning},
  editor={Maienborn, Claudia and von Heusinger, Klaus and Portner, Paul},
  volume={2},
  pages={1292--1313},
  year={2011},
  address={Berlin},
  publisher={De Gruyter Mouton}
}

@article{hall1956plurale,
  title={Il plurale italiano in `-a': un duale mancato?},
  author={Hall, Robert A.},
  journal={Italica},
  volume={33},
  number={2},
  pages={140--142},
  year={1956}
}

@article{hansen_markman2009children,
  title={Children's use of mutual exclusivity to learn labels for parts of objects},
  author={Hansen, Mikkel B. and Markman, Ellen M.},
  journal={Developmental Psychology},
  volume={45},
  number={2},
  pages={592--596},
  year={2009},
  publisher={American Psychological Association},
  doi={10.1037/a0014838}
}

@incollection{harves2003getting,
  title={Getting impersonal: {Case}, agreement, and distributive \textit{po}-phrases in {Russian}},
  author={Harves, Stephanie},
  booktitle={Formal {Approaches} to {Slavic} {Linguistics} 11: {The} {Amherst} Meeting 2002},
  editor={Browne, Wayles},
  pages={235--254},
  year={2003},
  publisher={Michigan Slavic Publications},
  address={Ann Arbor, MI}
}

@incollection{haslinger_schmitt-toappear-distinguishing,
  title={Distinguishing belief objects},
  author={Haslinger, Nina and Schmitt, Viola},
  booktitle={Formal approaches to number in {Slavic} and beyond},
  editor = {Dočekal, Mojmír and Wągiel, Marcin},
  year={2021},
  publisher={Language Science Press},
  address={Berlin},
  pages={251--274},
  doi={10.5281/zenodo.5082470}
}

@book{hausdorff1914grundzuge,
  title={Grundzüge der {Mengenlehre}},
  author={Hausdorff, Felix},
  year={1914},
  address={Leipzig},
  publisher={Veit \& Comp.}
}

@article{hauser_carey2003spontaneous,
  title={Spontaneous representations of small numbers of objects by rhesus macaques: {Examinations} of content and format},
  author={Hauser, Marc D. and Carey, Susan},
  journal={Cognitive Psychology},
  volume={47},
  number={4},
  pages={367--401},
  year={2003},
  doi={10.1016/s0010-0285(03)00050-1}
}

@article{hauser_spaulding2006wild,
  title={Wild rhesus monkeys generate causal inferences about possible and impossible physical transformations in the absence of experience},
  author={Hauser, Marc D. and Spaulding, Bailey},
  journal={Proceedings of the National Academy of Sciences},
  volume={103},
  number={18},
  pages={7181--7185},
  year={2006},
  doi={10.1073/pnas.0601247103}
}

@phdthesis{hausser1974quantification,
	title={Quantification in an Extended {Montague} Grammar},
	author={Hausser, Roland},
	year={1974},
	school={University of Texas},
	address={Austin, TX}
}

@misc{heim1985notes,
  title={Notes on comparatives and related matters},
  author={Heim, Irene},
  year={1985},
  howpublished={Unpublished manuscript. University of Texas, Austin, TX},
  url={https://semanticsarchive.net/Archive/zc0ZjY0M/Comparatives 85.pdf}
}

@article{henderson2017swarms,
  title={Swarms: {Spatiotemporal} grouping across domains},
  author={Henderson, Robert},
  journal={Natural Language \& Linguistic Theory},
  volume={35},
  number={1},
  pages={161--203},
  year={2017},
  publisher={Springer},
  doi={10.1007/s11049-016-9334-z}
}

@article{herskovits1985semantics,
  title={Semantics and pragmatics of locative expressions},
  author={Herskovits, Annette},
  journal={Cognitive Science},
  volume={9},
  number={3},
  pages={341--378},
  year={1985},
  publisher={Elsevier},
  doi={10.1207/s15516709cog0903_3}
}

@article{heycock_zamparelli2003coordinated,
 author={Heycock, Caroline and Zamparelli, Roberto},
 journal={Linguistic Inquiry},
 volume={34},
 number={3},
 pages={443--469},
 title={Coordinated bare definites},
 year={2003},
 doi={10.1162/002438903322247551}
}

@incollection{hoeing1997phrase,
  title={The phrase structure of partitives in {High} {German}},
  author={Hoeing, Robert G.},
  booktitle={Insights in {Germanic} Linguistics: {Classic} and Contemporary},
  editor={Rauch, Irmengard and Carr, Gerald F.},
  pages={87--98},
  year={1997},
  publisher={Mouton de Gruyter},
  address={Berlin}
}

@incollection{hoeksema1983plurality,
  title={Plurality and conjunction},
  author={Hoeksema, Jack},
  booktitle={Studies in Modeltheoretic Semantics},
  editor={ter Meulen, Alice G.B.},
  pages={63--83},
  address={Dordrecht},
  publisher={Foris Publications},
  year={1983}
}

@incollection{hoeksema1996introduction,
  title={Introduction},
  author={Hoeksema, Jacob},
  booktitle={Partitives: {Studies} on the Syntax and Semantics of Partitive and Related Constructions},
  editor={Hoeksema, Jacob},
  pages={1--24},
  year={1996},
  publisher={Walter de Gruyter},
  address={Berlin}
}

@incollection{hofherr_etxeberria2017distributive,
  title={Distributive numerals in {Basque}},
  author={Hofherr, Patricia Cabredo and Etxeberria, Urtzi},
  booktitle={Proceedings of the 21st {Amsterdam} {Colloquium}},
  editor={Cremers, Alexandre and van Gessel, Thom and Roelofsen, Floris},
  url={https://semanticsarchive.net/Archive/jZiM2FhZ/AC2017-Proceedings.pdf},
  year={2017},
  pages={185--194},
  address={Amsterdam},
  publisher={ILLC}
}

@article{hofweber2005number,
  title={Number determiners, numbers, and arithmetic},
  author={Hofweber, Thomas},
  journal={The Philosophical Review},
  volume={114},
  number={2},
  pages={179--225},
  year={2005},
  publisher={JSTOR},
  doi={10.1215/00318108-114-2-179}
}

@article{hollich_golinkoff_hirsh-pasek2007young,
  title={Young children associate novel words with complex objects rather than salient parts},
  author={Hollich, George and Golinkoff, Roberta M. and Hirsh-Pasek, Kathy},
  journal={Developmental Psychology},
  volume={43},
  number={5},
  pages={1051--1061},
  year={2007},
  publisher={American Psychological Association},
  doi={10.1037/0012-1649.43.5.1051}
}

@article{de_hoop1997semantic,
  title={A semantic reanalysis of the partitive constraint},
  author={de Hoop, Helen},
  journal={Lingua},
  volume={103},
  number={2-3},
  pages={151--174},
  year={1997},
  doi={10.1016/S0024-3841(97)00018-1}
}

@incollection{de_hoop2003partitivity,
  title={Partitivity},
  author={de Hoop, Helen},
  booktitle={The Second {Glot} International State-of-the-Article Book: {The} Latest in Linguistics},
  editor={Cheng, Lisa and Sybesma, Rint},
  pages={179--212},
  year={2003},
  publisher={Mouton de Gruyter},
  address={Berlin}
}

@phdthesis{horn1972semantic,
  title={On the Semantic Properties of the Logical Operators in {English}},
  author={Horn, Laurence R.},
  year={1972},
  school={University of California},
  address={Los Angeles, CA}
}

@incollection{horn1992said,
  title={The said and the unsaid},
  author={Horn, Laurence R.},
  booktitle={Proceedings of {Semantics} and {Linguistic} {Theory} 2},
  editor={Barker, Chris and Dowty, David},
  pages={163--192},
  year={1992},
  address={Columbus, OH},
  publisher={Ohio State University},
  doi={10.3765/salt.v2i0.3039}
}

@article{hovda2009classical,
  title={What is classical mereology?},
  author={Hovda, Paul},
  journal={Journal of Philosophical Logic},
  volume={38},
  number={1},
  pages={55--82},
  year={2009},
  publisher={Springer},
  doi={10.1007/s10992-008-9092-4}
}

@book{hsieh2008internal,
  title={The Internal Structure of Noun Phrases in {Chinese}},
  author={Hsieh, Miao-Ling},
  year={2008},
  publisher={Crane Publishing Company},
  address={Taipei}
}

@book{huddleston_pullum2002cambridge,
  title={The {Cambridge} Grammar of the {English} Language},
  author={Huddleston, Rodney and Pullum, Geoffrey K.},
  address={Cambridge},
  publisher={Cambridge University Press},
  year={2002}
}

@incollection{hurford1998interaction,
  title={The interaction between numerals and nouns},
  author={Hurford, James R.},
  booktitle={Noun Phrase Structure in the Languages of {Europe}},
  editor={Plank, Frans},
  year={1998},
  publisher={Mouton de Gruyter},
  address={Berlin},
  pages={561--620}
}

@article{hurford2001languages,
  title={Languages treat 1--4 specially},
  author={Hurford, James R.},
  journal={Mind \& Language},
  volume={16},
  number={1},
  pages={69--75},
  year={2001},
  doi={10.1111/1468-0017.00157}
}

@article{hyde2011two,
  title={Two systems of non-symbolic numerical cognition},
  author={Hyde, Daniel C.},
  journal={Frontiers in Human Neuroscience},
  volume={5},
  pages={1--8},
  year={2011},
  doi={10.3389/fnhum.2011.00150}
}

@incollection{igel-toappear-part,
  title={Part-whole-modifiers and the *-operator},
  author={Igel, Moritz},
  booktitle={Proceedings of {Sinn} und {Bedeutung} 25},
  editor={Martí, Luisa and Pearson, Hazel and Sudo, Yasutada},
  year={to appear},
  publisher={University College London and Queen Mary University of London},
  address={London}
}

@article{imai_gentner1997crosslinguistic,
  title={A cross-linguistic study of early word meaning: {Universal} ontology and linguistic influence},
  author={Imai, Mutsumi and Gentner, Dedre},
  journal={Cognition},
  volume={62},
  number={2},
  pages={169--200},
  year={1997},
  publisher={Elsevier},
  doi={10.1016/s0010-0277(96)00784-6}
}

@incollection{ionin_matushansky2006singular,
  title={A singular plural},
  author={Ionin, Tania and Matushansky, Ora},
  booktitle={{WCCFL} 23: {Proceedings} of the 23rd {West} {Coast} {Conference} on {Formal} {Linguistics}},
  editor={Schmeiser, Benjamin and Chand, Vineeta and Kelleher, Ann and Rodríguez, Angelo J.},
  pages={399--412},
  publisher={Cascadilla Press},
  address={Somerville, MA},
  year={2004}
}

@article{ionin_matushansky2006composition,
  title={The composition of complex cardinals},
  volume={23},
  number={4},
  journal={Journal of Semantics},
  author={Ionin, Tania and Matushansky, Ora},
  year={2006},
  pages={315--360},
  doi={10.1093/jos/ffl006}
}

@incollection{ionin_matushansky_ruys2006parts,
  title={Parts of speech: {Toward} a unified semantics for partitives},
  author={Ionin, Tania and Matushansky, Ora and Ruys, Eddy G.},
  booktitle={Proceedings of the {North} {East} {Linguistic} {Society} 36},
  editor={Davis, Christopher and Deal, Amy Rose and Zabbal, Youri},
  pages={357--370},
  year={2006},
  address={Amherst, MA},
  publisher={GLSA}
}

@book{ionin_matushansky2018cardinals,
  title={Cardinals: {The} Syntax and Semantics of Cardinal-Containing Expressions},
  author={Ionin, Tania and Matushansky, Ora},
  year={2018},
  publisher={MIT Press},
  address={Cambridge, MA}
}

@book{jackendoff1977x-bar,
  title={X-bar Syntax: {A} Theory of Phrase Structure},
  author={Jackendoff, Ray},
  year={1977},
  publisher={MIT Press},
  address={Cambridge, MA}
}

@article{jackendoff1991parts,
  title={Parts and boundaries},
  author={Jackendoff, Ray},
  journal={Cognition},
  volume={41},
  number={1},
  pages={9--45},
  year={1991},
  publisher={Elsevier},
  doi={10.1016/0010-0277(91)90031-X}
}

@phdthesis{jennings2010against,
  title={Against Organicism: {A} Defence of an Ontology of Everyday Objects},
  author={Jennings, Sean Lastone Michael},
  year={2010},
  school={University College London},
  address={London}
}

@book{jin2018partition,
  title={Partition and Quantity: {Numeral} Classifiers, Measurement, and Partitive Constructions in {Mandarin} {Chinese}},
  author={Jin, Jing},
  year={2018},
  publisher={Routledge},
  address={London}
}

@book{jing-schmidt2005dramatized,
  title={Dramatized Discourse: {The} {Mandarin} {Chinese} ba-Construction},
  author={Jing-Schmidt, Zhuo},
  year={2005},
  publisher={John Benjamins},
  address={Amsterdam}
}

@book{kagan2013semantics,
  title={Semantics of Genitive Objects in {Russian}: {A} Study of Genitive of Negation and Intensional Genitive Case},
  author={Kagan, Olga},
  year={2013},
  publisher={Springer},
  address={Dordrecht}
}

@book{karlsson1999finnish,
  title={Finnish: {An} essential grammar},
  author={Karlsson, Fred},
  year={1999},
  publisher={Routledge},
  address={London}
}

@incollection{kennedy2013scalar,
  title={A scalar semantics for scalar readings of number words},
  author={Kennedy, Christopher},
  booktitle={From Grammar to Meaning: {The} Spontaneous Logicality of Language},
  editor={Caponigro, Ivano and Cecchetto, Carlo},
  pages={172--200},
  year={2013},
  address={Cambridge},
  publisher={Cambridge University Press}
}

@incollection{kennedy_mcnally1999event,
  title={From event structure to scale structure: {Degree} modification in deverbal adjectives},
  author={Kennedy, Christopher and McNally, Louise},
  booktitle={Proceedings of {Semantics} and {Linguistic} {Theory} 9},
  editor={Matthews, Tanya and Strolovitch, Devon},
  pages={163--180},
  year={1999},
  address={Ithaca, NY},
  publisher={CLC Publications},
  doi={10.3765/salt.v9i0.2820}
}

@article{kennedy_mcnally2005scale,
  title={Scale structure, degree modification, and the semantics of gradable predicates},
  author={Kennedy, Christopher and McNally, Louise},
  journal={Language},
  pages={345--381},
  year={2005},
  publisher={JSTOR},
  doi={10.1353/lan.2005.0071}
}

@incollection{khrizman2015cardinal,
  title={The cardinal/collective alternation in {Russian} numerals},
  author={Khrizman, Keren},
  year={2020},
  booktitle={Current Developments in {Slavic} Linguistics: {Twenty} Years After},
  pages={325--338},
  publisher={Peter Lang},
  editor={Radeva-Bork, Teodora and Kosta, Peter},
  address={Frankfurt am Main},
}

@incollection{khrizman_et-al2015portion,
  title={Portion readings are count readings, not measure readings},
  author={Khrizman, Keren and Landman, Fred and Lima, Suzi and Rothstein, Susan and Schvarcz, Brigitta R.},
  booktitle={Proceedingsof the 20th {Amsterdam} {Colloquium}},
  editor={Brochhagen, Thomas and Roelofsen, Floris and Theiler, Nadine},
  pages={197--206},
  year={2015},
  address={Amsterdam},
  publisher={ILLC},
  url={https://semanticsarchive.net/Archive/mVkOTk2N/AC2015-proceedings.pdf}
}

@article{kimchi1993basic,
  title={Basic-level categorization and part-whole perception in children},
  author={Kimchi, Ruth},
  journal={Bulletin of the Psychonomic Society},
  volume={31},
  number={1},
  pages={23--26},
  year={1993},
  publisher={Springer},
  doi={10.3758/BF03334129}
}

@book{kitcher1984nature,
  title={The Nature of Mathematical Knowledge},
  author={Kitcher, Philip},
  year={1984},
  address={New York, NY},
  publisher={Oxford University Press}
}

@phdthesis{knezevic2015numerals,
  title={Numerals and Distributivity in {Serbian}: {At} the Syntax-semantics-acquisition Interface},
  author={Knežević, Nataša},
  year={2015},
  school={University of Nantes},
  address={Nantes}
}

@incollection{kobuchi-philip2006identity,
  title={Identity of the domain of quantification for numerals},
  author={Kobuchi-Philip, Mana},
  booktitle={Non-Definiteness and Plurality},
  editor={Vogeleer, Svetlana and Tasmowski, Liliane},
  publisher={John Benjamins},
  address={Amsterdam},
  pages={267--290},
  year={2006}
}

@incollection{koptjevskaja-tamm_walchli2001circum,
  title={The {Circum-Baltic} languages: {An} areal-typological approach},
  author={Koptjevskaja-Tamm, Maria and Wälchli, Bernhard},
  booktitle={{Circum-Baltic} Languages: {Grammar} and Typology},
  editor={Koptjevskaja-Tamm, Maria and Dahl, Östen},
  volume={2},
  pages={615--750},
  year={2001},
  publisher={John Benjamins},
  address={Amsterdam}
}

@incollection{koptjevskaja2001piece,
  title={`{A} piece of the cake' and `a cup of tea': {Partitive} and pseudo-partitive nominal constructions in the {Circum-Baltic} languages},
  author={Koptjevskaja-Tamm, Maria},
  booktitle={{Circum-Baltic} Languages: {Grammar} and Typology},
  editor={Koptjevskaja-Tamm, Maria and Dahl, Östen},
  volume={2},
  pages={523--568},
  year={2001},
  publisher={John Benjamins},
  address={Amsterdam}
}

@incollection{korat2016singular,
  title={Singular quantified terms},
  author={Korat, Omer},
  booktitle={Proceedings of {The} {Semantics} of {African}, {Asian} and {Austronesian} {Languages} 2},
  year={2016},
  editor={Grubic, Mira and Mucha, Anne},
  publisher={Universitätsverlag Potsdam},
  address={Potsdam},
  pages={36--51}
}

@article{kracht2002semantics,
  title={On the semantics of locatives},
  author={Kracht, Marcus},
  journal={Linguistics and Philosophy},
  volume={25},
  number={2},
  pages={157--232},
  year={2002},
  publisher={Springer},
  doi={10.1023/A:1014646826099}
}

@article{kratzer1989investigation,
  title={An investigation of the lumps of thought},
  author={Kratzer, Angelika},
  journal={Linguistics and Philosophy},
  volume={12},
  number={5},
  pages={607--653},
  year={1989},
  publisher={Springer},
  doi={10.1007/BF00627775}
}

@incollection{kratzer1998scope,
  title={Scope or pseudoscope? {Are} there wide-scope indefinites?},
  author={Kratzer, Angelika},
  booktitle={Events and Grammar},
  pages={163--196},
  year={1998},
  editor={Rothstein, Susan},
  address={Dordrecht},
  publisher={Kluwer}
}

@incollection{kratzer_shimoyama2002indeterminate,
  title={Indeterminate pronouns: {The} view from {Japanese}},
  author={Kratzer, Angelika and Shimoyama, Junko},
  booktitle={The Proceedings of the {Third} {Tokyo} {Conference} on {Psycholinguistics}},
  editor={Otsu, Yokio},
  pages={1--25},
  year={2002},
  publisher={Hituzi Syobo},
  address={Tokyo}
}

@article{krecz1986parts,
  title={Parts and pieces},
  author={Krecz, Charles A.},
  journal={Philosophy and Phenomenological Research},
  volume={46},
  number={3},
  pages={381--400},
  year={1986},
  publisher={JSTOR},
  doi={10.2307/2107311}
}

@book{kren_et-al2020syn2020,
  title={{SYN2020}: reprezentativní korpus psané češtiny},
  author={Křen, Michal and Cvrček, Václav and Henyš, Jan and Hnátková, Milena and Jelínek, Tomáš and Kocek, Jan and Kováříková, Dominika and Křivan, Jan and Milička, Jiří and Petkevič,  Vladimír and Procházka, Pavel and Skoumalová, Hana and Šindlerová, Jana and Škrabal, Michal},
  publisher={FF UK},
  address={Praha},
  year={2012}
%  url={http://www.korpus.cz}
}

@incollection{krifka1989nominal,
  title={Nominal reference, temporal constitution and quantification in event semantics},
  author={Krifka, Manfred},
  booktitle={Semantics and Contextual Expression},
  editor={Bartsch, Renate and van Benthem, Johan and van Emde Boas, Peter},
  pages={75--115},
  address={Dordrecht},
  publisher={Foris},
  year={1989}
}

@incollection{krifka1995common,
  title={Common nouns: {A} contrastive analysis of {Chinese} and {English}},
  author={Krifka, Manfred},
  booktitle={The Generic Book},
  editor={Carlson, Gregory N. and Pelletier, Francis J.},
  pages={398--411},
  year={1995},
  address={Chicago, IL},
  publisher={University of Chicago Press}
}

@article{krifka1996parametrized,
   title={Parametrized sum individuals for plural reference and partitive quantification},
   author={Krifka, Manfred},
   journal={Linguistics and Philosophy},
   volume={19},
   number = {6},
   pages={555--598},
   year={1996},
   url={https://www.jstor.org/stable/25001645}
}

@incollection{krifka1998origins,
  title={The origins of telicity},
  author={Krifka, Manfred},
  booktitle={Events and Grammar},
  editor={Rothstein, Susan},
  pages={197--235},
  year={1998},
  address={Dordrecht},
  publisher={Kluwer}
}

@incollection{krifka1999least,
  title={At least some determiners aren't determiners},
  author={Krifka, Manfred},
  booktitle={The Semantics/Pragmatics Interface from Different Points of View},
  editor={Turner, Ken},
  pages={257--291},
  address={Oxford},
  publisher={Elsevier},
  year={1999}
}

@misc{krifka2007masses,
  title={Masses and countables: {Cognitive} and linguistic factors},
  author={Krifka, Manfred},
  year={2007},
  howpublished={Paper presented at CASTL Workshop on the Syntax and Semantics of Measurement. 17th--18th September 2007. University of Tromsø},
  url={http://citeseerx.ist.psu.edu/viewdoc/download?doi=10.1.1.473.7505&rep=rep1&type=pdf}
}

@incollection{krifka2009counting,
  title={Counting configurations},
  author={Krifka, Manfred},
  booktitle={Proceedings of {Sinn} und {Bedeutung} 13},
  editor={Riester, Arndt and Solstad, Torgrim},
  publisher={University of Stuttgart},
  address={Stuttgart},
  pages={291--306},
  year={2009},
  doi={10.18148/sub/2009.v13i2.552 }
}

@incollection{krifka-toappear-individuating,
  address={Cambridge},
  author={Krifka, Manfred},
  booktitle={Countability in Natural Language},
  editor={Filip, Hana},
  publisher={Cambridge University Press},
  title={Individuating matter over time},
  year={2021},
  pages={121--144}
}

@misc{kucerova2015two,
  title={On two sources of $\varphi$-feature valuation and its consequences for syntactic computation: {A} case study of nominal-inflection at the syntax-semantics interface},
  author={Kučerová, Ivona},
  howpublished={Unpublished manuscript, June 2015, McMaster University, Hamilton},
  url={http://ling.auf.net/lingbuzz/002518},
  year={2015}
}

@incollection{kupietz_keibel2009mannheim,
  title={The {Mannheim} {German} {Reference} {Corpus} {(DeReKo)} as a basis for empirical linguistic research},
  author={Kupietz, Marc and Keibel, Holger},
  journal={{Working Papers in Corpus-based Linguistics and Language Education 3}},
  editor={Minegishi, Makoto and Kawaguchi, Yuji},
  pages={53--59},
  year={2009},
  publisher={Tokyo University of Foreign Studies},
  address={Tokyo}
}

@article{kuratowski1922operation,
  title={Sur l'opération Ā de l'analysis situs},
  author={Kuratowski, Kazimierz},
  journal={Fundamenta Mathematicae},
  volume={3},
  number={1},
  pages={182--199},
  year={1922},
  doi={10.4064/fm-3-1-182-199}
}

@incollection{ladusaw1982semantic,
  title={Semantic constraints on the {English} partitive construction},
  author={Ladusaw, William},
  booktitle={Proceedings of the {West} {Coast} {Conference} on {Formal} {Linguistics} 1},
  editor={Flickinger, Daniel and Macken, Marlys and Wiegand, Nancy},
  year={1982},
  pages={231--242},
  publisher={Stanford University},
  address={Stanford, CA}
}

@book{lahiri2002questions,
  title={Questions and answers in embedded contexts},
  author={Lahiri, Utpal},
  year={2002},
  publisher={Oxford University Press},
  address={Oxford}
}

@article{landau_smith_jones1988importance,
  title={The importance of shape in early lexical learning},
  author={Landau, Barbara and Smith, Linda B. and Jones, Susan S.},
  journal={Cognitive Development},
  volume={3},
  number={3},
  pages={299--321},
  year={1988},
  publisher={Elsevier},
  doi={10.1016/0885-2014(88)90014-7}
}

@article{landman1989groupsi,
  title={Groups, {I}},
  author={Landman, Fred},
  journal={Linguistics and Philosophy},
  volume={12},
  number={5},
  pages={559--605},
  year={1989},
  publisher={Springer},
  doi={10.1007/BF00627774}
}

@article{landman1989groupsii,
  title={Groups, {II}},
  author={Landman, Fred},
  journal={Linguistics and Philosophy},
  volume={12},
  number={6},
  pages={723--744},
  year={1989},
  publisher={Springer},
  doi={10.1007/BF00632603}
}

@book{landman1991structures,
  address = {Dordrecht},
  title={Structures for Semantics},
  author={Landman, Fred},
  year={1991},
  publisher={Kluwer}
}

@book{landman2000events,
  title={Events and Plurality: {The} {Jerusalem} Lectures},
  author={Landman, Fred},
  year={2000},
  address={Dordrecht},
  publisher={Kluwer}
}

@incollection{landman2003predicate,
  title={Predicate-argument mismatches and the adjectival theory of indefinites},
  author={Landman, Fred},
  booktitle={From {NP} to {DP}. {Volume} 1: {The} Syntax and Semantics of Noun Phrases},
  editors={Coene, Martine and D'hulst, Yves},
  pages={211--237},
  year={2003},
  address={Amsterdam},
  publisher={John Benjamins}
}

@book{landman2004indefinites,
  title={Indefinites and the Type of Sets},
  author={Landman, Fred},
  year={2004},
  address={Oxford},
  publisher={Blackwell}
}

@article{landman2011count,
  title={Count nouns -- mass nouns, neat nouns -- mess nouns},
  author={Landman, Fred},
  journal={Baltic International Yearbook of Cognition, Logic and Communication},
  volume={6},
  number={1},
  pages={1--67},
  year={2011},
  publisher={New Prairie Press},
  doi={10.4148/biyclc.v6i0.1579}
}

@article{landman2016iceberg,
  title={Iceberg semantics for count nouns and mass nouns: {Classifiers}, measures and portions},
  author={Landman, Fred},
  journal={Baltic International Yearbook of Cognition, Logic and Communication},
  volume={11},
  number={1},
  pages={1--48},
  year={2016},
  publisher={New Prairie Press},
  doi={10.4148/1944-3676.1107}
}

@book{lasersohn1995plurality,
  address={Boston, MA},
  title={Plurality, Conjunction and Events},
  publisher={Kluwer},
  author={Lasersohn, Peter},
  year={1995}
}

@article{lavine2005morphosyntax,
  title={The morphosyntax of {Polish} and {Ukrainian} \textit{-no/-to}},
  author={Lavine, James E.},
  journal={Journal of Slavic Linguistics},
  volume={13},
  number={1},
  pages={75--117},
  year={2005},
  url={https://www.jstor.org/stable/24599548}
}

@book{lausberg1963romanische,
  title={Romanische {Sprachwissenschaft}},
  author={Lausberg, Heinrich},
  year={1963},
  publisher={De Gruyter},
  address={Berlin}
}

@article{leonard_goodman1940calculus,
  title={The calculus of individuals and its uses},
  author={Leonard, Henry S. and Goodman, Nelson},
  journal={The Journal of Symbolic Logic},
  volume={5},
  number={2},
  pages={45--55},
  year={1940},
  publisher={Cambridge University Press},
  doi={10.2307/2266169}
}

@book{lesniewski1916podstawy,
  title={Podstawy ogólnej teoryi mnogości},
  author={Leśniewski, Stanisław},
  publisher={Prace Polskiego Koła Naukowego w Moskwie, Sekcja Matematyczno-Przyrodnicza},
  year={1916},
  address={Moscow}
}

@incollection{lima2014all,
  title={All notional mass nouns are count nouns in {Yudja}},
  author={Lima, Suzi},
  booktitle={Proceedings of {Semantics} and {Linguistic} {Theory} 24},
  editor={Snider, Todd and D'Antonio, Sarah and Weigand, Mia},
  pages={534--554},
  address={Ithaca, NY},
  publisher={CLC Publications},
  year={2014},
  doi={10.3765/salt.v24i0.2419}
}

@incollection{link1983logical,
  title={The logical analysis of plural and mass nouns: {A} lattice--theoretical approach},
  author={Link, Godehard},
  booktitle={Meaning, Use, and Interpretation of Language},
  editor={Bäuerle, Rainer and Schwarze, Christoph and von Stechow, Arnim},
  pages={302--323},
  address={Berlin},
  publisher={Mouton de Gruyter},
  year={1983}
}

@incollection{link1984hydras,
  title={Hydras: {On} the logic of relative constructions with multiple heads},
  author={Link, Godehard},
  booktitle={Varieties of Formal Semantics},
  editor={Landman, Fred and Veltman, Frank},
  pages={245--257},
  year={1984},
  publisher={Foris},
  address={Dordrecht}
}

@book{link1998algebraic,
  title={Algebraic Semantics in Language and Philosophy},
  author={Link, Godehard},
  address={Stanford, CA},
  publisher={CSLI Publications},
  year={1998}
}

@book{lofstedt1956syntactica,
  title={Syntactica},
  author={Löfstedt, Einar},
  year={1956},
  publisher={Gleerup},
  address={Lund}
}

@article{lonning1987mass,
  title={Mass terms and quantification},
  author={Lønning, Jan Tore},
  journal={Linguistics and Philosophy},
  volume={10},
  number={1},
  pages={1--52},
  year={1987},
  publisher={Springer},
  doi={10.1007/BF00603391}
}

@book{lyons1977semantics,
  title={Semantics},
  author={Lyons, John},
  year={1977},
  publisher={Cambridge University Press},
  address={Cambridge}
}

@article{markman1990constraints,
  title={Constraints children place on word meanings},
  author={Markman, Ellen M.},
  journal={Cognitive Science},
  volume={14},
  number={1},
  pages={57--77},
  year={1990},
  publisher={Wiley Online Library},
  doi={10.1016/0364-0213(90)90026-S}
}

@article{markosian1998brutal,
  title={Brutal composition},
  author={Markosian, Ned},
  journal={Philosophical {S}tudies},
  volume={92},
  number={3},
  pages={211--249},
  year={1998},
  publisher={Springer},
  doi={10.1023/a:1004267523392}
}

@phdthesis{marti_i_girbau2010syntax,
  title={The {S}yntax of {P}artitives},
  author={Martí i Girbau, Núria},
  year={2010},
  school={Universitat Autonoma de Barcelona},
  address={Barcelona}
}

@phdthesis{marty2017implicatures,
  title={Implicatures in the {DP} domain},
  author={Marty, Paul},
  year={2017},
  school={Massachusetts Institute of Technology},
  address={Cambridge, MA}
}

@article{matsuzawa1985use,
  title={Use of numbers by a chimpanzee},
  author={Matsuzawa, Tetsuro},
  journal={Nature},
  volume={315},
  number={6014},
  pages={57--59},
  year={1985},
  doi={10.1038/315057a0}
}

@article{matthewson1998interpretation,
  title={On the interpretation of wide-scope indefinites},
  author={Matthewson, Lisa},
  journal={Natural Language Semantics},
  volume={7},
  number={1},
  pages={79--134},
  year={1998},
  publisher={Springer},
  doi={10.1023/A:1008376601708}
}

@incollection{meili-dworetzki1956development,
  title={The development of perception in the {Rorschach}},
  author={Meili-Dworetzki, Gertrude},
  booktitle={Development in the Rorschach Technique},
  editor={Klopfer, Bruno},
  year={1956},
  publisher={World Book},
  address={New York, NY}
}

@incollection{melgoza_pogue_barner2008broken,
  title={A broken fork in the hand is worth two in the grammar: {A} spatio-temporal bias in children's interpretation of quantifiers and plural nouns},
  author={Melgoza, Vicente and Pogue, Amanda and Barner, David},
  booktitle={Proceedings of the 30th {Annual} {Conference} of the {Cognitive} {Science} {Society}},
  editor={Love, Bradley C. and McRae, Kelly and Sloutsky, Vladimir M.},
  pages={1580--1585},
  year={2008},
  address={Austin, TX},
  publisher={Cognitive Science Society}
}

@article{mitchell_et-al1985discriminative,
  title={Discriminative responding of a dolphin ({Tursiops} truncatus) to differentially rewarded stimuli},
  author={Mitchell, Robert W. and Yao, Pearl and Sherman, Peter T. and O'regan, Mary},
  journal={Journal of Comparative Psychology},
  volume={99},
  number={2},
  pages={218--225},
  year={1985},
  doi={10.1037/0735-7036.99.2.218}
}

@book{moltmann1997parts,
  title={Parts and Wholes in Semantics},
  author={Moltmann, Friederike},
  year={1997},
  address={Oxford},
  publisher={Oxford University Press}
}

@article{moltmann1998part,
  title={Part structures, integrity, and the mass-count distinction},
  author={Moltmann, Friederike},
  journal={Synthese},
  volume={116},
  number={1},
  pages={75--111},
  year={1998},
  publisher={Springer},
  doi={10.1023/A:1005046308299}
}

@book{moltmann2013abstract,
  title={Abstract Objects and the Semantics of Natural Language},
  author={Moltmann, Friederike},
  year={2013},
  publisher={Oxford University Press},
  address={Oxford}
}

@incollection{moltmann2017natural,
  author={Moltmann, Friederike},
  title={Natural language ontology},
  booktitle={Oxford Research Encyclopedia of Linguistics},
%  editor={?},
  year={2017},
  publisher={Oxford University Press},
  address={Oxford},
  doi={10.1093/acrefore/9780199384655.013.330}
}

@incollection{montague1973proper,
  title={The proper treatment of quantification in ordinary {English}},
  author={Montague, Richard},
  booktitle={Approaches to Natural Language},
  editor={Hintikka, Jaakko and Moravcsik, Julius and Suppes, Patrick},
  pages={221--242},
  year={1973},
  publisher={Dordrecht},
  address={Reidel}
}

@incollection{morzycki2002wholes,
  title={Wholes and their covers},
  author={Morzycki, Marcin},
  booktitle={Proceedings of {Semantics} and {Linguistic} {Theory} 12},
  editor={Jackson, Brendan},
  pages={184--203},
  address={Ithaca, NY},
  publisher={CLC Publications},
  year={2002},
  doi={10.3765/salt.v12i0.2875}
}

@article{morzycki2009degree,
  title={Degree modification of gradable nouns: {Size} adjectives and adnominal degree morphemes},
  author={Morzycki, Marcin},
  journal={Natural Language Semantics},
  volume={17},
  number={2},
  pages={175--203},
  year={2009},
  publisher={Springer},
  doi={10.1007/s11050-009-9045-7}
}

@phdthesis{mueller-reichau2006sorting,
  title={Sorting the World: {On} the Relevance of the Kind/Object-Distinctions to Referential Semantics},
  author={Mueller-Reichau, Olav},
  year={2006},
  school={Leipzig University},
  address={Leipzig}
}

@incollection{nicolas2002mass,
  title={Do mass nouns constitute a semantically uniform class?},
  author={Nicolas, David},
  booktitle={Kansas Working Papers in Linguistics},
  editor={Stowers, Stacey and Poell, Nathan},
  year={2002},
  publisher={Linguistics Graduate Student Association of the University of Kansas},
  address={Lawrence, KS},
  pages={113--121}
}

@article{nieder_dehaene2009representation,
  title={Representation of number in the brain},
  author={Nieder, Andreas and Dehaene, Stanislas},
  journal={Annual Review of Neuroscience},
  volume={32},
  pages={185--208},
  year={2009},
  doi={10.1146/annurev.neuro.051508.135550}
}

@article{nouwen2010two,
  title={Two kinds of modified numerals},
  author={Nouwen, Rick},
  journal={Semantics and Pragmatics},
  volume={3},
  pages={1--41},
  year={2010},
  doi={10.3765/sp.3.3}
}

@incollection{nouwen2016plurality, 
  title={Plurality},
  booktitle={The {Cambridge} Handbook of Formal Semantics},
  author={Nouwen, Rick},
  editor={Aloni, Maria and Dekker, Paul},
  year={2016},
  pages={267--284},
  address={Cambridge},
  publisher={Cambridge University Press}
}

@phdthesis{oh2005plurality,
  title={Plurality Markers across Languages},
  author={Oh, Sei-Rang},
  year={2005},
  school={University of Connecticut},
  address={Storrs, CT}
}

@book{ojeda1993linguistic,
  title={Linguistic Individuals},
  author={Ojeda, Almerindo E.},
  year={1993},
  publisher={Center for the Study of Language and Information},
  address={Stanford, CA}
}

@article{ojeda1995semantics,
  title={The semantics of the {Italian} double plural},
  author={Ojeda, Almerindo E.},
  journal={Journal of {S}emantics},
  volume={12},
  number={3},
  pages={213--237},
  year={1995},
  publisher={Oxford University Press},
  doi={10.1093/jos/12.3.213}
}

@book{parsons1990events,
  title={Events in the Semantics of {English}: {A} Study in Subatomic Semantics},
  author={Parsons, Terence},
  year={1990},
  publisher={MIT Press},
  address={Cambridge, MA}
}

@incollection{partee2018changing,
	year={2018},
	pages={172--196},
	booktitle={The Science of Meaning: {Essays} on the Metatheory of Natural Language Semantics},
	editor={Ball, Derek and Rabern, Brian},
	address={Oxford},
    publisher={Oxford University Press},
	author={Partee, Barbara H.},
	title={Changing notions of linguistic competence in the history of formal semantics}
}

@article{partee_borschev2012sortal,
  title={Sortal, relational, and functional interpretations of nouns and {Russian} container constructions},
  author={Partee, Barbara H. and Borschev, Vladimir},
  journal={Journal of Semantics},
  volume={29},
  number={4},
  pages={445--486},
  year={2012},
  doi={10.1093/jos/ffs009}
}

@incollection{pearson2011new,
  title={A new semantics for group nouns},
  author={Pearson, Hazel},
  booktitle={{WCCFL} 28: {Proceedings} of the 28th {West} {Coast} {Conference} on {Formal} {Linguistics}},
  editor={Washburn, Mary Byram and McKinney-Bock, Katherine and Varis, Erika and Sawyer, Ann and Tomaszewicz, Barbara},
  pages={160--168},
  year={2011},
  address={Somerville, MA},
  publisher={Cascadilla Press}
}

@article{pelletier1975nonsingular,
  title={Non-singular reference: {Some} preliminaries},
  author={Pelletier, Francis J.},
  journal={Philosophia},
  volume={5},
  number={4},
  pages={451-465},
  year={1975},
  doi={10.1007/BF02379268}
}

@article{pelletier2011descriptive,
  title={Descriptive metaphysics, natural language metaphysics, {Sapir--Whorf}, and all that stuff: {Evidence} from the mass-count distinction},
  author={Pelletier, Francis J.},
  journal={The Baltic International Yearbook of Cognition, Logic and Communication},
  volume={6},
  pages={1--46},
  year={2011},
  doi={10.4148/biyclc.v6i0.1570}
}

@incollection{pelletier_schubert1989mass,
  title={Mass expressions},
  author={Pelletier, Francis J. and Schubert, Lenhart K.},
  booktitle={Handbook of Philosophical Logic},
  editor={Gabbay, Dov M. and Guenthner, Franz},
  volume={4},
  pages={327--407},
  year={1989},
  publisher={Kluwer},
  address={Dordrecht}
}

@article{pepperberg1987evidence,
  title={Evidence for conceptual quantitative abilities in the {African} grey parrot: {Labeling} of cardinal sets},
  author={Pepperberg, Irene M.},
  journal={Ethology},
  volume={75},
  number={1},
  pages={37--61},
  year={1987},
  doi={10.1111/j.1439-0310.1987.tb00641.x}
}

@incollection{piaget_morf1958isomorphismes,
  title={Les isomorphismes partiels entre les structures logiques et les structures perceptives},
  author={Piaget, Jean and Morf, Albert},
  booktitle={Logique et perception},
  editor={Brunner, Jerôme S. and Bresson, François and Morf, Albert and Piaget, Jean},
  volume={6},
  pages={49--116},
  year={1958},
  address={Paris},
  publisher={Presses Universitaires de France}
}

@article{piazza2010neurocognitive,
  title={Neurocognitive start-up tools for symbolic number representations},
  author={Piazza, Manuela},
  journal={Trends in Cognitive Sciences},
  volume={14},
  pages={542–551},
  year={2010},
  doi={10.1016/j.tics.2010.09.008}
}

@article{pontow_schubert2006mathematical,
  title={A mathematical analysis of theories of parthood},
  author={Pontow, Carsten and Schubert, Rainer},
  journal={Data \& Knowledge Engineering},
  volume={59},
  number={1},
  pages={107--138},
  year={2006},
  publisher={Elsevier},
  doi={10.1016/j.datak.2005.07.010}
}

@article{prasada_ferenz_haskell2002conceiving,
  title={Conceiving of entities as objects and as stuff},
  author={Prasada, Sandeep and Ferenz, Krag and Haskell, Todd},
  journal={Cognition},
  volume={83},
  number={2},
  pages={141--165},
  year={2002},
  publisher={Elsevier},
  doi={10.1016/S0010-0277(01)00173-1}
}

@book{priest2014one,
  title={One: {Being} an Investigation into the Unity of Reality and of its Parts, including the Singular Object which is Nothingness},
  author={Priest, Graham},
  year={2014},
  publisher={Oxford University Press},
  address={Oxford}
}

@article{progovac1998determiner,
  title={Determiner phrase in a language without determiners},
  author={Progovac, Ljiljana},
  journal={Journal of Linguistics},
  volume={34},
  number={1},
  pages={165--179},
  year={1998},
  doi={10.1017/S0022226797006865}
}

@article{przepiorkowski2006inherentnej,
  title={O inherentnej liczbie mnogiej liczebników `ćwierć', `pół' i `półtora'},
  author={Przepiórkowski, Adam},
  journal={Poradnik Językowy},
  volume={9},
  year={2006},
  pages={78--87},
  url={https://www.ceeol.com/search/article-detail?id=63437}
}

@article{przepiorkowski2008generalised,
  title={Generalised quantifier restrictions on the arguments of the {Polish} distributive preposition `po'},
  author={Przepiórkowski, Adam},
  journal={Études Cognitives},
  volume={8},
  pages={159--177},
  year={2008}
}

@article{przepiorkowski2010towards,
  title={Towards a construction grammar account of the distributive `po' in {Polish}},
  author={Przepiórkowski, Adam},
  journal={Études Cognitives},
  volume={10},
  pages={163--176},
  year={2010},
  doi={10.11649/cs.2010.010}
}

@incollection{przepiorkowski2014distance,
  title={Distance distributivity in {Polish}: {Towards} a {Glue} {Semantics} approach},
  author={Przepiórkowski, Adam},
  booktitle={Empirical {Issues} in {Syntax} and {Semantics} 10},
  editor={Piñón, Chris},
  pages={107--124},
  year={2014},
  address={Paris},
  publisher={CNRS},
  url={http://www.cssp.cnrs.fr/eiss10/}
}

@book{przepiorkowski_et-al2012narodowy,
  title={Narodowy {Korpus} {Języka} {Polskiego}},
  author={Przepiórkowski, Adam and Bańko, Mirosław and Górski, Rafał and Lewandowska-Tomaszczyk, Barbara},
  publisher={PWN},
  address={Warszawa},
  year={2012}
%  url={http://nkjp.pl/settings/papers/NKJP_ksiazka.pdf}
}

@incollection{przepiorkowski-patejuk2013syntax,
  title={The syntax of distance distributivity in {Polish}: {Weak} heads in {LFG} via restriction},
  author={Przepiórkowski, Adam and Patejuk, Agnieszka},
  booktitle={Proceedings of the {HPSG} 2013 {Conference}},
  editor={Butt, Miriam and King, Tracy Holloway},
  pages={482--502},
  year={2013},
  publisher={CSLI Publications},
  address={Stanford, CA}
}

@article{putnam1975meaning,
	title={The meaning of `meaning'},
	author={Putnam, Hillary},
	journal={Minnesota Studies in the Philosophy of Science},
	volume={7},
    year={1975},
	pages={131--193},
  url={https://hdl.handle.net/11299/185225}
}

@book{quine1960word,
  title={Word and Object},
  author={Quine, Willard van Orman},
  address={Cambridge, MA},
  publisher={MIT Press},
  year={1960}
}

@article{quinn_burke_rush1993part,
  title={Part—whole perception in early infancy: {Evidence} for perceptual grouping produced by lightness similarity},
  author={Quinn, Paul C. and Burke, Sherry and Rush, Amy},
  journal={Infant Behavior and Development},
  volume={16},
  number={1},
  pages={19--42},
  year={1993},
  publisher={Elsevier},
  doi={10.1016/0163-6383(93)80026-5}
}

@book{quirk_greenbaum_leech_svartvik1985comprehensive,
  title={A Comprehensive Grammar of the {English} Language},
  author={Quirk, Randolph and Greenbaum, Sidney and Leech, Geoffrey and Svartvik, Jan},
  address={London},
  publisher={Longman},
  year={1985}
}

@article{reinhart1997quantifier,
  title={Quantifier scope: {How} labor is divided between {QR} and choice functions},
  author={Reinhart, Tanya},
  journal={Linguistics and Philosophy},
  volume={20},
  number={4},
  pages={335--397},
  year={1997},
  publisher={Springer},
  doi={10.1023/A:1005349801431}
}

@article{rescher1955axioms,
  title={Axioms for the part relation},
  author={Rescher, Nicholas},
  journal={Philosophical Studies},
  volume={6},
  number={1},
  pages={8--11},
  year={1955},
  publisher={Springer},
  doi={10.1007/BF02341057}
}

@incollection{ritter1991two,
  title={Two functional categories in noun phrases},
  author={Ritter, Elizabeth},
  booktitle={Syntax and {Semantics} 25: {Perspectives} on Phrase Structure},
  editor={Rothstein, Susan},
  pages={37--62},
  year={1991},
  address={San Diego},
  publisher={Academic Press}
}

@article{ritter1992cross,
  title={Cross-linguistic evidence for number phrase},
  author={Ritter, Elizabeth},
  journal={Canadian Journal of Linguistics},
  volume={37},
  number={2},
  pages={197--218},
  year={1992},
  doi={10.1017/S0008413100021952}
}

@article{roeper1997region,
  title={Region-based topology},
  author={Roeper, Peter},
  journal={Journal of Philosophical Logic},
  volume={26},
  number={3},
  pages={251--309},
  year={1997},
  publisher={Springer},
  doi={10.1023/A:1017904631349}
}

@book{rohlfs1966grammatica,
  title={Grammatica storica della lingua italiana e dei suoi dialetti: {Morfologia}},
  author={Rohlfs, Gerhard},
  year={1968},
  publisher={Einaudi},
  address={Torino}
}

@book{rothstein2003structuring,
  title={Structuring Events: {A} Study in the Semantics of Lexical Aspect},
  author={Rothstein, Susan},
  year={2003},
  publisher={Blackwell},
  address={Oxford}
}

@article{rothstein2009individuating,
  title={Individuating and measure readings of classifier constructions: {Evidence} from {Modern} {Hebrew}},
  author={Rothstein, Susan},
  journal={Brill's Journal of Afroasiatic Languages and Linguistics},
  volume={1},
  number={1},
  pages={106--145},
  year={2009},
  doi={10.1163/187666309X12491131130783}
}

@article{rothstein2010counting,
  title={Counting and the mass/count distinction},
  author={Rothstein, Susan},
  journal={Journal of Semantics},
  volume={27},
  number={3},
  pages={343--397},
  year={2010},
  doi={10.1093/jos/ffq007}
}

@article{rothstein2011counting,
  title={Counting, measuring and the semantics of classifiers},
  author={Rothstein, Susan},
  journal={The Baltic International Yearbook of Cognition, Logic and Communication},
  volume={6},
  pages={1--42},
  year={2011},
  doi={10.4148/biyclc.v6i0.1582}
}

@incollection{rothstein2012numericals,
  title={Numericals: {Counting}, measuring and classifying},
  author={Rothstein, Susan},
  booktitle={Proceedings of {Sinn} und {Bedeutung} 16},
  pages={527--543},
  year={2012},
  publisher={MIT Working Papers in Linguistics},
  editor={Aguilar Guevara, Ana and Chernilovskaya, Anna and Nouwen, Rick},
  address={Cambridge, MA},
  url={http://mitwpl.mit.edu/open/sub16/Rothstein.pdf}
}

@incollection{rothstein2013fregean,
  title={A {Fregean} semantics for number words},
  author={Rothstein, Susan},
  booktitle={Proceedings of the 19th {Amsterdam} {Colloquium}},
  editor={Aloni, Maria and Franke, Michael and Roelofsen, Floris},
  pages={179--186},
  year={2013},
  address={Amsterdam},
  publisher={ILLC},
  url={http://www.illc.uva.nl/AC/AC2013/uploaded_files/inlineitem/23_Rothstein.pdf}
}

@book{rothstein2017semantics,
  title={Semantics for Counting and Measuring},
  author={Rothstein, Susan},
  year={2017},
  publisher={Cambridge University Press},
  address={Cambridge}
}

@article{rotstein_winter2004total,
  title={Total adjectives vs. partial adjectives: {Scale} structure and higher-order modifiers},
  author={Rotstein, Carmen and Winter, Yoad},
  journal={Natural Language Semantics},
  volume={12},
  number={3},
  pages={259--288},
  year={2004},
  publisher={Springer},
  doi={10.1023/B:NALS.0000034517.56898.9a}
}

@article{ruda2014impersonal,
  title={The impersonal subject \textit{-n/t} construction in {Polish} and the typology of {Voice} heads},
  author={Ruda, Marta},
  journal={Studies in Polish Linguistics},
  volume={9},
  number={4},
  pages={203--243},
  year={2014},
  doi={10.4467/23005920SPL.14.009.3136}
}

@article{rumbaugh_et-al1987summation,
  title={Summation in the chimpanzee ({Pan} troglodytes)},
  author={Rumbaugh, Duane M. and Savage-Rumbaugh, Sue and Hegel, Mark T.},
  journal={Journal of Experimental Psychology: Animal Behavior Processes},
  volume={13},
  number={2},
  pages={107--115},
  year={1987},
  doi={10.1037/0097-7403.13.2.107}
}

@article{rutkowski2002noun,
  title={Noun/{Pronoun} asymmetries: {Evidence} in support of the {DP} hypothesis in {Polish}},
  author={Rutkowski, Paweł},
  journal={Jezikoslovlje},
  volume={3},
  number={1-2},
  pages={159--170},
  year={2002},
  doi={https://hrcak.srce.hr/31350}
}

@article{rutkowski2007syntactic,
  title={The syntactic structure of grammaticalized partitives (pseudo-partitives)},
  author={Rutkowski, Paweł},
  journal={University of Pennsylvania Working Papers in Linguistics},
  volume={13},
  number={1},
  year={2007},
  pages={337--350},
  url={https://repository.upenn.edu/pwpl/vol13/iss1/26}
}

@incollection{safir_stowell1988binominal,
  title={Binominal `each'},
  author={Safir, Ken and Stowell, Tim},
  booktitle={Proceedings of the {North} {East} {Linguistic} {Society} 18},
  editor={Blevins, James and Carter, Juli},
  year={1988},
  pages={426--450},
  address={Amherst, MA},
  publisher={GLSA}
}

@article{samuelson_smith1999early,
  title={Early noun vocabularies: {Do} ontology, category structure and syntax correspond?},
  author={Samuelson, Larissa K. and Smith, Linda B.},
  journal={Cognition},
  volume={73},
  number={1},
  pages={1--33},
  year={1999},
  publisher={Elsevier},
  doi={10.1016/s0010-0277(99)00034-7}
}

@article{santangelo1981plurali,
  title={I plurali italiani del tipo `le braccia': {Abbreviazioni} bibliografiche},
  author={Santangelo, Annamaria},
  journal={Archivio Glottologico Italiano Firenze},
  volume={66},
  pages={95--153},
  year={1981}
}

@incollection{sauerland_et_al2005plural,
  title={The plural is semantically unmarked},
  author={Sauerland, Uli and Anderssen, Jan and Yatsushiro, Kazuko},
  booktitle={Linguistic Evidence: {Empirical}, Theoretical, and Computational Perspectives},
  editor={Kepser, Stephan and Reis, Marga},
  pages={413--434},
  year={2005},
  publisher={Mouton de Gruyter},
  address={Berlin}
}

@incollection{sauerland_yatsushiro2004silent,
  title={A silent noun in partitives},
  author={Sauerland, Uli and Yatsushiro, Kazuko},
  booktitle={Proceedings of the {North} {East} {Linguistic} {Society} 34},
  editor={Moulton, Keir and Wolf, Matthew},
  pages={505--516},
  year={2004},
  address={Amherst, MA},
  publisher={GLSA}
}

@incollection{scha1981distributive,
  address={Amsterdam},
  title={Distributive, collective and cumulative quantification},
  publisher={Mathematisch Centrum},
  booktitle={Formal Methods in the Study of Language},
  author={Scha, Remko},
  editor={Groenendijk, Jeroen A.G. and Janssen, Theo M.V. and Stokhof, Martin B.J.},
  year={1981},
  pages={483--512}
}

@book{schein1993plurals,
  title={Plurals and Events},
  author={Schein, Barry},
  year={1993},
  publisher={MIT Press},
  address={Cambridge, MA}
}

@phdthesis{schmitt2013more,
  title={More Pluralities},
  author={Schmitt, Viola},
  year={2013},
  school={University of Vienna},
  address={Vienna}
}

@article{schmitt2019pluralities,
  title={Pluralities across categories and plural projection},
  author={Schmitt, Viola},
  journal={Semantics and Pragmatics},
  volume={12},
  pages={17},
  year={2019},
  doi={10.3765/sp.12.17}
}

@phdthesis{schwarzschild1991meaning,
  title={On the Meaning of Definitive Plural Noun Phrases},
  author={Schwarzschild, Roger},
  year={1991},
  school={University of Massachusetts},
  address={Amherst, MA}
}

@book{schwarzschild1996pluralities,
  title={Pluralities},
  author={Schwarzschild, Roger},
  year={1996},
  address={Dordrecht},
  publisher={Kluwer}
}

@incollection{schwarzschild2002grammar,
  address={Ithaca, NY},
  title={The grammar of measurement},
  author={Schwarzschild, Roger},
  booktitle={Proceedings of {Semantics} and {Linguistic} {Theory} 12},
  pages={225--245},
  year={2002},
  publisher={CLC Publications},
  editor={Jackson, Brendan},
  doi={10.3765/salt.v12i0.2870}
}

@phdthesis{scontras2014semantics,
	title={The Semantics of Measurement},
	author={Scontras, Gregory},
	year={2014},
	school={Harvard University},
	address={Cambridge, MA}
}

@article{scontras2017new,
  title={A new kind of degree},
  author={Scontras, Gregory},
  journal={Linguistics and Philosophy},
  volume={40},
  number={2},
  pages={165--205},
  year={2017},
  publisher={Springer},
  doi={10.1007/s10988-016-9200-9}
}

@incollection{selkirk1977some,
  title={Some remarks on noun phrase structure}, 
  author={Selkirk, Elisabeth O.},
  booktitle={Formal Syntax}, 
  editor={Culicover, Peter and Wasow, Thomas and Akmajian, Adrian}, 
  pages={285--316},
  year={1977},
  publisher={Academic Press},
  address={New York, NY}
}

@incollection{sharvy1979indeterminacy,
  title={The indeterminacy of mass predication},
  author={Sharvy, Richard},
  booktitle={Mass Terms: {Philosophical} Problems},
  editor={Pelletier, Francis J.},
  pages={249--277},
  address={Dordrecht},
  publisher={Reidel},
  year={1979}
}

@article{sharvy1980more,
  title={A more general theory of definite descriptions},
  author={Sharvy, Richard},
  journal={The Philosophical Review},
  volume={89},
  number={4},
  pages={607--624},
  year={1980},
  publisher={JSTOR},
  doi={10.2307/2184738}
}

@article{shipley_shepperson1990countable,
  title={Countable entities: {Developmental} changes},
  author={Shipley, Elizabeth F. and Shepperson, Barbara},
  journal={Cognition},
  volume={34},
  number={2},
  pages={109--136},
  year={1990},
  doi={10.1016/0010-0277(90)90041-H}
}

@book{simons1987parts,
  title={Parts: {A} Study in Ontology},
  author={Simons, Peter M.},
  address={Oxford},
  publisher={Clarendon Press},
  year={1987}
}

@article{smith1996mereotopology,
  title={Mereotopology: {A} theory of parts and boundaries},
  author={Smith, Barry},
  journal={Data \& Knowledge Engineering},
  volume={20},
  number={3},
  pages={287--303},
  year={1996},
  publisher={Elsevier},
  doi={10.1016/S0169-023X(96)00015-8}
}

@phdthesis{smith2015feature,
  title={Feature Mismatches: {Consequences} for Syntax, Morphology and Semantics},
  author={Smith, Peter W.},
  year={2015},
  school={University of Connecticut},
  address={Storrs, CN}
}

@article{smith2017lexical,
  title={Lexical plurals in {Telugu}: {Mass} nouns in disguise},
  author={Smith, Peter W.},
  journal={Lingvisticæ Investigationes},
  volume={39},
  number={2},
  pages={234--252},
  year={2017},
  doi={10.1075/li.39.2.02smi}
}

@article{soja_carey_spelke1991ontological,
  title={Ontological categories guide young children's inductions of word meaning: {Object} terms and substance terms},
  author={Soja, Nancy N. and Carey, Susan and Spelke, Elizabeth},
  journal={Cognition},
  volume={38},
  number={2},
  pages={179--211},
  year={1991},
  publisher={Elsevier},
  doi={10.1016/0010-0277(91)90051-5}
}

@book{sowa1984conceptual,
  title={Conceptual Structures: {Information} Processing in Mind and Machine},
  author={Sowa, John F.},
  address={Reading, MA},
  publisher={Addison-Wesley},
  year={1984}
}

@incollection{spector2007aspects,
  title={Aspects of the pragmatics of plural morphology: {On} higher-order implicatures},
  author={Spector, Benjamin},
  booktitle={Presupposition and Implicature in Compositional Semantics},
  editors={Sauerland, Uli and Stateva, Penka},
  pages={243--281},
  year={2007},
  publisher={Palgrave/MacMillan},
  address={New York, NY}
}

@article{spelke1990principles,
  title={Principles of object perception},
  author={Spelke, Elizabeth},
  journal={Cognitive Science},
  volume={14},
  number={1},
  pages={29--56},
  year={1990},
  publisher={Wiley Online Library},
  doi={10.1016/0364-0213(90)90025-R}
}

@article{von_stechow1984comparing,
  title={Comparing semantic theories of comparison},
  volume={3},
  number={1},
  journal={Journal of Semantics},
  author={von Stechow, Arnim},
  year={1984},
  pages={1--77},
  doi={10.1093/jos/3.1-2.1}
}

@article{steimann2000representation,
  title={On the representation of roles in object-oriented and conceptual modelling},
  author={Steimann, Friedrich},
  journal={Data \& Knowledge Engineering},
  volume={35},
  number={1},
  pages={83--106},
  year={2000},
  publisher={Elsevier},
  doi={10.1016/S0169-023X(00)00023-9}
}

@article{sudo2016semantic,
  title={The semantic role of classifiers in {Japanese}},
  author={Sudo, Yasutada},
  journal={Baltic International Yearbook of Cognition, Logic and Communication},
  volume={11},
  number={1},
  pages={1--15},
  year={2016},
  publisher={New Prairie Press},
  doi={10.4148/1944-3676.1108}
}

@incollection{sutton_filip2016counting,
  title={Counting in context: {Count/mass} variation and restrictions on coercion in collective artifact nouns},
  author={Sutton, Peter R. and Filip, Hana},
  booktitle={Proceedings of {Semantics} and {Linguistic} {Theory} 26},
  editor={Moroney, Mary and Little, Carol-Rose and Collard, Jacob and Burgdorf, Dan},
  address={Washington, DC},
  publisher={LSA},
  pages={350--370},
  year={2016},
  doi={10.3765/salt.v26i0.3796}
}

@article{sutton_filip2016mass,
  title={Mass/count variation: {A} mereological, two-dimensional semantics},
  author={Sutton, Peter R. and Filip, Hana},
  journal={Baltic International Yearbook of Cognition, Logic and Communication},
  volume={11},
  number={1},
  pages={11},
  year={2016},
  publisher={New Prairie Press},
  doi={10.4148/1944-3676.1110}
}

@incollection{sutton_filip2017probabilistic,
  title={A probabilistic, mereological account of the mass/count distinction},
  author={Sutton, Peter R. and Filip, Hana},
  booktitle={Logic, Language, and Computation: 11th International {Tbilisi} Symposium on Logic, Language, and Computation, {TbiLLC} 2015, {Tbilisi, Georgia, September} 21-26, 2015},
  editor={Hansen, Helle Hvid and Murray, Sarah E. and Sadrzadeh, Mehrnoosh and Zeevat, Henk},
  pages={146--170},
  publisher={Springer},
  address={Berlin},
  year={2017}
}

@article{sutton_filip2017individuation,
  title={Individuation, reliability, and the mass/count distinction},
  author={Sutton, Peter R. and Filip, Hana},
  journal={Journal of Language Modelling},
  volume={5},
  number={2},
  pages={303--356},
  year={2017},
  doi={10.15398/jlm.v5i2.144}
}

@incollection{sutton_filip2020informational,
  title={Informational object nouns and the mass/count distinction},
  author={Sutton, Peter R. and Filip, Hana},
  booktitle={Proceedings of {Sinn} und {Bedeutung} 24},
  volume={2},
  pages={319--335},
  year={2020},
  editor={Franke, Michael and Kompa, Nikola and Liu, Mingya and Mueller, Jutta L. and Schwab, Juliane},
  address={Osnabrück},
  publisher={Osnabrück University},
  doi={10.18148/sub/2020.v24i2.900}
}

@incollection{tadic2009new,
  title={New version of the {Croatian} {National} {Corpus}},
  author={Tadić, Marko},
  journal={After half a century of {Slavonic} natural language processing},
  pages={219--228},
  year={2009},
  editor={Hlaváčková, Dana and Horák, Aleš and Osolsobě, Klára and Rychlý, Pavel},
  publisher={Masaryk University},
  address={Brno}
}

@incollection{tarski1929fondements,
  title={Les fondements de la géométrie des corps},
  author={Tarski, Alfred},
  booktitle={Księga Pamiątkowa Pierwszego Polskiego Zjazdu Matematycznego},
  pages={29--33},
  year={1929},
  address={Kraków},
  publisher={Uniwersytet Jagielloński}
}

@article{tarski1935grundlegung,
  title={Zur {Grundlegung} der {Booleschen} {Algebra} {I}},
  author={Tarski, Alfred},
  journal={Fundamenta Mathematicae},
  volume={1},
  number={24},
  pages={177--198},
  year={1935},
  doi={10.4064/fm-24-1-177-198}
}

@phdthesis{ter_meulen1980substances,
  title={Substances, Quantities and Individuals: {A} Study in the Formal Semantics of Mass Terms},
  author={ter Meulen, Alice G.B.},
  school={Stanford University},
  address={Stanford, CA},
  year={1980}
}

@article{thompson_et-al1970number,
  title={Number coding in association cortex of the cat},
  author={Thompson, Richard F. and Mayers, Kathleen S. and Robertson, Richard T. and Patterson, Charlotte J.},
  journal={Science},
  volume={168},
  number={3928},
  pages={271--273},
  year={1970},
  doi={10.1126/science.168.3928.271}
}

@incollection{tovena2001between,
  title={Between mass and count},
  author={Tovena, Lucia},
  booktitle={{WCCFL} 20: {Proceedings} of the 20th {West} {Coast} {Conference} on {Formal} {Linguistics}},
  editor={Megerdoomian, Karine and Bar-el, Leora Anne},
  pages={565--578},
  year={2001},
  publisher={Cascadilla Press},
  address={Somerville, MA}
}

@incollection{tsoulas2009grammar,
  title={On the grammar of number and mass terms in {Greek}},
  author={Tsoulas, George},
  booktitle={Proceedings of the 2007 {Workshop} in {Greek} {Syntax} and {Semantics} at {MIT}},
  editor={Halpert, Claire and Hartman, Jeremy and Hill, David},
  pages={131--146},
  year={2009},
  publisher={MIT Working Papers in Linguistics},
  address={Cambridge, MA}
}

@book{unger1975ignorance,
  title={Ignorance},
  author={Unger, Peter},
  year={1975},
  publisher={Clarendon Press},
  address={Oxford}
}

@incollection{vaillette2001flexible,
  title={Flexible summativity: {A} type-logical approach to plural semantics},
  author={Vaillette, Nathan},
  booktitle={{OSU} Working Papers in Linguistics},
  editor={Daniels, Michael W. and Dowty, David and Feldman, Anna and Metcalf, Vanessa},
  year={2001},
  pages={135--157},
  publisher={Ohio State University},
  address={Columbus, OH}
}

@phdthesis{valkova1999semantics,
  title={Semantics of Case: {The} Partitive Genitive in {Russian}},
  author={Valkova, Zoya},
  year={1999},
  school={University of Alberta},
  address={Edmonton}
}

@phdthesis{vannestal2004syntactic,
  title={Syntactic Variation in {English} Quantified Noun Phrases with `all', `whole', `both' and `half'},
  author={Vannestål, Maria Estling},
  year={2004},
  school={Växjö University},
  address={Växjö}
}

@incollection{varzi2007spatial,
  title={Spatial reasoning and ontology: {Parts}, wholes, and locations},
  author={Varzi, Achille C.},
  booktitle={Handbook of Spatial Logics},
  editor={Aiello, Marco and Pratt-Hartmann, Ian E. and van Benthem, Johan},
  pages={945--1038},
  year={2007},
  publisher={Springer},
  address={Berlin}
}

@incollection{varzi2016mereology,
  author={Varzi, Achille C.},
  title={Mereology},
  booktitle={The {Stanford} Encyclopedia of Philosophy},
  editor={Zalta, Edward N.},
  url={https://plato.stanford.edu/archives/win2016/entries/mereology/},
  year={2016},
  publisher={Metaphysics Research Lab, Stanford University}
}

@phdthesis{veselovska1995phrasal,
  title={Phrasal Movement and {X}-Morphology: {Word} Order Parallels in {Czech} and {English} Nominal and Verbal Projections},
  author={Veselovská, Ludmila},
  year={1995},
  school={Palacký University},
  address={Olomouc}
}

@phdthesis{de_vries2015shifting,
  title={Shifting Sets, Hidden Atoms: {The} Semantics of Distributivity, Plurality and Animacy},
  author={de Vries, Hannah},
  year={2015},
  school={Utrecht University},
  address={Utrecht}
}

@incollection{wagiel2014boys,
  address={Olomouc},
  title={Boys, girls, and scissors: {A} semantic analysis of {Polish} {NPs} headed by the numeral `dwoje'},
  author={Wągiel, Marcin},
  booktitle={Nominal Structures: {All} in Complex {DPs}},
  pages={69--84},
  year={2014},
  publisher={Palacký University},
  editor = {Veselovská, Ludmila and Janebová, Markéta}
}

@article{wagiel2015counting,
  title={Counting minimal groups: {Towards} a unified analysis of the {Polish} measure word `para'},
  author={Wągiel, Marcin},
  journal={Grazer Linguistische Studien},
  volume={83},
  pages={169--177},
  year={2015},
  url={https://unipub.uni-graz.at/gls/periodical/titleinfo/1283093}
}

@incollection{wagiel2015sums,
  address={Frankfurt am Main},
  title={Sums, groups, genders, and {Polish} numerals},
  author={Wągiel, Marcin},
  booktitle={Slavic Grammar from a Formal Perspective: {The} 10th Anniversary {FDSL} Conference, {Leipzig} 2013},
  pages={495--513},
  year={2015},
  publisher={Peter Lang},
  editor = {Zybatow, Gerhild and Biskup, Petr and Guhl, Marcel and Hurtig, Claudia and Mueller-Reichau, Olav and Yastrebova, Maria}
}

@incollection{wagiel2017pairs,
  address={Łódź},
  title={Pairs of things and the meaning of the plural},
  author={Wągiel, Marcin},
  booktitle={Topics in Syntax and Semantics: {Linguistic} and Philosophical Perspectives},
  pages={111--128},
  year={2017},
  publisher={Łódź University Press},
  editor={Pskit, Wiktor}
}

@incollection{wagiel2020entities,
  title={Entities, events, and their parts: {The} semantics of multipliers in {Slavic}},
  author={Wągiel, Marcin},
  booktitle={Current Developments in {Slavic} Linguistics: {Twenty} Years After},
  year={2020},
  publisher={Peter Lang},
  editor={Radeva-Bork, Teodora and Kosta, Peter},
  address={Frankfurt am Main},
  pages={105--130}
}

@incollection{wagiel2020several,
  title={Several quantifiers are different than others: {Polish} indefinite numerals},
  author={Wągiel, Marcin},
  booktitle={Advances in Formal {Slavic} Linguistics 2017},
  editor={Marušič, Lanko and Žaucer, Rok and Mišmaš, Petra},
  year={2020},
  pages={323--353},
  publisher={Language Science Press},
  address={Berlin},
  doi={10.5281/zenodo.3764869}
}

@incollection{wagiel-toappear-grammatical,
  title={Grammatical gender meets classifier semantics: {Evidence} from {Slavic} numerals},
  author={Wągiel, Marcin},
  booktitle={Formal {Approaches} to {Slavic} {Linguistics} 27},
  editor={Gribanova, Vera and Grimberg, Sabrina and Petersen O Farrill, Erika and Portelance, Eva and Waldon, Brandon},
  year={to appear},
  publisher={Michigan Slavic Publications},
  address={Ann Arbor, MI}
}

@incollection{wagiel-toappear-slavic,
  title={Slavic derived collective nouns as spatial and social clusters},
  author={Wągiel, Marcin},
  booktitle={Formal approaches to number in {Slavic} and beyond},
  editor = {Dočekal, Mojmír and Wągiel, Marcin},
  year={2021},
  publisher={Language Science Press},
  address={Berlin},
  pages={175--205},
  doi={10.5281/zenodo.5082464}
}

@article{wagiel_caha2020universal,
  title={Universal semantic features and the typology of cardinal numerals},
  author={Wągiel, Marcin and Caha, Pavel},
  journal={Catalan Journal of Linguistics},
  volume={19},
  pages={199--229},
  year={2020},
  doi={10.5565/rev/catjl.296}
}

@article{washburn_rumbaugh1991ordinal,
  title={Ordinal judgments of numerical symbols by macaques ({Macaca} mulatta)},
  author={Washburn, David A. and Rumbaugh, Duane M.},
  journal={Psychological Science},
  volume={2},
  number={3},
  pages={190--193},
  year={1991},
  doi={10.1111/j.1467-9280.1991.tb00130.x}
}

@incollection{watanabe2013count,
  title={Count syntax and the partitivity},
  booktitle={{19 ICL: 19th International Congress of Linguistics. July 21--27 2013, Geneva -- Switzerland}},
  editor={Département de Linguistique de l’Université de
Genève},
  author={Watanabe, Akira},
  year={2013},
  publisher={Département de Linguistique de l’Université de
Genève},
  pages={1--18},
  address={Geneva}
}

@article{watanabe2017mass,
  title={The mass/count distinction in {Japanese} from the perspective of partitivity},
  author={Watanabe, Akira},
  journal={Glossa: a journal of general linguistics},
  volume={2},
  number={1},
  pages={1--26},
  year={2017},
  doi={10.5334/gjgl.116}
}

@book{whitehead1920concept,
  title={The Concept of Nature},
  author={Whitehead, Alfred N.},
  year={1920},
  address={Cambridge},
  publisher={Cambridge University Press}
}

@book{whitehead1929process,
  title={Process and Reality},
  author={Whitehead, Alfred N.},
  year={1929},
  address={New York, NY},
  publisher={MacMillan}
}

@book{wierzbicka1988semantics,
  title={The semantics of grammar},
  author={Wierzbicka, Anna},
  year={1988},
  publisher={John Benjamins},
  address={Amsterdam}
}

@book{wiggins1980sameness,
  title={Sameness and Substance},
  author={Wiggins, David},
  year={1980},
  publisher={Harvard University Press},
  address={Cambridge, MA}
}

@article{winston_chaffin_herrmann1987taxonomy,
  title={A taxonomy of part-whole relations},
  author={Winston, Morton E. and Chaffin, Roger and Herrmann, Douglas},
  journal={Cognitive Science},
  volume={11},
  number={4},
  pages={417--444},
  year={1987},
  publisher={Elsevier},
  doi={10.1016/S0364-0213(87)80015-0}
}

@book{winter2001flexibility,
  title={Flexibility Principles in {Boolean} Semantics: {The} Interpretation of Coordination, Plurality, and Scope in Natural Language},
  author={Winter, Yoad},
  year={2001},
  publisher={MIT Press},
  address={Cambridge, MA}
}

@incollection{wisniewski2010using,
  title={On using count nouns, mass nouns, and pluralia tantum: {What} counts},
  author={Wisniewski, Edward},
  booktitle={Kinds, Things, and Stuff: {Mass} Terms and Generics},
  pages={166--190},
  year={2010},
  publisher={Oxford University Press},
  address={New York, NY}
}

@article{wisniewski_lamb_middleteon2003conceptual,
  title={On the conceptual basis for the count and mass noun distinction},
  author={Wisniewski, Edward and Lamb, Christopher and Middleton, Erica},
  journal={Language and Cognitive Processes},
  volume={18},
  number={5--6},
  pages={583--624},
  year={2003},
  doi={10.1080/01690960344000044}
}

@article{witkin1950individual,
  title={Individual differences in ease of perception of embedded figures},
  author={Witkin, Herman A.},
  journal={Journal of Personality},
  volume={19},
  number={1},
  pages={1--15},
  year={1950},
  doi={10.1111/j.1467-6494.1950.tb01084.x}
}

@article{woodruff_premack1981primative,
  title={Primitive mathematical concepts in the chimpanzee: {Proportionality} and numerosity},
  author={Woodruff, Guy and Premack, David},
  journal={Nature},
  volume={293},
  number={5833},
  pages={568--570},
  year={1981},
  doi={10.1038/293568a0}
}

@article{wynn1990children,
  title={Children's understanding of counting},
  author={Wynn, Karen},
  journal={Cognition},
  volume={36},
  number={2},
  pages={155--193},
  year={1990},
  doi={10.1016/0010-0277(90)90003-3}
}

@incollection{yanovich2005choice,
  title={Choice-functional series of indefinite pronouns and {Hamblin} semantics},
  author={Yanovich, Igor},
  booktitle={Proceedings of {Semantics} and {Linguistic} {Theory} 15},
  editor={Georgala, Efthymia and Howell, Jonathan},
  pages={309--326},
  address={Ithaca, NY},
  publisher={CLC Publications},
  year={2005},
  doi={10.3765/salt.v15i0.2921}
}

@article{yoon1996total,
  title={Total and partial predicates and the weak and strong interpretations},
  author={Yoon, Youngeun},
  journal={Natural Language Semantics},
  volume={4},
  number={3},
  pages={217--236},
  year={1996},
  publisher={Springer},
  doi={10.1007/BF00372820}
}

@article{zhang2011constituency,
  title={The constituency of classifier constructions in {Mandarin} {Chinese}},
  author={Zhang, Niina-Ning},
  journal={Taiwan Journal of Linguistics},
  volume={9},
  number={1},
  pages={1--49},
  year={2011},
  doi={10.6519/TJL.2011.9(1).1}
}

@phdthesis{zimmermann2002boys,
  title={Boys Buying Two Sausages Each: {On} the Syntax and Semantics of Distance-Distributivity},
  author={Zimmermann, Malte},
  year={2002},
  school={University of Amsterdam},
  address={Amsterdam}
}

@incollection{zobel2017sensitivity,
  title={The sensitivity of natural language to the distinction between class nouns and role nouns},
  author={Zobel, Sarah},
  booktitle={Proceedings of {Semantics} and {Linguistic} {Theory} 27},
  editor={Burgdorf, Dan and Collard, Jacob and Maspong, Sireemas and Stefánsdóttir, Brynhildur},
  pages={438--458},
  year={2017},
  address={Ithaca, NY},
  publisher={CLC Publications},
  doi={10.3765/salt.v27i0.4182}
}

@article{zucchi_white2001twigs,
  author={Zucchi, Sandro and White, Michael},
  title={Twigs, sequences and the temporal constitution of predicates},
  journal={Linguistics and Philosophy},
  year={2001},
  volume={24},
  number={2},
  pages={223--270},
  doi={10.1023/A:1005690022190}
}

@incollection{zwarts_winter1997semantic,
  title={A semantic characterization of locative {PPs}},
  author={Zwarts, Joost and Winter, Yoad},
  booktitle={Proceedings of {Semantics} and {Linguistic} {Theory} 7},
  editor={Lawson, Aaron},
  pages={294--311},
  year={1997},
  address={Ithaca, NY},
  publisher={CLC Publications},
  doi={10.3765/salt.v7i0.2798}
}

@phdthesis{zweig2008dependent,
  title={Dependent Plurals and Plural Meaning},
  author={Zweig, Eytan},
  year={2008},
  school={New York University},
  address={New York, NY}
}

@article{zweig2009number,
  title={Number-neutral bare plurals and the multiplicity implicature},
  author={Zweig, Eytan},
  journal={Linguistics and Philosophy},
  volume={32},
  number={4},
  pages={353--407},
  year={2009},
  publisher={Springer},
  doi={10.1007/s10988-009-9064-3}
}

@incollection{zwicky_sadock1975ambiguity,
  title={Ambiguity tests and how to fail them},
  author={Zwicky, Arnold and Sadock, Jerrold and Kimball, John},
  booktitle={Syntax and Semantics},
  editor={Kimball, John},
  year={1975},
  pages={1--36},
  publisher={Academic Press},
  address={New York, NY}
}
