@book{langsci-current-book, author = {Constantijn Kaland}, title = {{Word stress in prosodic theory}}, year = {2025}, series = {Studies in Laboratory Phonology}, number = {15}, location = {Berlin}, publisher = {Language Science Press}, options = {dataonly=true} } 
