@book{langsci-current-book, author = {{Stephen R.} Anderson}, title = {{Phonology in the Twentieth Century}}, subtitle = {{Second edition, revised and expanded}},year = {2021}, series = {History and Philosophy of the Language Sciences}, number = {5}, location = {Berlin}, publisher = {Language Science Press}, options = {dataonly=true} } 
