%% This BibTeX bibliography file was created using BibDesk.
%% http://bibdesk.sourceforge.net/


%% Created for Stephen Anderson at 2021-08-13 14:17:36 -0400 


%% Saved with string encoding Unicode (UTF-8) 



@book{asher.henderson81:hist.phonetics,
	address = {Edinburgh},
	booktitle = {Towards a History of Phonetics},
	date-added = {2021-08-13 14:15:53 -0400},
	date-modified = {2021-08-13 14:17:29 -0400},
	editor = {R. E. Asher and Eug{\'e}nie J. A. Henderson},
	publisher = {Edinburgh University Press},
	title = {Towards a History of Phonetics},
	year = {1981}}

@book{labov66:stratification,
	address = {Washington, DC},
	author = {William Labov},
	booktitle = {The Social Stratification of {English} in {New York City}},
	date-added = {2021-08-13 09:47:51 -0400},
	date-modified = {2021-08-13 09:50:05 -0400},
	note = {Second edition published 2006 by Cambridge University Press.},
	publisher = {Center for Applied Lingusitics},
	title = {The Social Stratification of {English} in {New York City}},
	year = {1966}}

@article{liljencrants.lindblom72:dispersion,
	author = {Johan Liljencrants and Bj{\"o}rn Lindblom},
	date-added = {2021-08-12 16:50:59 -0400},
	date-modified = {2021-08-12 16:53:14 -0400},
	journal = {Language},
	pages = {839--862},
	title = {Numerical Simulation of Vowel Quality Systems: The Role of Perceptual Contrast},
	volume = {48},
	year = {1972}}

@book{labov10:ling.change.3,
	address = {Oxford},
	author = {William Labov},
	booktitle = {Principles of Linguistic Change},
	date-added = {2021-08-11 16:25:34 -0400},
	date-modified = {2021-08-11 16:32:30 -0400},
	publisher = {Wiley-Blackwell},
	title = {Principles of Linguistic Change},
	volume = {3: Cognitive and Cultural Factors},
	year = {2010}}

@book{labov01:ling.change.2,
	address = {Oxford},
	author = {William Labov},
	booktitle = {Principles of Linguistic Change},
	date-added = {2021-07-31 11:22:04 -0400},
	date-modified = {2021-07-31 11:24:25 -0400},
	publisher = {Blackwell},
	title = {Principles of Linguistic Change},
	volume = {2: Social Facors},
	year = {2001}}

@book{labov94:ling.change.1,
	address = {Oxford},
	author = {William Labov},
	booktitle = {Principles of Linguistic Change},
	date-added = {2021-07-26 18:06:27 -0400},
	date-modified = {2021-07-31 11:24:25 -0400},
	publisher = {Blackwell},
	title = {Principles of Linguistic Change},
	volume = {1: Internal Factors},
	year = {1994}}

@article{lawson.etal18:zebra.finch.song,
	author = {Shelby L. Lawson and Adam R. Fishbein and Nora H. Prior and Gregory F. Ball and Robert J. Dooling},
	date-added = {2021-07-19 13:59:38 -0400},
	date-modified = {2021-07-19 14:10:08 -0400},
	journal = {Animal Cognition},
	pages = {467--480},
	title = {Relative Salience of Syllable Structure and Syllable Order in Zebra Finch Song},
	volume = {21},
	year = {2018}}

@book{hockett58:textbook,
	address = {New York},
	author = {Charles F. Hockett},
	booktitle = {A Course in Modern Linguistics},
	date-added = {2021-07-19 12:31:27 -0400},
	date-modified = {2021-07-19 12:32:31 -0400},
	publisher = {Macmillan},
	title = {A Course in Modern Linguistics},
	year = {1958}}

@article{hockett.ascher64:human.revolution,
	author = {Charles F. Hockett and Robert Ascher},
	date-added = {2021-07-19 12:07:01 -0400},
	date-modified = {2021-07-19 12:08:23 -0400},
	journal = {Current Anthropology},
	pages = {135--168},
	title = {The Human Revolution},
	volume = {5},
	year = {1964}}

@incollection{hockett:design_features,
	address = {Washington, DC},
	author = {Charles F. Hockett},
	booktitle = {Animal Sounds and Animal Communication},
	date-added = {2021-07-18 17:44:59 -0400},
	date-modified = {2021-07-18 17:44:59 -0400},
	editor = {W. E. Lanyon and W. N. Tavolga},
	pages = {392--430},
	publisher = {American Institute of Biological Sciences},
	title = {Logical Considerations in the Study of Animal Communication},
	year = {1960}}

@book{stokoe:sign,
	address = {Silver Spring, MD},
	author = {William Stokoe},
	date-added = {2021-07-18 17:05:51 -0400},
	date-modified = {2021-07-18 17:05:51 -0400},
	publisher = {Linstock Press},
	series = {{\emph{Studies in Linguistics}} Occasional Papers},
	title = {Sign Language Structure: An Outline of the Visual Communication Systems of the {American} {Deaf}},
	volume = {8},
	year = {1960}}

@book{klima:bellugi:signs,
	address = {Cambridge},
	author = {Edward Klima and Ursula Bellugi},
	date-added = {2021-07-18 17:03:56 -0400},
	date-modified = {2021-07-18 17:03:56 -0400},
	publisher = {Harvard University Press},
	title = {The Signs of Language},
	year = {1979}}

@book{martinet64:elements,
	address = {Chicago},
	author = {Andr{\'e} Martinet},
	booktitle = {Elements of General Linguistics},
	date-added = {2021-07-18 12:12:40 -0400},
	date-modified = {2021-07-18 12:14:49 -0400},
	note = {English translation by Elisabeth Palmer of \citealt{martinet60:elements}},
	publisher = {University of Chicago Press},
	title = {Elements of General Linguistics},
	year = {1964}}

@article{martinet84:double.articulation,
	author = {Andr{\'e} Martinet},
	date-added = {2021-07-18 12:10:23 -0400},
	date-modified = {2021-07-18 12:11:40 -0400},
	journal = {Language Sciences},
	pages = {31--38},
	title = {Double Articulation as a Criterion of Linguisticity},
	volume = {6},
	year = {1984}}

@article{martinet49:double.articulation,
	author = {Andr{\'e} Martinet},
	date-added = {2021-07-18 12:08:32 -0400},
	date-modified = {2021-07-18 12:09:42 -0400},
	journal = {Travaux du cercle linguistique de {Copenhague}},
	pages = {30--37},
	title = {La double articulation linguistique},
	volume = {5},
	year = {1949}}

@incollection{ladd14:duality,
	chapter = {5},
	crossref = {ladd14:structure},
	date-added = {2021-07-17 17:00:00 -0400},
	date-modified = {2021-07-17 17:00:50 -0400},
	title = {On Duality of Patterning}}

@article{gronnum.etal13:stod,
	author = {Nina Gr{\o}nnum and Nicolai Pharao and Hans Basb{\o}ll},
	date-added = {2021-07-05 12:44:15 -0400},
	date-modified = {2021-07-05 12:45:47 -0400},
	journal = {Phonetica},
	pages = {66--92},
	title = {Danish St{\o}d: Laryngealization or Tone},
	volume = {70},
	year = {2013}}

@article{gronnum.basboll01:stod,
	author = {Nina Gr{\o}nnum and Hans Basb{\o}ll},
	date-added = {2021-07-05 12:41:15 -0400},
	date-modified = {2021-07-05 12:44:02 -0400},
	journal = {Phonetica},
	pages = {230--253},
	title = {Consonant Length, St{\o}d and Mor{\ae} in Standard {Danish}},
	volume = {58},
	year = {2001}}

@article{paradis87:constraints.and.repairs,
	author = {Carole Paradis},
	date-added = {2021-06-26 16:42:11 -0400},
	date-modified = {2021-06-26 16:43:32 -0400},
	journal = {The Linguistic Review},
	pages = {71--97},
	title = {On Constraints and Repair Strategies},
	volume = {6},
	year = {1987}}

@book{burzio94:english.stress,
	address = {Cambridge, MA},
	author = {Luigi Burzio},
	booktitle = {Principles of {English} Stress},
	date-added = {2021-06-26 16:39:15 -0400},
	date-modified = {2021-06-26 16:40:20 -0400},
	publisher = {Cambridge University Press},
	title = {Principles of {English} Stress},
	year = {1994}}

@book{vennemann88:preference.laws,
	address = {Berlin},
	author = {Theo Vennemann},
	booktitle = {{Preference Laws} for {Syllable Structure} and the explanation of sound change. With special reference to {German}, {Germanic}, {Italian}, and {Latin}},
	date-added = {2021-06-26 16:32:41 -0400},
	date-modified = {2021-06-26 16:36:31 -0400},
	publisher = {Mouton de Gruyter},
	title = {{Preference Laws} for {Syllable Structure} and the explanation of sound change. With special reference to {German}, {Germanic}, {Italian}, and {Latin}},
	year = {1988}}

@article{klare12:martinet,
	author = {Johannes Klare},
	date-added = {2021-06-02 13:02:11 -0400},
	date-modified = {2021-06-02 13:03:58 -0400},
	journal = {Langauge Problems and Language Planning},
	pages = {273--293},
	title = {{Andr{\'e} Martinet} (1908--1999): An Outstanding Linguist and Interlinguist of the Twentieth Century},
	volume = {36},
	year = {2012}}

@incollection{martinet91:bio,
	address = {T{\"u}bingen},
	author = {Andr{\'e} Martinet},
	booktitle = {Wege in der {Sprachwissenschaft, Vierundvierzig} autobiographische {Berichte}, f{\"u}r {Mario Wandruska Festschrift}},
	date-added = {2021-06-02 12:49:31 -0400},
	date-modified = {2021-06-02 12:55:13 -0400},
	editor = {Hans-Martin Gauger and Wolfgang P{\"o}ckl},
	pages = {155-160},
	publisher = {Gunter Narr},
	title = {En droite ligne},
	year = {1991}}

@article{murray99:gatekeepers,
	author = {Stephen O. Murray},
	date-added = {2021-05-27 12:34:36 -0400},
	date-modified = {2021-05-27 12:35:49 -0400},
	journal = {Historiographia Linguistica},
	pages = {343--353},
	title = {More on Gatekeepers and {Noam Chomsky's} Writings of the 1950s},
	volume = {26},
	year = {1999}}

@article{martinet94:word,
	author = {Andr{\'e} Martinet},
	date-added = {2021-05-27 10:16:55 -0400},
	date-modified = {2021-05-27 10:18:36 -0400},
	journal = {Word},
	pages = {27--37},
	title = {An Early History of \textsl{Word} Volumes 1 to 25},
	volume = {45},
	year = {1994}}

@article{martinet46:rvw.hjelmslev,
	author = {Andr{\'e} Martinet},
	date-added = {2021-05-27 09:58:12 -0400},
	date-modified = {2021-05-27 10:00:53 -0400},
	journal = {Bulletin de la {Soci{\'e}t{\'e} de Linguistique de Paris}},
	pages = {19--42},
	title = {Au sujet des \textsl{Fondaments de la th{\'e}orie linguistique} de {Louis Hjelmslev}},
	volume = {42},
	year = {1946}}

@article{goldsmith98:rvw.barsky,
	author = {John A. Goldsmith},
	date-added = {2021-05-23 17:43:28 -0400},
	date-modified = {2021-05-23 17:45:26 -0400},
	journal = {Journal of the History of the Behavioral Sciences},
	pages = {173--180},
	title = {Review of {Robert Barsky}, \textsl{Noam Chomsky: A Life of Dissent}},
	volume = {34},
	year = {1998}}

@article{auroux93:martinet,
	author = {Syvain Auroux},
	date-added = {2021-05-23 17:39:16 -0400},
	date-modified = {2021-05-23 17:41:27 -0400},
	journal = {Bulletin d'Information de la Soci{\'e}t{\'e} d'Histoire et d'{\'E}pist{\'e}mologie des Sciences du Langage},
	number = {30},
	pages = {83--84},
	title = {Indignation},
	year = {1993}}

@article{joseph16:martinet.weinreich,
	author = {John E. Joseph},
	date-added = {2021-05-22 13:54:53 -0400},
	date-modified = {2021-05-22 13:56:36 -0400},
	journal = {Historiographia Linguistica},
	pages = {343--362},
	title = {Divided Allegiance: {Martinet's} Preface to {Weinreich's} {\textsl{Languages in Contact}} (1953)},
	volume = {43},
	year = {2016}}

@article{joseph94:rvw.martinet,
	author = {John E. Joseph},
	date-added = {2021-05-22 13:52:25 -0400},
	date-modified = {2021-05-22 13:53:49 -0400},
	journal = {Historiographia Linguistica},
	pages = {212--221},
	title = {Review of \citealt{martinet93:memoires}},
	volume = {21},
	year = {1994}}

@book{martinet37:thesis,
	address = {Copenhagen},
	author = {Andr{\'e} Martinet},
	booktitle = {La g{\'e}mination expressive en germanique},
	date-added = {2021-05-22 11:28:38 -0400},
	date-modified = {2021-05-22 11:29:33 -0400},
	publisher = {Munksgaard},
	title = {La g{\'e}mination expressive en germanique},
	year = {1937}}

@book{jespersen22:language,
	address = {London},
	author = {Otto Jespersen},
	booktitle = {Language: Its Nature, Development and Origin},
	date-added = {2021-05-17 11:04:13 -0400},
	date-modified = {2021-05-17 11:08:35 -0400},
	publisher = {George Allen and Unwin},
	title = {Language: Its Nature, Development and Origin},
	year = {1922}}

@article{martinet52:function.structure,
	author = {Andr{\'e} Martinet},
	date-added = {2021-05-16 14:51:59 -0400},
	date-modified = {2021-05-16 14:53:29 -0400},
	journal = {Word},
	pages = {1--32},
	title = {Function, Structure, and Sound Change},
	volume = {8},
	year = {1952}}

@incollection{jakobson49:historical,
	address = {Paris},
	author = {Roman Jakobson},
	booktitle = {Principes de phonologie},
	date-added = {2021-05-12 16:01:53 -0400},
	date-modified = {2021-05-12 16:06:13 -0400},
	note = {Appendix to J. Cantineau's French translation of \citealt{trubetzkoy39:grundzuge}},
	pages = {316--336},
	publisher = {Klincksieck},
	title = {Principes de phonologie historique},
	year = {1949}}

@article{bloomfield25:algonquian,
	author = {Leonard Bloomfield},
	date-added = {2021-05-12 15:28:08 -0400},
	date-modified = {2021-05-12 15:29:25 -0400},
	journal = {Language},
	pages = {130--156},
	title = {On the Sound System of {Central Algonquian}},
	volume = {1},
	year = {1925}}

@book{hayes.etal04:phonetic.phonology,
	address = {Cambridge},
	booktitle = {Phonetically Based Phonology},
	date-added = {2021-05-07 18:21:10 -0400},
	date-modified = {2021-05-07 18:22:39 -0400},
	editor = {Bruce Hayes and Robert Kirchner and Donca Steriade},
	publisher = {Cambridge University Press},
	title = {Phonetically Based Phonology},
	year = {2004}}

@book{ladd14:structure,
	address = {Oxford},
	author = {D. Robert Ladd},
	booktitle = {Simultaneous Structure in Phonology},
	date-added = {2021-05-07 17:50:32 -0400},
	date-modified = {2021-05-07 17:51:26 -0400},
	publisher = {Oxford University Press},
	title = {Simultaneous Structure in Phonology},
	year = {2014}}

@book{martinet45:french,
	address = {Paris},
	author = {Andr{\'e} Martinet},
	booktitle = {La prononciation du fran{\c c}{\'e}́moignages recueillis en 1941 dans un camp d'officiers prisonniers},
	date-added = {2021-05-06 13:53:39 -0400},
	date-modified = {2021-05-12 12:12:41 -0400},
	publisher = {E. Droz},
	title = {La prononciation du fran{\c c}ais contemporain, t{\'e}́moignages recueillis en 1941 dans un camp d'officiers prisonniers},
	year = {1945}}

@inproceedings{uldall36:london,
	address = {Cambridge},
	author = {Hans J{\o}rgen Uldall},
	booktitle = {Proceedings of the 2nd {International Congress of Phonetic Sciences} ({London} 1935)},
	date-added = {2021-05-01 17:54:12 -0400},
	date-modified = {2021-05-01 17:56:41 -0400},
	pages = {54--57},
	publisher = {Cambridge University Press},
	title = {The Phonematics of {Danish}},
	year = {1936}}

@article{lamb66:epilogomena,
	author = {Sydney M. Lamb},
	date-added = {2021-04-30 16:40:15 -0400},
	date-modified = {2021-04-30 16:42:36 -0400},
	journal = {Romance Philology},
	pages = {531--573},
	title = {Epilogomena to a Theory of Language},
	volume = {19},
	year = {1966}}

@article{bache10:halliday.hjelmslev,
	author = {Carl Bache},
	date-added = {2021-04-30 16:29:48 -0400},
	date-modified = {2021-04-30 16:31:53 -0400},
	journal = {Journal of Pragmatics},
	pages = {2562--2578},
	title = {Hjelmslev's {Glossematics}: A Source of Inspiration to {Systemic Functional Linguistics}?},
	volume = {42},
	year = {2010}}

@book{hjelmslev53:osg.whitfield,
	address = {Bloomington, IN},
	author = {Louis Hjelmslev},
	booktitle = {Prolegomena to a Theory of Language},
	date-added = {2021-04-28 16:48:38 -0400},
	date-modified = {2021-04-28 16:54:31 -0400},
	note = {Translated by Francis Whitfield; revised edition published 1963 by University of Wisconsin Press},
	publisher = {Indiana University},
	series = {Indiana University Publications in Anthropology and Linguistics, Memoire 7},
	title = {Prolegomena to a Theory of Language},
	year = {1953}}

@incollection{jensen.gregersen21:hjelmslev.jakobson,
	author = {Viggo Bank Jensen and Frans Gregersen},
	booktitle = {{StructuralismS}: Perspectives on a {European} Theme},
	date-added = {2021-04-28 15:52:44 -0400},
	date-modified = {2021-04-28 15:56:21 -0400},
	editor = {Lorenzo Cigana and Frans Gregersen},
	publisher = {The Danish Royal Academy of Sciences and Letters},
	pubstate = {forthcoming},
	title = {Worlds apart? {Roman Jakobson} and {Louis Hjelmslev}, the story of a competitive friendship}}

@book{newmeyer22:ailt,
	address = {Oxford},
	author = {Frederick J. Newmeyer},
	booktitle = {American Linguistics in Transition: From Structuralism to Generative Grammar},
	date-added = {2021-04-27 15:47:09 -0400},
	date-modified = {2021-04-27 15:54:04 -0400},
	publisher = {Oxford University Press},
	pubstate = {forthcoming},
	title = {American Linguistics in Transition: From Structuralism to Generative Grammar}}

@article{Newmeyer19:joos.reader,
	author = {Frederick J. Newmeyer},
	date-added = {2021-04-27 15:15:05 -0400},
	date-modified = {2021-04-27 15:16:50 -0400},
	journal = {Historiographia Linguistica},
	pages = {73--130},
	title = {{Martin Joos's} \textsl{Readings in Linguistics}: A Publication History},
	volume = {46},
	year = {2019}}

@incollection{greenberg73:pilot,
	address = {The Hague},
	author = {Joseph H. Greenberg},
	booktitle = {Themes in Linguistics: The 1970s},
	date-added = {2021-04-27 14:16:10 -0400},
	date-modified = {2021-04-27 14:17:58 -0400},
	editor = {Eric P. Hamp},
	pages = {45--60},
	publisher = {Mouton},
	title = {Linguistics as a Pilot Science},
	year = {1973}}

@incollection{cowan91:1st.pers.sg.2,
	address = {Amsterdam},
	author = {J. Milton Cowan},
	booktitle = {First Person Singular {II}},
	date-added = {2021-04-27 14:13:40 -0400},
	date-modified = {2021-04-27 14:15:49 -0400},
	editor = {E. F. K. Koerner},
	pages = {67--82},
	publisher = {John Benjamins},
	title = {American Linguistics at Peace and War},
	year = {1991}}

@phdthesis{bever67:thesis,
	address = {Cambridge, MA},
	author = {Thomas G. Bever},
	date-added = {2021-04-27 14:11:56 -0400},
	date-modified = {2021-04-27 14:13:24 -0400},
	school = {MIT},
	title = {{Leonard Bloomfield} and the Phonology of the {Menomini} Language},
	year = {1967}}

@article{martinet36:neutralization,
	author = {Andr{\'e} Martinet},
	date-added = {2021-04-23 11:53:29 -0400},
	date-modified = {2021-04-23 11:54:55 -0400},
	journal = {Travaux du cercle linguistique de Prague},
	pages = {46--67},
	title = {Neutralisation et archiphon{\`e}me},
	volume = {6},
	year = {1936}}

@book{martinet37:danish,
	address = {Paris},
	author = {Andr{\'e} Martinet},
	booktitle = {La phonologie du mot en danois},
	date-added = {2021-04-23 11:48:09 -0400},
	date-modified = {2021-04-23 11:51:17 -0400},
	publisher = {Klincksieck},
	title = {La phonologie du mot en danois},
	year = {1937}}

@book{akamatsu92:essentials,
	address = {Louvain-la-Neuve},
	author = {Tsutomu Akamatsu},
	booktitle = {Essentials of Functional Phonology},
	date-added = {2021-04-23 11:42:18 -0400},
	date-modified = {2021-04-23 11:44:14 -0400},
	publisher = {Peeters},
	title = {Essentials of Functional Phonology},
	year = {1992}}

@book{martinet56:description,
	address = {Geneva},
	author = {Andr{\'e} Martinet},
	booktitle = {La Description Phonologique: avec application au parler franco-provencal d'{Hauteville} ({Savoie})},
	date-added = {2021-04-23 11:38:55 -0400},
	date-modified = {2021-04-23 11:41:35 -0400},
	publisher = {Librairie Droz},
	title = {La Description Phonologique: avec application au parler franco-provencal d'{Hauteville} ({Savoie})},
	year = {1956}}

@book{martinet93:memoires,
	address = {Paris},
	author = {Andr{\'e} Martinet},
	booktitle = {M{\'e}moires d'un linguistie},
	date-added = {2021-04-23 11:36:07 -0400},
	date-modified = {2021-04-23 11:37:09 -0400},
	publisher = {Quai Voltaire},
	title = {M{\'e}moires d'un linguistie},
	year = {1993}}

@book{martinet62:functional.view,
	address = {Oxford},
	author = {Andr{\'e} Martinet},
	booktitle = {A Functional View of Language},
	date-added = {2021-04-23 11:32:44 -0400},
	date-modified = {2021-04-23 11:33:47 -0400},
	publisher = {Oxford University Press},
	title = {A Functional View of Language},
	year = {1962}}

@book{martinet65:synchronique,
	address = {Paris},
	author = {Andr{\'e} Martinet},
	booktitle = {La linguistique synchronique},
	date-added = {2021-04-23 11:26:15 -0400},
	date-modified = {2021-04-23 11:28:19 -0400},
	publisher = {Presses universitaire de {France}},
	title = {La linguistique synchronique},
	year = {1965}}

@article{akamatsu09:martinet,
	author = {Tsutomu Akamatsu},
	date-added = {2021-04-23 11:23:14 -0400},
	date-modified = {2021-04-23 11:24:35 -0400},
	journal = {La linguistique},
	pages = {61--73},
	title = {{Andr{\'e} Martinet's} Contribution to Phonology and its Legacy},
	volume = {45},
	year = {2009}}

@article{cohn10:labphon10.intro,
	author = {Abigail C. Cohn},
	date-added = {2021-04-21 17:52:15 -0400},
	date-modified = {2021-04-21 17:55:04 -0400},
	journal = {Laboratory Phonology},
	pages = {4--29},
	title = {{Laboratory Phonology}: Past Successes and Current Questions, Challenges and Goals},
	volume = {10},
	year = {2010}}

@incollection{cohn.etal11:intro.labphon.hbk,
	author = {Abigail C. Cohn and C{\'e}cile Fougeron and Marie K. Huffman},
	crossref = {cohn.etal11:labphon.hbk},
	date-added = {2021-04-21 17:43:10 -0400},
	date-modified = {2021-04-21 17:46:47 -0400},
	title = {Introduction}}

@book{cohn.etal11:labphon.hbk,
	address = {Oxford},
	booktitle = {The {Oxford} Handbook of Laboratory Phonology},
	date-added = {2021-04-21 17:35:17 -0400},
	date-modified = {2021-04-21 17:37:09 -0400},
	editor = {Abigail C. Cohn and C{\'e}cile Fougeron and Marie K. Huffman},
	publisher = {Oxford University Press},
	title = {The {Oxford} Handbook of Laboratory Phonology},
	year = {2011}}

@article{jbp.clopper10:what.is.labphon,
	author = {Janet B. Pierrehumbert and Cynthia G. Clopper},
	date-added = {2021-04-20 16:35:34 -0400},
	date-modified = {2021-04-20 16:37:54 -0400},
	journal = {Laboratory Phonology},
	pages = {113--132},
	title = {What is {LabPhon}? And Where is it Going?},
	volume = {10},
	year = {2010}}

@incollection{pierrehumbert.etal00:labphon,
	address = {Oxford},
	author = {Janet Pierrehumbert and Mary E. Beckman and D. Robert Ladd},
	booktitle = {Phonological Knowledge: Conceptual and Empirical Issues},
	date-added = {2021-04-20 16:23:16 -0400},
	date-modified = {2021-04-20 16:41:03 -0400},
	editor = {Noel Burton-Roberts and Philip Carr and Gerard Docherty},
	pages = {273--303},
	publisher = {Oxford University Press},
	title = {Conceptual Foundations of Phonology as a Laboratory Science},
	year = {2000}}

@article{harris45:rvw.emeneau,
	author = {Zellig Harris},
	date-added = {2021-04-16 17:38:32 -0400},
	date-modified = {2021-04-16 17:39:56 -0400},
	journal = {Language},
	pages = {283--289},
	title = {Review of \citealt{emeneau44:kota}},
	volume = {21},
	year = {1945}}

@book{emeneau44:kota,
	address = {Berkeley and Los Angeles},
	author = {Murray B. Emeneau},
	booktitle = {Kota Texts: Part One},
	date-added = {2021-04-16 17:35:49 -0400},
	date-modified = {2021-04-16 17:38:08 -0400},
	publisher = {University of California Press},
	series = {University of California Publications in Linguistics Vol. 2, No. 1},
	title = {Kota Texts: Part One},
	year = {1944}}

@article{goldsmith08:genphon.in.40s,
	author = {John A. Goldsmith},
	date-added = {2021-04-14 15:08:12 -0400},
	date-modified = {2021-04-14 15:09:32 -0400},
	journal = {Phonology},
	pages = {37--59},
	title = {Generative Phonology in the Late 1940s},
	volume = {25},
	year = {2008}}

@incollection{newmeyer21:structuralism,
	author = {Frederick J. Newmeyer},
	booktitle = {{StructuralismS}: Perspectives on a {European} Theme},
	date-added = {2021-04-14 09:18:04 -0400},
	date-modified = {2021-04-28 15:55:34 -0400},
	editor = {Lorenzo Cigana and Frans Gregersen},
	publisher = {The Danish Royal Academy of Sciences and Letters},
	pubstate = {forthcoming},
	title = {{American} Structuralism and {European} Structuralism: How They Saw Each Other}}

@incollection{kenstowicz21:spe,
	author = {Michael Kenstowicz},
	chapter = {18},
	crossref = {dresher.vanderhulst21:oxford.handbook},
	date-added = {2021-04-06 10:12:13 -0400},
	date-modified = {2021-04-06 10:16:25 -0400},
	title = {{\textsl{The Spound Pattern of English}} and Early Generative Phonology}}

@book{arnason11:icel.far.phonology,
	address = {Oxford},
	author = {Kristj{\'a}n {\'A}rnason},
	booktitle = {The Phonology of {Icelandic} and {Faroese}},
	date-added = {2021-03-25 11:56:43 -0400},
	date-modified = {2021-03-25 11:58:47 -0400},
	publisher = {Oxford University Press},
	title = {The Phonology of {Icelandic} and {Faroese}},
	year = {2011}}

@article{dressler84:explaining.np,
	author = {Wolfgang U. Dressler},
	date-added = {2021-03-23 17:14:26 -0400},
	date-modified = {2021-03-23 17:15:43 -0400},
	journal = {Phonology Yearbook},
	pages = {29--51},
	title = {Explaining {Natural Phonology}},
	volume = {1},
	year = {1984}}

@article{donegan.stampe09:hypotheses,
	author = {Patricia Donegan and David Stampe},
	date-added = {2021-03-23 17:12:24 -0400},
	date-modified = {2021-03-23 17:13:53 -0400},
	journal = {Pozna{\'n} Studies in Contemporary Linguistics},
	number = {1},
	pages = {1--31},
	title = {Hypotheses of {Natural} {Phonology}},
	volume = {45},
	year = {2009}}

@article{edgerton43:early.american,
	author = {Franklin Edgerton},
	date-added = {2021-03-22 12:13:41 -0400},
	date-modified = {2021-03-22 12:14:59 -0400},
	journal = {Proceedings of the {American Philosophical Society}},
	pages = {25--34},
	title = {Notes on Early {American} Work in Linguistics},
	volume = {87},
	year = {1943}}

@book{andresen90:lx.in.america,
	address = {London and New York},
	author = {Julie Tetel Andresen},
	booktitle = {Linguistics in {America} 1769--1924},
	date-added = {2021-03-22 11:40:10 -0400},
	date-modified = {2021-03-22 11:42:00 -0400},
	publisher = {Routledge},
	title = {Linguistics in {America} 1769--1924},
	year = {1990}}

@article{foley65:sum,
	author = {James Foley},
	date-added = {2021-03-21 20:17:48 -0400},
	date-modified = {2021-03-21 20:18:45 -0400},
	journal = {Language},
	pages = {59--64},
	title = {Prothesis in the {Latin} Verb \emph{sum}},
	volume = {41},
	year = {1965}}

@article{nida:identification,
	author = {Eugene Nida},
	date-added = {2021-03-21 18:05:36 -0400},
	date-modified = {2021-03-21 18:05:36 -0400},
	journal = {Language},
	pages = {414--441},
	title = {The Identification of Morphemes},
	volume = {24},
	year = {1948}}

@book{stump01:inflect.morph.book,
	address = {Cambridge},
	author = {Gregory Stump},
	date-added = {2021-03-21 18:00:54 -0400},
	date-modified = {2021-03-21 18:01:22 -0400},
	publisher = {Cambridge University Press},
	title = {Inflectional Morphology: A Theory of Paradigm Structure},
	year = {2001}}

@incollection{halle.marantz93:bldg20,
	address = {Cambridge, MA},
	author = {Morris Halle and Alec Marantz},
	booktitle = {The View from Building 20},
	date-added = {2021-03-21 17:56:52 -0400},
	date-modified = {2021-03-21 17:57:14 -0400},
	editor = {Kenneth Hale and Samuel Jay Keyser},
	pages = {111--176},
	publisher = {MIT Pres},
	title = {Distributed Morphology and the Pieces of Inflection},
	year = {1993}}

@article{matthews65:wp,
	author = {Peter H. Matthews},
	date-added = {2021-03-21 17:52:42 -0400},
	date-modified = {2021-03-21 17:52:42 -0400},
	journal = {Journal of Linguistics},
	pages = {139--171},
	title = {The Inflectional Component of a Word-and-Paradigm Grammar},
	volume = {1},
	year = {1965}}

@book{lounsbury53:oneida_verb,
	address = {New Haven},
	author = {Floyd Glen Lounsbury},
	date-added = {2021-03-21 17:46:48 -0400},
	date-modified = {2021-03-21 17:46:48 -0400},
	number = 48,
	publisher = {Yale University Press},
	series = {Yale University Publications in Anthropology},
	title = {Oneida Verb Morphology},
	year = 1953}

@book{matthews72:infl,
	address = {Cambridge},
	author = {Peter H. Matthews},
	date-added = {2021-03-21 17:45:46 -0400},
	date-modified = {2021-03-21 17:45:56 -0400},
	publisher = {Cambridge University Press},
	title = {Inflectional Morphology},
	year = {1972}}

@book{matthews93:grammatical_theory,
	address = {Cambridge},
	author = {Peter H. Matthews},
	date-added = {2021-03-21 17:45:20 -0400},
	date-modified = {2021-03-21 17:45:33 -0400},
	publisher = {Cambridge University Press},
	title = {Grammatical Theory in the {United States} from {Bloomfield} to {Chomsky}},
	year = {1993}}

@article{hockett47:survey,
	author = {Charles F. Hockett},
	date-added = {2021-03-21 17:43:02 -0400},
	date-modified = {2021-03-21 17:43:16 -0400},
	journal = {Language},
	pages = {321--43},
	title = {Problems of Morphemic Analysis},
	volume = {23},
	year = {1947}}

@incollection{chomsky63:formalprops,
	address = {London and New York},
	author = {Noam Chomsky},
	booktitle = {Handbook of Mathematical Psychology},
	date-added = {2021-03-21 12:55:34 -0400},
	date-modified = {2021-03-21 12:57:30 -0400},
	editor = {R. Duncan Luce and Robert R. Bush and Eugene Galanter},
	pages = {323--418},
	publisher = {Wiley},
	title = {Formal Properties of Grammars},
	volume = {{II}},
	year = {1963}}

@incollection{newmeyer13:saussure,
	author = {Frederick J. Newmeyer},
	crossref = {sra.etal2013:19icl},
	date-added = {2021-03-21 12:51:48 -0400},
	date-modified = {2021-03-21 12:53:44 -0400},
	pages = {233--252},
	title = {Some Remarks on {Chomsky's} Reading of {Saussure}}}

@book{sra.etal2013:19icl,
	address = {Gen{\`e}ve-Paris},
	booktitle = {L'interface langage-cognition: Actes du 19e {Congr{\`e}s International des Linguistes}},
	date-added = {2021-03-21 12:48:44 -0400},
	date-modified = {2021-03-21 12:51:39 -0400},
	editor = {Stephen R. Anderson and Jacques Moeschler and Fabienne Reboul},
	publisher = {Droz},
	title = {L'interface langage-cognition: Actes du 19e {Congr{\`e}s International des Linguistes}},
	year = {2013}}

@book{joseph02:whitney.to-chomsky,
	address = {Amsterdam/Philadelphia},
	author = {John E. Joseph},
	booktitle = {From {Whitney} to {Chomsky}: Essays in the History of {American} Linguistics},
	date-added = {2021-03-21 12:41:21 -0400},
	date-modified = {2021-03-21 12:42:58 -0400},
	publisher = {John Benjamins},
	title = {From {Whitney} to {Chomsky}: Essays in the History of {American} Linguistics},
	year = {2002}}

@book{chomsky79:lg.and.resp,
	address = {New York},
	author = {Noam Chomsky},
	booktitle = {Language and Responsibility},
	date-added = {2021-03-21 11:16:41 -0400},
	date-modified = {2021-03-21 11:17:28 -0400},
	publisher = {Pantheon},
	title = {Language and Responsibility},
	year = {1979}}

@book{chomsky66:cartesian,
	address = {New York},
	author = {Noam Chomsky},
	booktitle = {Cartesian Linguistics},
	date-added = {2021-03-21 11:14:38 -0400},
	date-modified = {2021-03-21 11:15:30 -0400},
	publisher = {Harper \& Row},
	title = {Cartesian Linguistics},
	year = {1966}}

@incollection{chomsky62:3texas,
	author = {Noam Chomsky},
	crossref = {hill62:3texas},
	date-added = {2021-03-21 11:12:28 -0400},
	date-modified = {2021-03-21 11:13:45 -0400},
	pages = {124--158},
	title = {A Transformational Approach to Syntax}}

@book{postal68:aspects,
	address = {New York},
	author = {Paul M. Postal},
	booktitle = {Aspects of Phonological Theory},
	date-added = {2021-03-20 20:25:47 -0400},
	date-modified = {2021-03-20 20:25:47 -0400},
	publisher = {Harper \& Row},
	title = {Aspects of Phonological Theory},
	year = {1968}}

@article{chomsky:halle65:householder_reply,
	author = {Noam Chomsky and Morris Halle},
	date-added = {2021-03-20 20:16:05 -0400},
	date-modified = {2021-03-20 20:16:18 -0400},
	journal = {Journal of Linguistics},
	pages = {97--138},
	title = {Some Controversial Questions in Phonological Theory},
	volume = {1},
	year = {1965}}

@incollection{halle64:bases,
	address = {New York},
	author = {Morris Halle},
	booktitle = {The Structure of Language},
	date-added = {2021-03-20 20:05:05 -0400},
	date-modified = {2021-03-20 20:10:16 -0400},
	editor = {Jerrold A Fodor and Jerrold J. Katz},
	note = {Revised version of "Questions of Linguistics," supplement to \textsl{Il Nouvo Cimento} 13, Series 10, 1958, 494--517},
	pages = {324--333},
	publisher = {Prentice-Hall},
	title = {On the Bases of Phonology},
	year = {1964}}

@article{halle62:pigg,
	author = {Morris Halle},
	date-added = {2021-03-20 20:03:33 -0400},
	date-modified = {2021-03-20 20:04:46 -0400},
	journal = {Word},
	pages = {54--72},
	title = {Phonology in Generative Grammar},
	volume = {18},
	year = {1962}}

@book{chomsky64:cilt,
	address = {The Hague},
	author = {Noam Chomsky},
	date-added = {2021-03-20 18:56:53 -0400},
	date-modified = {2021-03-20 18:57:09 -0400},
	publisher = {Mouton \& Co.},
	title = {Current Issues in Linguistic Theory},
	year = {1964}}

@article{ferguson62:rvw.spr,
	author = {Charles A. Ferguson},
	date-added = {2021-03-20 17:42:40 -0400},
	date-modified = {2021-03-20 17:44:25 -0400},
	journal = {Language},
	pages = {284--298},
	title = {Review of \citealt{halle:spr}},
	volume = {38},
	year = {1962}}

@unpublished{chomsky59:4texas,
	author = {Noam Chomsky},
	date-added = {2021-03-20 17:27:25 -0400},
	date-modified = {2021-03-20 17:27:39 -0400},
	note = {Unpublished paper given at Fourth Texas Conference},
	title = {The Transformational Basis of Syntax},
	year = {1959}}

@article{lees57:rvw-ss,
	author = {Robert B. Lees},
	date-added = {2021-03-20 17:05:19 -0400},
	date-modified = {2021-03-20 17:07:35 -0400},
	journal = {Language},
	pages = {375--408},
	title = {Review of \cite{chomsky57:ss}},
	volume = {33},
	year = {1957}}

@book{chomsky57:ss,
	address = {The Hague},
	author = {Noam Chomsky},
	date-added = {2021-03-20 17:03:56 -0400},
	date-modified = {2021-03-20 17:04:13 -0400},
	publisher = {Mouton \& Co.},
	title = {Syntactic Structures},
	year = {1957}}

@book{chomsky85:lslt,
	address = {Chicago},
	author = {Noam Chomsky},
	booktitle = {The Logical Structure of Linguistic Theory},
	date-added = {2021-03-20 16:55:51 -0400},
	date-modified = {2021-03-20 16:57:16 -0400},
	note = {Edited version of 1955-1956 manuscript, with 1979 index; earlier edition published by Plenum Press, New York, copyright 1975},
	publisher = {University of Chicago Press},
	title = {The Logical Structure of Linguistic Theory},
	year = {1985}}

@book{chomsky79:mmh.revised,
	address = {New York},
	author = {Noam Chomsky},
	booktitle = {The Morphophonemics of {Modern Hebrew}},
	date-added = {2021-03-20 16:48:37 -0400},
	date-modified = {2021-03-20 16:50:58 -0400},
	note = {Revision of \citealt{chomsky51:mmh}},
	publisher = {Garland Publishing},
	title = {The Morphophonemics of {Modern Hebrew}},
	year = {1979}}

@mastersthesis{chomsky51:mmh,
	author = {Noam Chomsky},
	date-added = {2021-03-20 16:47:15 -0400},
	date-modified = {2021-03-20 16:48:14 -0400},
	school = {University of Pennsylvania},
	title = {The Morphophonemics of {Modern Hebrew}},
	year = {1951}}

@book{chomsky82:generative.enterprise,
	address = {Dordrecht},
	author = {Noam Chomsky and Riny Juybregts and Henk van Riemsdijk},
	booktitle = {{Noam Chomsky} on the Generative Enterprise : a Discussion with {Riny Huybregts} and {Henk van Riemsdijk}},
	date-added = {2021-03-20 16:31:40 -0400},
	date-modified = {2021-03-20 16:34:11 -0400},
	publisher = {Foris},
	title = {{Noam Chomsky} on the Generative Enterprise : a Discussion with {Riny Huybregts} and {Henk van Riemsdijk}},
	year = {1982}}

@book{hill62:3texas,
	address = {Austin},
	booktitle = {Proceedings of the Third {Texas} Conference on Problems of Linguistic Analysis in {English}},
	date-added = {2021-03-20 14:34:31 -0400},
	date-modified = {2021-03-20 14:34:53 -0400},
	editor = {Archibald A. Hill},
	publisher = {University of Texas Press},
	title = {Proceedings of the Third {Texas} Conference on Problems of Linguistic Analysis in {English}},
	year = {1962}}

@book{chomsky66:topics,
	address = {The Hague},
	author = {Noam Chomsky},
	booktitle = {Topics in the Theory of Generative Grammar},
	date-added = {2021-03-20 14:29:36 -0400},
	date-modified = {2021-03-20 14:30:38 -0400},
	publisher = {Mouton \& Co.},
	title = {Topics in the Theory of Generative Grammar},
	year = {1966}}

@article{lieberman65:intonation,
	author = {Philip Lieberman},
	booktitle = {On the Acoustic Basis of the Perception of Intonation by Linguists},
	date-added = {2021-03-20 14:18:52 -0400},
	date-modified = {2021-03-20 14:20:32 -0400},
	journal = {Word},
	pages = {40--54},
	title = {On the Acoustic Basis of the Perception of Intonation by Linguists},
	volume = {21},
	year = {1965}}

@article{bloch46:japanese.syntax,
	author = {Bernard Bloch},
	date-added = {2021-03-20 14:11:20 -0400},
	date-modified = {2021-03-20 14:13:37 -0400},
	journal = {Language},
	pages = {200--248},
	title = {Studies in Colloquial {Japanese} {II}: Syntax},
	volume = {22},
	year = {1946}}

@book{sommerstein77:mod.phon,
	address = {London},
	author = {Alan Sommerstein},
	booktitle = {Modern Phonology},
	date-added = {2021-03-20 13:38:29 -0400},
	date-modified = {2021-03-20 13:39:53 -0400},
	publisher = {Edwin Arnold},
	title = {Modern Phonology},
	year = {1977}}

@book{kenstowicz.kisseberth79:gen.phon,
	address = {New York},
	author = {Michael Kenstowicz and Charles Kisseberth},
	date-added = {2021-03-20 13:37:12 -0400},
	date-modified = {2021-03-20 13:37:48 -0400},
	publisher = {Academic Press},
	title = {Generative Phonology},
	year = {1979}}

@book{alter05:whitney,
	address = {Baltimore and London},
	author = {Stephen G. Alter},
	booktitle = {{William Dwight Whitney} and the Science of Language},
	date-added = {2021-03-20 13:13:30 -0400},
	date-modified = {2021-03-20 13:15:49 -0400},
	publisher = {Johns Hopkins University Press},
	series = {{The Johns Hopkins University} Studies in Historical and Political Science 1},
	title = {{William Dwight Whitney} and the Science of Language},
	year = {2005}}

@incollection{sra03:iel2.ordering,
	address = {Oxford},
	author = {Stephen R. Anderson},
	booktitle = {International Encyclopedia of Linguistics, Second Edition},
	date-added = {2021-03-20 10:20:17 -0400},
	date-modified = {2021-03-20 10:40:14 -0400},
	editor = {William J. Frawley},
	pages = {311--314},
	publisher = {Oxford University Press},
	title = {Phonological Derivations: Rule Ordering},
	volume = {3},
	year = {2003}}

@incollection{sra12:the-morpheme,
	address = {Oxford},
	author = {Stephen R. Anderson},
	booktitle = {Oxford Handbook of Inflection},
	date-added = {2021-03-19 16:06:32 -0400},
	date-modified = {2021-03-19 16:06:32 -0400},
	editor = {Matthew Baerman},
	pages = {11--34},
	publisher = {Oxford University Press},
	title = {The Morpheme: Its Nature and Use},
	year = {2015}}

@article{moulton47:juncture,
	author = {William Moulton},
	date-added = {2021-03-19 12:53:59 -0400},
	date-modified = {2021-03-19 14:54:13 -0400},
	journal = {Language},
	pages = {212--226},
	title = {Juncture in {M}odern {S}tandard {G}erman},
	volume = {23},
	year = {1947}}

@article{bloch50:japanese,
	author = {Bernard Bloch},
	date-added = {2021-03-18 20:54:49 -0400},
	date-modified = {2021-03-18 20:56:57 -0400},
	journal = {Language},
	pages = {86--125},
	title = {Studies in Colloquial {Japanese} {IV}: Phonemics},
	volume = {26},
	year = {1950}}

@article{chomsky59:review_skinner,
	author = {Noam Chomsky},
	date-added = {2021-03-17 21:10:29 -0400},
	date-modified = {2021-03-17 21:12:50 -0400},
	journal = {Language},
	pages = {547--578},
	title = {Review of \citet{skinner57:verbal.behavior}},
	volume = {35},
	year = {1959}}

@book{skinner57:verbal.behavior,
	address = {Acton, MA},
	author = {Burrhus Frederick Skinner},
	booktitle = {Verbal Behavior},
	date-added = {2021-03-17 21:10:24 -0400},
	date-modified = {2021-03-17 21:37:21 -0400},
	keywords = {language acquisition},
	publisher = {Copley Publishing Group},
	title = {Verbal Behavior},
	year = {1957}}

@article{hall91:165broadway,
	author = {Robert A. Hall},
	date-added = {2021-03-17 17:52:02 -0400},
	date-modified = {2021-03-17 17:53:14 -0400},
	journal = {Historiographia Linguistica},
	pages = {153--166},
	title = {165 {Broadway}},
	volume = {18},
	year = {1991}}

@incollection{haas41:tunica,
	address = {New York},
	author = {Mary R. Haas},
	booktitle = {Handbook of {American Indian} Languages},
	date-added = {2021-03-17 16:56:18 -0400},
	date-modified = {2021-03-19 15:00:15 -0400},
	editor = {Franz Boas},
	note = {[Issued separately. No other parts of volume 4 of the \textsl{Handbook of American Indian Languages} were published]},
	pages = {1--143},
	publisher = {J. J. Augustin},
	title = {Tunica},
	volume = {4},
	year = {1941}}

@incollection{bloomfield24:menomini,
	address = {Leiden},
	author = {Leonard Bloomfield},
	booktitle = {Proceedings of the Twenty-First International Congress of {Americanists} (Part 1, {The Hague})},
	date-added = {2021-03-17 13:44:51 -0400},
	date-modified = {2021-03-17 13:49:27 -0400},
	pages = {336--343},
	publisher = {E. J.Brill},
	title = {The {Menomini} Language},
	year = {1924}}

@incollection{heaton.etal21:women.in.lx,
	address = {Oxford},
	author = {Raina Heaton and Eve Okura Koller and Lyle Campbell},
	booktitle = {Women in the Hisotry of Linguistics},
	chapter = {13},
	date-added = {2021-03-17 12:51:33 -0400},
	date-modified = {2021-03-17 12:56:22 -0400},
	editor = {Wendy Ayres-Bennett and Helena Sanson},
	publisher = {Oxford University Press},
	title = {Women in the History of {American Indian} Linguistics},
	year = {2021}}

@article{golla.matisoff97:haas.obit,
	author = {Victor Golla and James T. Matisoff},
	date-added = {2021-03-17 12:48:03 -0400},
	date-modified = {2021-03-17 12:49:38 -0400},
	journal = {Language},
	pages = {826--837},
	title = {{Mary R. Haas}},
	volume = {73},
	year = {1997}}

@article{swadesh34:phoneme,
	author = {Morris Swadesh},
	date-added = {2021-03-15 17:42:33 -0400},
	date-modified = {2021-03-15 17:43:27 -0400},
	journal = {Language},
	pages = {117--129},
	title = {The Phonemic Principle},
	volume = {10},
	year = {1934}}

@article{hockett93:trager.obit,
	author = {Charles F. Hockett},
	date-added = {2021-03-15 17:25:07 -0400},
	date-modified = {2021-03-15 17:26:21 -0400},
	journal = {Language},
	pages = {778--788},
	title = {{George Leonard Trager}},
	volume = {69},
	year = {1993}}

@article{kent34:rvw.bloomfield,
	author = {Roland G. Kent},
	date-added = {2021-03-15 14:31:14 -0400},
	date-modified = {2021-03-15 14:32:34 -0400},
	journal = {Language},
	pages = {40--48},
	title = {Review of \citealt{bloomfield:lg}},
	volume = {10},
	year = {1934}}

@article{trager34:russian,
	author = {George L. Trager},
	date-added = {2021-03-15 14:28:18 -0400},
	date-modified = {2021-03-15 14:29:25 -0400},
	journal = {Language},
	pages = {334--344},
	title = {The Phonemes of {Russian}},
	volume = {10},
	year = {1934}}

@article{halle.stevens62:analysis.by.synthesis,
	author = {Morris Halle and Kenneth Stevens},
	date-added = {2021-03-15 14:12:45 -0400},
	date-modified = {2021-03-15 14:14:46 -0400},
	journal = {IRE Transactions on Information Theory},
	pages = {155--159},
	title = {Speech Recognition: A Model and a Program for Research},
	volume = {IT 8},
	year = {1962}}

@book{joos48:acoustics,
	address = {Baltimore},
	author = {Martin Joos},
	booktitle = {Acoustic Phonetics},
	date-added = {2021-03-14 15:49:20 -0400},
	date-modified = {2021-03-14 15:50:53 -0400},
	publisher = {Waverly Press},
	series = {\textsl{Language} Monograph 23},
	title = {Acoustic Phonetics},
	year = {1948}}

@book{pike43:phonetics,
	address = {Ann Arbor, MI},
	author = {Kenneth L. Pike},
	booktitle = {Phonetics},
	date-added = {2021-03-14 15:46:52 -0400},
	date-modified = {2021-03-14 15:47:53 -0400},
	publisher = {University of Michigan Press},
	title = {Phonetics},
	year = {1943}}

@article{newmeyer19:joos.readings,
	author = {Frederick J. Newmeyer},
	date-added = {2021-03-13 20:55:34 -0500},
	date-modified = {2021-03-13 20:56:42 -0500},
	journal = {Historiographia Linguistica},
	pages = {73--130},
	title = {{Martin Joos's} {Readings in Linguistics}},
	volume = {46},
	year = {2019}}

@book{trager.smith51:outline,
	address = {Norman, OK},
	author = {George L. Trager and Henry Lee Smith},
	date-added = {2021-03-13 20:41:47 -0500},
	date-modified = {2021-03-13 20:42:56 -0500},
	publisher = {Battenburg Press},
	series = {Studies in Linguistics, Occasional Papers},
	title = {An Outline of {E}nglish Structure},
	volume = {3},
	year = {1951}}

@article{trager.bloch41:syllabics,
	author = {George L. Trager and Bernard Bloch},
	date-added = {2021-03-13 20:26:55 -0500},
	date-modified = {2021-03-13 20:28:23 -0500},
	journal = {Language},
	pages = {223--246},
	title = {The Syllabic Phonemes of {English}},
	volume = {17},
	year = {1941}}

@article{miner81:bloomfield,
	author = {Kenneth Miner},
	date-added = {2021-03-13 14:40:44 -0500},
	date-modified = {2021-03-13 14:42:05 -0500},
	journal = {International Journal of {American} Linguistics},
	pages = {310--322},
	title = {Bloomfield's Process Morphology and {Kiparsky's} Opacity},
	volume = {47},
	year = {1981}}

@book{bloomfield62:menomini,
	address = {New Haven},
	author = {Leonard Bloomfield},
	date-added = {2021-03-13 14:21:39 -0500},
	date-modified = {2021-03-13 14:21:59 -0500},
	note = {[Charles F. Hockett, ed.]},
	publisher = {Yale University Press},
	title = {The {Menomini} Language},
	year = {1962}}

@book{kiparsky79:panini,
	address = {Cambridge, MA},
	author = {Paul Kiparsky},
	booktitle = {P{\=a}{\d n}̣ini as a Variationist},
	date-added = {2021-03-13 13:48:28 -0500},
	date-modified = {2021-03-13 13:50:17 -0500},
	publisher = {MIT Press},
	title = {P{\=a}{\d n}̣ini as a Variationist},
	year = {1979}}

@book{hymes83:hist.ling.anthro,
	address = {Amsterdam/Philadelphia},
	author = {Dell H. Hymes},
	booktitle = {Essays in the History of Linguistic Anthropology},
	date-added = {2021-03-13 13:26:49 -0500},
	date-modified = {2021-03-13 13:29:16 -0500},
	publisher = {John Benjamin},
	series = {Amsterdam Studies in the Theory and History of Linguistic Science 25},
	title = {Essays in the History of Linguistic Anthropology},
	year = {1983}}

@article{pike47:gppa,
	author = {Kenneth L. Pike},
	date-added = {2021-03-12 17:51:55 -0500},
	date-modified = {2021-03-12 17:52:14 -0500},
	journal = {Word},
	pages = {155--172},
	title = {Grammatical Prerequisites to Phonemic Analysis},
	volume = {3},
	year = {1947}}

@article{pike52:mogp,
	author = {Kenneth L. Pike},
	date-added = {2021-03-12 17:51:55 -0500},
	date-modified = {2021-03-12 17:52:33 -0500},
	journal = {Word},
	pages = {106--121},
	title = {More on Grammatical Prerequisites},
	volume = {8},
	year = {1952}}

@article{bloomfield30:german.velars,
	author = {Leonard Bloomfield},
	date-added = {2021-03-12 17:30:28 -0500},
	date-modified = {2021-03-14 09:25:56 -0400},
	journal = {Le ma{\^\i}tre phon{\'e}tique},
	pages = {27--28},
	title = {ʤr̩mn̩ {\c c}̧ ɛnd x},
	volume = {8 (45)(30), troisi{\`e}me s{\'e}rie},
	year = {1930}}

@incollection{shahin11:pharyngeals,
	author = {Kimary Shahin},
	booktitle = {The {Blackwell} Companion to Phonology},
	chapter = {25},
	date-added = {2021-03-12 17:14:20 -0500},
	date-modified = {2021-03-12 17:22:09 -0500},
	editor = {Marc Oostendorp and C.J. Ewen and E. Hume and K. Rice},
	pages = {1--24},
	publisher = {{American Cancer Society}},
	title = {Pharyngeals},
	year = {2011}}

@article{ladefoged80:sounds,
	author = {Peter Ladefoged},
	date-added = {2021-03-12 16:43:29 -0500},
	date-modified = {2021-03-12 16:44:46 -0500},
	journal = {Language},
	pages = {485--502},
	title = {What are Linguistic Sounds Made of?},
	volume = {56},
	year = {1980}}

@article{bloomfield.bolling27:transcription,
	author = {Leonard Bloomfield and George M. Bolling},
	date-added = {2021-03-12 16:25:17 -0500},
	date-modified = {2021-03-12 16:26:44 -0500},
	journal = {Language},
	pages = {123--129},
	title = {What Symbols Shall We Use?},
	volume = {3},
	year = {1927}}

@incollection{fowler86:tillohash,
	author = {Carol S. Fowler and Donald D. Fowler},
	crossref = {cowan.etal86:sapir.centennial},
	date-added = {2021-03-12 09:51:43 -0500},
	date-modified = {2021-03-12 09:53:21 -0500},
	pages = {41--65},
	title = {{Edward Sapir}, {Tony Tillohash}, and {Southern Paiute} Studies}}

@incollection{haas84:sapir.training,
	author = {Mary R. Haas},
	crossref = {koerner84:sapir.appraisals},
	date-added = {2021-03-12 09:36:13 -0500},
	date-modified = {2021-03-12 09:37:29 -0500},
	pages = {115--118},
	title = {Sapir and the Training of Anthropological Linguists}}

@article{smith91:language.revisions,
	author = {Sidney R. Smith},
	date-added = {2021-03-11 18:07:21 -0500},
	date-modified = {2021-03-22 10:15:28 -0400},
	journal = {Historiographia Linguistica},
	pages = {167--180},
	title = {{Bloomfield's} Revisions of \textsl{{Language}}},
	volume = {18},
	year = {1991}}

@article{bloomfield44:secondary,
	author = {Leonard Bloomfield},
	date-added = {2021-03-11 17:39:26 -0500},
	date-modified = {2021-03-11 17:40:50 -0500},
	journal = {Language},
	pages = {45--55},
	title = {Secondary and Tertiary Responses to Language},
	volume = {20},
	year = {1944}}

@incollection{rogers87:bloomfield.panini,
	author = {David E. Rogers},
	crossref = {hall87:bloomfield.essays},
	date-added = {2021-03-11 17:12:46 -0500},
	date-modified = {2021-03-15 09:52:10 -0400},
	pages = {89--138},
	title = {The Influence of {P{\=a}{\d n}ini} on {Leonard Bloomfield}}}

@book{koerner84:sapir.appraisals,
	address = {Amsterdam/Philadelphia},
	booktitle = {{Edward Sapir} --- Appraisals of his Life and Work},
	date-added = {2021-03-11 16:56:12 -0500},
	date-modified = {2021-03-11 16:57:56 -0500},
	editor = {Konrad Koerner},
	publisher = {John Benjamins},
	series = {Studies in the History of the Language Sciences 36},
	title = {{Edward Sapir} --- Appraisals of his Life and Work},
	year = {1984}}

@book{cowan.etal86:sapir.centennial,
	address = {Amsterdam/Philadelphia},
	booktitle = {New Perspectives in Language, Culture, and Personality: Proceedings of the {Edward Sapir} Centenary Conference ({Ottawa, 1--3 October} 1984)},
	date-added = {2021-03-11 16:32:37 -0500},
	date-modified = {2021-03-11 16:37:05 -0500},
	editor = {William Cowan and Michael K. Foster and Konrad Koerner},
	publisher = {John Benjamins},
	series = {Studies in the History of the Language Sciences 41},
	title = {New Perspectives in Language, Culture, and Personality: Proceedings of the {Edward Sapir} Centenary Conference ({Ottawa, 1--3 October} 1984)},
	year = {1986}}

@incollection{haas76:boas.sapir.bloomfield,
	author = {Mary R. Haas},
	crossref = {chafe76:lsa50.2nd.symposium},
	date-added = {2021-03-11 09:37:37 -0500},
	date-modified = {2021-03-11 09:39:27 -0500},
	pages = {59--69},
	title = {{Boas}, {Sapir}, and {Bloomfield}}}

@book{chafe76:lsa50.2nd.symposium,
	address = {Lisse},
	booktitle = {{American Indian} Linguistics and {American} Linguistics},
	date-added = {2021-03-11 09:35:49 -0500},
	date-modified = {2021-03-11 09:37:31 -0500},
	editor = {Wallace L. Chafe},
	publisher = {Peter de Ridder},
	title = {{American Indian} Linguistics and {American} Linguistics},
	year = {1976}}

@book{fought99:bloomfield,
	address = {London and New York},
	booktitle = {{Leonard Bloomfield}: Critical Assessments of Leading Linguists},
	date-added = {2021-03-10 20:40:41 -0500},
	date-modified = {2021-03-10 20:49:03 -0500},
	editor = {John Fought},
	publisher = {Routledge},
	title = {{Leonard Bloomfield}: Critical Assessments of Leading Linguists},
	year = {1999}}

@article{stark72:bloomfield,
	author = {Bruce R. Stark},
	date-added = {2021-03-10 20:38:01 -0500},
	date-modified = {2021-03-10 20:39:23 -0500},
	journal = {Lingua},
	pages = {385--421},
	title = {The {Bloomfieldian} Model},
	volume = {30},
	year = {1972}}

@book{esper68:bloomfield,
	address = {New York},
	author = {Erwin A. Esper},
	booktitle = {Mentalism and Objectivism in Linguistics: The Sources of {Leonard Bloomfield's} Psychology of Language},
	date-added = {2021-03-10 20:32:50 -0500},
	date-modified = {2021-03-10 20:35:58 -0500},
	publisher = {American Elsevier},
	title = {Mentalism and Objectivism in Linguistics: The Sources of {Leonard Bloomfield's} Psychology of Language},
	year = {1968}}

@book{bloomfield14:introduction,
	address = {New York},
	author = {Leonard Bloomfield},
	booktitle = {An Introduction to the Study of Language},
	date-added = {2021-03-10 13:27:09 -0500},
	date-modified = {2021-03-10 13:27:09 -0500},
	publisher = {Holt},
	title = {An Introduction to the Study of Language},
	year = {1914}}

@book{bloomfield16:tagalog,
	address = {Urbana},
	author = {Leonard Bloomfield},
	date-added = {2021-03-10 13:19:51 -0500},
	date-modified = {2021-03-10 13:20:56 -0500},
	publisher = {University of Illinois},
	series = {University of {Illinois} Studies in Language and Literature},
	title = {Tagalog Texts with Grammatical Analysis},
	volume = {III, Nos. 2--4},
	year = {1917}}

@article{bloomfield10:thesis2,
	author = {Leonard Bloomfield},
	date-added = {2021-03-09 18:01:28 -0500},
	date-modified = {2021-03-09 18:03:25 -0500},
	journal = {Modern Philology},
	pages = {345--382},
	title = {A Semasiologic Difference in {Germanic} Secondary {Ablaut} {II}},
	volume = {7},
	year = {1910}}

@article{bloomfield09:thesis1,
	author = {Leonard Bloomfield},
	date-added = {2021-03-09 17:59:34 -0500},
	date-modified = {2021-03-09 18:01:23 -0500},
	journal = {Modern Philology},
	pages = {245--288},
	title = {A Semasiologic Difference in {Germanic} Secondary {Ablaut} {I}},
	volume = {7},
	year = {1909}}

@article{bloomfield26:postulates,
	author = {Leonard Bloomfield},
	date-added = {2021-03-09 17:01:36 -0500},
	date-modified = {2021-03-09 17:02:43 -0500},
	journal = {Language},
	pages = {153--164},
	title = {A Set of Postulates for the study of Language},
	volume = {2},
	year = {1926}}

@article{hill91:lsa,
	author = {Archibald A. Hill},
	date-added = {2021-03-09 16:56:47 -0500},
	date-modified = {2021-03-09 16:58:16 -0500},
	journal = {Historiographia Linguistica},
	pages = {49--152},
	title = {The {Linguistic Society of America} and {North American} Linguistics, 1950--1968},
	volume = {18},
	year = {1991}}

@article{murray91:lsa,
	author = {Stephen O. Murray},
	date-added = {2021-03-09 16:53:17 -0500},
	date-modified = {2021-03-09 16:55:01 -0500},
	journal = {Historiographia Linguistica},
	pages = {1--48},
	title = {The First Quarter Century of the {Linguistic Society of America}},
	volume = {18},
	year = {1991}}

@unpublished{wells74:lx-at-yale,
	author = {Rulon S. Wells},
	date-added = {2021-03-09 13:45:32 -0500},
	date-modified = {2021-03-09 13:48:21 -0500},
	note = {Yale University Manuscripts and Archives Repository, Call Number: RU 428, Series Accession 1975-A-005},
	title = {Linguistics at {Yale}, 1931--1946},
	year = {1974}}

@article{halle88:bloomfield-jakobson,
	author = {Morris Halle},
	date-added = {2021-03-09 10:22:34 -0500},
	date-modified = {2021-03-09 10:23:46 -0500},
	journal = {Language},
	pages = {737--754},
	title = {The {Bloomfield}-{Jakobson} Correspondence, 1944--1946},
	volume = {64},
	year = {1988}}

@article{hockett99:bloomfield.bio,
	author = {Charles F. Hockett},
	date-added = {2021-03-07 13:52:50 -0500},
	date-modified = {2021-03-07 13:54:14 -0500},
	journal = {Historiographia Linguistica},
	pages = {295--311},
	title = {{Leonard Bloomfield}: After Fifty Years},
	volume = {26},
	year = {1999}}

@book{hall90:bloomfield.bio,
	address = {Amsterdam/Philadelphia},
	author = {Robert A. Hall},
	booktitle = {A Life for Language: A Biographical Memoir of {Leonard Bloomfield}},
	date-added = {2021-03-07 13:44:59 -0500},
	date-modified = {2021-03-07 13:46:47 -0500},
	number = {55},
	publisher = {John Benjamins},
	series = {Studies in the History of the Language Sciences},
	title = {A Life for Language: A Biographical Memoir of {Leonard Bloomfield}},
	year = {1990}}

@book{hall87:bloomfield.essays,
	address = {Amsterdam/Philadelphia},
	date-added = {2021-03-07 13:37:22 -0500},
	date-modified = {2021-03-08 14:47:35 -0500},
	editor = {Robert A. Hall},
	note = {With the collaboration of Konrad Koerner},
	number = {47},
	publisher = {John Benjamins},
	series = {Studies in the History of the Language Sciences},
	title = {{Leonard Bloomfield}: Essays on his Life and Work},
	year = {1987}}

@incollection{darden84:s.paiute,
	address = {Boulder},
	author = {Bill J. Darden},
	booktitle = {1983 {Mid-America Linguistics Conference} Papers},
	date-added = {2021-03-06 14:07:00 -0500},
	date-modified = {2021-03-06 14:10:10 -0500},
	pages = {120--129},
	publisher = {University of Colorado},
	title = {Reduplication and the Underlying Consonant System of {Southern Paiute}},
	year = {1984}}

@article{sapir30:ute.texts,
	author = {Edward Sapir},
	date-added = {2021-03-05 14:48:10 -0500},
	date-modified = {2021-03-05 14:49:57 -0500},
	journal = {Proceedings of the {American Academy of Arts and Sciences}},
	number = {2},
	pages = {297--536},
	title = {Texts of the {Kaibab Paiutes} and {Uintah Utes}},
	volume = {65},
	year = {1930}}

@incollection{hale73:lardil,
	address = {The Hague},
	author = {Kenneth Hale},
	booktitle = {Current Trends in Linguistics},
	date-added = {2021-03-05 14:17:19 -0500},
	date-modified = {2021-03-05 14:17:32 -0500},
	pages = {401--458},
	publisher = {Mouton},
	title = {Deep-surface Canonical Disparities in Relation to Analysis and Change: An {Australian} Example},
	volume = {11},
	year = {1973}}

@article{harms66:s.paiute,
	author = {Robert Harms},
	date-added = {2021-03-05 13:43:12 -0500},
	date-modified = {2021-03-05 13:44:40 -0500},
	journal = {International Journal of American Linguistics},
	pages = {228-235},
	title = {Stress, Voice and Length in {Southern Paiute}},
	volume = {32},
	year = {1966}}

@incollection{kenstowicz75:application,
	address = {The Hague},
	author = {Michael Kenstowicz},
	booktitle = {The Application and Ordering of Phonological Rules},
	date-added = {2021-03-05 11:03:18 -0500},
	date-modified = {2021-03-05 11:06:30 -0500},
	editor = {Andreas Koutsoudas},
	pages = {259--282},
	publisher = {Mouton \& Co.},
	title = {Rule Application in Pregenerative {American} Phonology},
	year = {1975}}

@book{hockett68:state.of.the.art,
	address = {The Hague},
	author = {Charles F. Hockett},
	booktitle = {The STate of the Art},
	date-added = {2021-03-05 10:11:06 -0500},
	date-modified = {2021-03-05 10:12:06 -0500},
	publisher = {Mouton \& Co.},
	title = {The State of the Art},
	year = {1968}}

@book{hockett55:manual,
	address = {Baltimore},
	author = {Charles F. Hockett},
	booktitle = {A Manual of Phonology},
	date-added = {2021-03-05 10:09:54 -0500},
	date-modified = {2021-03-05 10:11:02 -0500},
	publisher = {Waverly Press},
	title = {A Manual of Phonology},
	year = {1955}}

@article{hockett54:two.models,
	author = {Charles F. Hockett},
	date-added = {2021-03-05 10:08:35 -0500},
	date-modified = {2021-03-05 10:09:39 -0500},
	journal = {Word},
	pages = {210--231},
	title = {Two Models of Grammatical Description},
	volume = {10},
	year = {1954}}

@article{hockett48:structure,
	author = {Charles F. Hockett},
	date-added = {2021-03-05 10:07:35 -0500},
	date-modified = {2021-03-05 10:08:31 -0500},
	journal = {International Journal of {American} Linguistics},
	pages = {269--271},
	title = {A Note on Structure},
	volume = {14},
	year = {1948}}

@article{hockett47:problems,
	author = {Charles F. Hockett},
	date-added = {2021-03-05 10:06:26 -0500},
	date-modified = {2021-03-05 10:07:29 -0500},
	journal = {Language},
	pages = {321--343},
	title = {Problems of Morphemic Analysis},
	volume = {23},
	year = {1947}}

@article{hockett42:system,
	author = {Charles F. Hockett},
	date-added = {2021-03-05 10:05:20 -0500},
	date-modified = {2021-03-05 10:06:21 -0500},
	journal = {Language},
	pages = {3--21},
	title = {A System of Descriptive Phonology},
	volume = {18},
	year = {1942}}

@book{mohrmann61:trends,
	address = {Utrecht and Antwerp},
	booktitle = {Trends in {European} and {American} Linguistics 1930-1960},
	date-added = {2021-03-04 17:48:56 -0500},
	date-modified = {2021-03-04 17:50:04 -0500},
	editor = {Christine Mohrmann and F. Norman and Alf Sommerfelt},
	publisher = {Spectrum},
	title = {Trends in {European} and {American} Linguistics 1930-1960},
	year = {1961}}

@article{sapir31:s.paiute.dict,
	author = {Edward Sapir},
	booktitle = {{Southern Paiute} Dictionary},
	date-added = {2021-03-04 17:41:26 -0500},
	date-modified = {2021-03-04 17:43:53 -0500},
	journal = {Proceedings of the {American Academy of Arts and Sciences}},
	number = {3},
	pages = {537--730},
	title = {{Southern Paiute} Dictionary},
	volume = {65},
	year = {1931}}

@incollection{sra90:krems,
	address = {Berlin},
	author = {Stephen R. Anderson},
	booktitle = {Contemporary Morphology},
	date-added = {2021-03-03 17:54:24 -0500},
	date-modified = {2021-03-03 17:58:08 -0500},
	editor = {Wolfgang U. Dressler and Hans C. Lusch{\"u}tzky and Oskar E. Pfeiffer and John R. Rennison},
	pages = {277--295},
	publisher = {Mouton de Gruyter},
	title = {Sapir's Approach to Typology and Current Issues in Morphology},
	year = {1990}}

@book{freeman83:mead.samoa,
	address = {Cambridge, MA},
	author = {Derek Freeman},
	booktitle = {{Margaret Mead} and {Samoa}: The Making and Unmaking of an Anthropological Myth},
	date-added = {2021-03-03 17:29:27 -0500},
	date-modified = {2021-03-03 17:30:56 -0500},
	publisher = {Harvard University Press},
	title = {{Margaret Mead} and {Samoa}: The Making and Unmaking of an Anthropological Myth},
	year = {1983}}

@book{mead28:samoa,
	address = {New York},
	author = {Margaret Mead},
	booktitle = {Coming of Age in {Samoa}},
	date-added = {2021-03-03 17:23:27 -0500},
	date-modified = {2021-03-03 17:24:23 -0500},
	publisher = {William Morrow},
	title = {Coming of Age in {Samoa}},
	year = {1928}}

@book{hockett70:bloomfield.anthology,
	address = {Bloomington},
	booktitle = {A {Leonard Bloomfield} Anthology},
	date-added = {2021-03-03 13:57:21 -0500},
	date-modified = {2021-03-03 13:58:45 -0500},
	editor = {Charles F. Hockett},
	publisher = {Indiana University Press},
	title = {A {Leonard Bloomfield} Anthology},
	year = {1970}}

@article{sapir38:glottalized.continuants,
	author = {Edward Sapir},
	date-added = {2021-03-02 13:19:34 -0500},
	date-modified = {2021-03-02 13:19:34 -0500},
	journal = {Language},
	pages = {248--274},
	title = {Glottalized Continuants in {Navaho}, {Nootka} and {Kwakiutl} (with a Note on {Indo-European})},
	volume = {14},
	year = {1938}}

@article{sapir33:reality,
	author = {Edward Sapir},
	date-added = {2021-03-02 13:16:03 -0500},
	date-modified = {2021-03-02 13:17:42 -0500},
	journal = {Journal de psychologie normale et pathologique},
	pages = {247--265},
	title = {La r{\'e}alit{\'e} psychologique du phon{\`e}me},
	volume = {30},
	year = {1933}}

@article{sapir30:s.paiute,
	address = {New York},
	author = {Edward Sapir},
	date-added = {2021-03-02 13:09:46 -0500},
	date-modified = {2021-03-04 17:40:43 -0500},
	journal = {Proceedings of the {American Academy of Arts and Sciences}},
	number = {1},
	pages = {1--296},
	title = {{Southern Paiute}: A {Shoshonean} Language},
	volume = {65},
	year = {1930}}

@article{sapir25:sound.patterns,
	author = {Edward Sapir},
	date-added = {2021-03-02 13:08:07 -0500},
	date-modified = {2021-03-02 13:09:16 -0500},
	journal = {Language},
	pages = {37--51},
	title = {Sound Patterns in Language},
	volume = {1},
	year = {1925}}

@incollection{sapir22:takelma,
	author = {Edward Sapir},
	crossref = {boas:handbook_2},
	date-added = {2021-03-02 13:07:08 -0500},
	date-modified = {2021-03-02 13:07:51 -0500},
	pages = {3--296},
	title = {Takelma}}

@book{sapir21:language,
	address = {New York},
	author = {Edward Sapir},
	booktitle = {Language},
	date-added = {2021-03-02 13:05:36 -0500},
	date-modified = {2021-03-02 13:06:39 -0500},
	publisher = {Harcourt, Brace \& Co.},
	title = {Language},
	year = {1921}}

@book{sapir16:time.perspective,
	address = {Ottawa},
	author = {Edward Sapir},
	booktitle = {Time Perspective in {Aboriginal American} Culture: A Study in Method},
	date-added = {2021-03-02 13:02:27 -0500},
	date-modified = {2021-03-02 13:05:00 -0500},
	number = {90},
	publisher = {Government Printing Office},
	series = {Canadian Geological Survey Memoire},
	title = {Time Perspective in {Aboriginal American} Culture: A Study in Method},
	year = {1916}}

@book{murray93:theory.groups,
	address = {Amsterdam/Philadelphia},
	author = {Stephen O. Murray},
	booktitle = {Theory Groups and the Study of Language in {North America}},
	date-added = {2021-03-02 11:44:30 -0500},
	date-modified = {2021-03-02 11:49:00 -0500},
	number = {69},
	publisher = {John Benjamins},
	series = {Amsterdam Studies in the Theory and History of Linguistic Science},
	title = {Theory Groups and the Study of Language in {North America}},
	year = {1993}}

@article{murray81:sapir.canada,
	author = {Stephen O. Murray},
	date-added = {2021-03-02 11:15:41 -0500},
	date-modified = {2021-03-02 11:18:08 -0500},
	journal = {Historiographia Linguistica},
	pages = {63--68},
	title = {The {Canadian} "Winter" of {Edward Sapir}},
	volume = {8},
	year = {1981}}

@article{siskin91:rvw.darnell,
	author = {Edgar Siskin},
	date-added = {2021-03-01 16:52:20 -0500},
	date-modified = {2021-03-01 16:54:34 -0500},
	journal = {Language},
	pages = {620--624},
	title = {Review of \citealt{darnell90:sapir}},
	volume = {67},
	year = {1991}}

@book{darnell90:sapir,
	address = {Berkeley},
	author = {Regna Darnell},
	date-added = {2021-03-01 16:51:49 -0500},
	date-modified = {2021-03-01 16:52:15 -0500},
	publisher = {University of California Press},
	title = {{Edward Sapir}},
	year = {1990}}

@article{silverstein91:rvw.darnell,
	author = {Michael Silverstein},
	date-added = {2021-03-01 16:14:04 -0500},
	date-modified = {2021-03-01 16:15:31 -0500},
	journal = {Historiographia Linguistica},
	pages = {181--204},
	title = {Problems of {Sapir} Historiography},
	volume = {18},
	year = {1991}}

@incollection{boas11:tsimshian,
	author = {Franz Boas},
	crossref = {boas:handbook_1},
	date-added = {2021-02-28 15:15:17 -0500},
	date-modified = {2021-02-28 15:18:36 -0500},
	pages = {283--422},
	title = {Tsimshian}}

@article{wells49:automatic,
	author = {Rulon S. Wells},
	date-added = {2021-02-28 14:56:57 -0500},
	date-modified = {2021-02-28 14:56:57 -0500},
	journal = {Language},
	pages = {99--116},
	title = {Automatic Alternation},
	volume = {25},
	year = {1949}}

@incollection{frachtenburg22:siuslawan,
	author = {Leo J. Frachtenburg},
	crossref = {boas:handbook_2},
	date-added = {2021-02-28 13:39:38 -0500},
	date-modified = {2021-03-19 14:58:59 -0400},
	pages = {297--492},
	title = {Siuslawan ({Lower Umpqua})}}

@article{schultz77:boas.phonemics,
	author = {Amelia Susman Schultz},
	date-added = {2021-02-27 20:47:10 -0500},
	date-modified = {2021-02-27 20:48:46 -0500},
	journal = {International Journal of {American} Linguistics},
	pages = {56--57},
	title = {{Boas} on Phonemics and Dissertations},
	volume = {43},
	year = {1977}}

@article{swadesh48:rvw.boas,
	author = {Morris Swadesh},
	date-added = {2021-02-27 20:38:09 -0500},
	date-modified = {2021-02-27 20:39:32 -0500},
	journal = {Word},
	pages = {58--63},
	title = {Review of \citealt{boas47:kwakiutl}},
	volume = {4},
	year = {1948}}

@incollection{boas11:hail_grammar,
	author = {Franz Boas},
	crossref = {boas:handbook_1},
	date-added = {2021-02-27 20:34:52 -0500},
	date-modified = {2021-02-27 20:35:10 -0500},
	pages = {423--557},
	title = {Kwakiutl}}

@article{mackert94:boas,
	author = {Michael Mackert},
	date-added = {2021-02-27 17:40:24 -0500},
	date-modified = {2021-02-27 17:41:47 -0500},
	journal = {Historiographia Linguistica},
	pages = {351--386},
	title = {{Franz Boas'} Theory of Phonetics},
	volume = {31},
	year = {1994}}

@book{boas.etal16:transcription,
	address = {Washington, DC},
	author = {Franz Boas and Pliny Earl Goddard and Edward Sapir and Alfred Kroeber},
	date-added = {2021-02-27 17:34:14 -0500},
	date-modified = {2021-02-27 17:59:11 -0500},
	institution = {Smithsonian Institution},
	series = {Smithsonian Miscellaneous Collections},
	title = {Phonetic Transcription of {Indian} Languages: Report of Committee of {American Anthropological Association}},
	volume = {66, number 6},
	year = {1916}}

@book{boas.deloria39:dakota,
	address = {Washington, DC},
	author = {Franz Boas and Ella Deloria},
	date-added = {2021-02-27 16:19:08 -0500},
	date-modified = {2021-02-27 16:20:43 -0500},
	publisher = {National Academy of Sciences},
	title = {Dakota Grammar},
	year = {1939}}

@article{boas47:kwakiutl,
	author = {Franz Boas},
	booktitle = {Kwakiutl Grammar, with a Glossary of the Suffixes},
	date-added = {2021-02-27 16:15:07 -0500},
	date-modified = {2021-02-27 16:19:01 -0500},
	journal = {Transactions of {American Philosophical Society}},
	pages = {201--377},
	title = {Kwakiutl Grammar, with a Glossary of the Suffixes},
	volume = {37 (3)},
	year = {1947}}

@book{boas30:religion,
	address = {New York},
	author = {Franz Boas},
	booktitle = {The Religion of the {Kwakiutl} Indians},
	date-added = {2021-02-27 16:13:23 -0500},
	date-modified = {2021-02-27 16:14:56 -0500},
	publisher = {Columbia University Press},
	series = {Contributions to Anthropology, vol. 10},
	title = {The Religion of the {Kwakiutl} Indians},
	year = {1930}}

@book{boas:handbook_2,
	booktitle = {Handbook of {American} {Indian} Languages, vol. 2},
	crossref = {boas:handbook_1},
	date-added = {2021-02-27 16:11:57 -0500},
	date-modified = {2021-02-27 16:13:05 -0500},
	title = {Handbook of {American} {Indian} Languages, vol. 2},
	volume = {40.2},
	year = {1922}}

@inproceedings{boas94:classification,
	author = {Franz Boas},
	booktitle = {Memoirs of the International Congress of Anthropologists},
	date-added = {2021-02-27 16:09:15 -0500},
	date-modified = {2021-02-27 16:10:59 -0500},
	pages = {339--346},
	title = {Classification of the Languages of the North {Pacific} Coast},
	year = {1894}}

@article{teeter69:bloomfield,
	author = {Karl V. Teeter},
	date-added = {2021-02-26 20:16:21 -0500},
	date-modified = {2021-02-26 20:17:25 -0500},
	journal = {Language Sciences},
	pages = {1--6},
	title = {{Leonard Bloomfield's} Linguistics},
	volume = {7},
	year = {1969}}

@article{teeter64:triviality,
	author = {Karl V. Teeter},
	date-added = {2021-02-26 20:14:41 -0500},
	date-modified = {2021-03-22 10:17:30 -0400},
	journal = {Word},
	pages = {197--206},
	title = {Descriptive Linguistics in {America}: Triviality \emph{vs.} Irrelevance},
	volume = {20},
	year = {1964}}

@article{levine79:nadene,
	author = {Robert Levine},
	date-added = {2021-02-26 17:48:56 -0500},
	date-modified = {2021-02-26 17:51:02 -0500},
	journal = {International Journal of {American} Linguistics},
	pages = {157--170},
	title = {Haida and {NaDene}: A New Look at the Evidence},
	volume = {45},
	year = {1979}}

@incollection{silverstein15:boas,
	author = {Michael Silverstein},
	crossref = {boas-papers15:vol1},
	date-added = {2021-02-26 17:14:06 -0500},
	date-modified = {2021-02-26 17:16:27 -0500},
	pages = {83--127},
	title = {From {Baffin Island} to {Boasian Induction}: How {Anthropology} and {Linguistics} Got into Their Interlinear Groove}}

@incollection{wilner15:hunt.and.boas,
	author = {Isaiah Lorado Wilner},
	crossref = {boas-papers15:vol1},
	date-added = {2021-02-26 12:33:47 -0500},
	date-modified = {2021-02-26 12:35:35 -0500},
	pages = {163--189},
	title = {Friends in this World: The Relationship Between {George Hunt} and {Franz Boas}}}

@book{boas-papers15:vol1,
	address = {Lincoln and London},
	booktitle = {The {Franz Boas} Papers, Volume 1},
	date-added = {2021-02-26 12:29:29 -0500},
	date-modified = {2021-02-26 12:33:40 -0500},
	editor = {Regna Darnell and Joshua Smith and Michelle Hamilton and Robert L. A. Hancock},
	publisher = {University of Nebraska Press},
	title = {The {Franz Boas} Papers, Volume 1},
	year = {2015}}

@book{boas:handbook_1,
	address = {Washington},
	booktitle = {Handbook of {American} {Indian} Languages, vol. 1},
	date-added = {2021-02-24 15:31:49 -0500},
	date-modified = {2021-02-24 15:31:49 -0500},
	editor = {Franz Boas},
	publisher = {Smithsonian Institution, Bureau of American Ethnology},
	series = {Bulletin},
	title = {Handbook of {American} {Indian} Languages, vol. 1},
	volume = {40.1},
	year = {1911}}

@article{boas89:alternating,
	author = {Franz Boas},
	date-added = {2021-02-24 15:27:59 -0500},
	date-modified = {2021-02-24 15:29:06 -0500},
	journal = {American Anthropologist},
	pages = {47--53},
	title = {On Alternating Sounds},
	volume = {2},
	year = {1889}}

@article{voegelin52:boas,
	author = {Carl Voegelin},
	date-added = {2021-02-24 13:41:56 -0500},
	date-modified = {2021-02-24 13:43:38 -0500},
	journal = {Proceedings of the {American Philosophical Society}},
	pages = {439--451},
	title = {The {Boas} Plan for the Presentation of {American Indian} Languages},
	volume = {96},
	year = {1952}}

@incollection{stocking74:boas,
	author = {George Stocking},
	crossref = {hymes74:traditions},
	date-added = {2021-02-24 13:38:59 -0500},
	date-modified = {2021-02-28 18:07:19 -0500},
	editor = {Dell Hymes},
	pages = {454--484},
	title = {The {Boas} Plan for {American Indian} Languages}}

@article{hymes61:rvw.goldschmidt,
	author = {Dell Hymes},
	date-added = {2021-02-24 13:35:45 -0500},
	date-modified = {2021-02-24 13:38:32 -0500},
	journal = {Journal of {American} Folklore},
	pages = {87--90},
	title = {Review of {W. Goldschmidt} (ed.), \textsl{The Anthropology of {Franz Boas}}},
	volume = {74},
	year = {1961}}

@incollection{boas11:introduction,
	address = {Washington},
	author = {Franz Boas},
	crossref = {boas:handbook_1},
	date-added = {2021-02-24 13:34:37 -0500},
	date-modified = {2021-02-24 13:34:37 -0500},
	pages = {1--83},
	title = {Introduction}}

@book{whitney75:life.and.growth,
	address = {New York},
	author = {William Dwight Whitney},
	booktitle = {The Life and Growth of Language},
	date-added = {2021-02-23 17:25:09 -0500},
	date-modified = {2021-02-23 17:26:04 -0500},
	publisher = {D. Appleton},
	title = {The Life and Growth of Language},
	year = {1875}}

@book{whitney67:language,
	address = {New York},
	author = {William Dwight Whitney},
	booktitle = {Language and the Study of Language},
	date-added = {2021-02-23 17:24:06 -0500},
	date-modified = {2021-02-23 17:25:03 -0500},
	publisher = {C. Scribner and Sons},
	title = {Language and the Study of Language},
	year = {1867}}

@book{whitney79:skt.grammar,
	address = {Leipzig},
	author = {William Dwight Whitney},
	booktitle = {A {Sanskrit} Grammar},
	date-added = {2021-02-23 17:22:41 -0500},
	date-modified = {2021-02-23 17:24:00 -0500},
	publisher = {Breitkopf and Hartel},
	title = {A {Sanskrit} Grammar},
	year = {1879}}

@book{bopp27:skt,
	address = {Berlin},
	author = {Franz Bopp},
	booktitle = {Ausf{\"u}hrliches {Lehrgeb{\"a}ude} der {Sanskrita-Sprache}},
	date-added = {2021-02-22 20:54:21 -0500},
	date-modified = {2021-02-22 20:55:59 -0500},
	publisher = {Druckeri der K{\"o}nigl. Akademie der Wissenschaften},
	title = {Ausf{\"u}hrliches {Lehrgeb{\"a}ude} der {Sanskrita-Sprache}},
	year = {1827}}

@book{bopp85:skt.grammar,
	address = {London},
	author = {Franz Bopp},
	booktitle = {A Comparative Grammar of the {Sanskrit, Zend, Greek, Lating, Lithuanian, Gothic, German, and Sclavonic} Languages},
	date-added = {2021-02-22 20:35:43 -0500},
	date-modified = {2021-02-22 20:37:57 -0500},
	publisher = {Williams and Norgate},
	title = {A Comparative Grammar of the {Sanskrit, Zend, Greek, Lating, Lithuanian, Gothic, German, and Sclavonic} Languages},
	year = {1885}}

@book{christy83:uniformitarianism,
	address = {Amsterdam and Philadelphia},
	author = {Craig Christy},
	booktitle = {Craig Christie},
	date-added = {2021-02-22 20:29:48 -0500},
	date-modified = {2021-02-22 20:31:52 -0500},
	publisher = {Benjamins},
	title = {Uniformitarianism in Linguistics},
	year = {1983}}

@incollection{silverstein21:boas.sapir.bloomfield,
	author = {Michael Silverstein},
	chapter = {13},
	crossref = {dresher.vanderhulst21:oxford.handbook},
	date-added = {2021-02-22 17:55:45 -0500},
	date-modified = {2021-02-22 17:57:17 -0500},
	title = {{Boas}---{Sapir}---{Bloomfield}: The Synchronization of Phonology in {American} Linguistics}}

@article{mccarthy81:prosodictheory,
	author = {John J. McCarthy},
	date-added = {2021-02-22 15:11:40 -0500},
	date-modified = {2021-02-22 15:12:00 -0500},
	journal = {Linguistic Inquiry},
	pages = {373--418},
	title = {A Prosodic Theory of Non-Concatenative Morphology},
	volume = {12},
	year = {1981}}

@article{harris51:rvw.sapir,
	author = {Zellig Harris},
	date-added = {2021-02-22 13:21:35 -0500},
	date-modified = {2021-02-22 13:22:56 -0500},
	journal = {Language},
	pages = {288--333},
	title = {Review of \citet{sapir49:selected.writings}},
	volume = {27},
	year = {1951}}

@book{sapir49:selected.writings,
	address = {Berkeley and Los Angeles},
	author = {Edward Sapir},
	booktitle = {Selected Writings of {Edward Sapir}},
	date-added = {2021-02-22 13:19:44 -0500},
	date-modified = {2021-02-22 13:21:24 -0500},
	editor = {David Mandelbaum},
	publisher = {University of California Press},
	title = {Selected Writings of {Edward Sapir}},
	year = {1949}}

@article{harris45:navajo,
	author = {Zellig Harris},
	date-added = {2021-02-22 13:18:05 -0500},
	date-modified = {2021-02-22 13:19:03 -0500},
	journal = {International Journal of {American} Linguistics},
	pages = {239--246},
	title = {Navajo Phonology and {Hoijer's} Analysis},
	volume = {11},
	year = {1945}}

@article{harris44:yokuts,
	author = {Zellig Harris},
	date-added = {2021-02-22 13:16:25 -0500},
	date-modified = {2021-02-22 13:17:52 -0500},
	journal = {International Journal of {American} Linguistics},
	pages = {196--211},
	title = {Yokuts Structure and {Newman's} Grammar},
	volume = {10},
	year = {1944}}

@article{harris42:alternants,
	author = {Zellig Harris},
	date-added = {2021-02-22 13:14:46 -0500},
	date-modified = {2021-02-22 13:15:47 -0500},
	journal = {Language},
	pages = {169--180},
	title = {Morpheme Alternants in Linguistic Analysis},
	volume = {18},
	year = {1942}}

@article{harris44:long.components,
	author = {Zellig Harris},
	date-added = {2021-02-22 13:13:18 -0500},
	date-modified = {2021-02-22 13:14:29 -0500},
	journal = {Language},
	pages = {181--205},
	title = {Simultaneous Components in Phonology},
	volume = {20},
	year = {1944}}

@article{chao34:non-uniqueness,
	author = {Yuen-Ren Chao},
	date-added = {2021-02-22 11:59:48 -0500},
	date-modified = {2021-03-19 14:56:29 -0400},
	journal = {Bulletin of the {Institute of History and Philology, Academia Sinica}},
	note = {Reprinted in \citealt[38--54]{joos57:readings}},
	title = {The Non-Uniqueness of Phonemic Solutions of Phonetic Systems},
	volume = {4:363--397},
	year = {1934}}

@article{sprigg61:vowel.harmony,
	author = {Richard Keith Sprigg},
	date-added = {2021-02-22 11:48:56 -0500},
	date-modified = {2021-02-22 11:50:38 -0500},
	journal = {Bulletin of the {School of Oriental and African Studies}},
	pages = {116--138},
	title = {Vowel Harmony in {Lhasa Tibetan}: Prosodic Analysis Applied to Interrelated Features of Successive Syllables},
	volume = {24},
	year = {1961}}

@article{sprigg55:tibetan,
	author = {Richard Keith Sprigg},
	date-added = {2021-02-22 11:47:00 -0500},
	date-modified = {2021-02-22 11:48:52 -0500},
	journal = {Bulletin of the {School of Oriental and African Studies}},
	pages = {134--153},
	title = {The Tonal System of {Tibetan} and the Nominal Phrase},
	volume = {17},
	year = {1955}}

@incollection{goldsmith79:autosegmental,
	author = {John A. Goldsmith},
	crossref = {dinnsen79:current.approaches},
	date-added = {2021-02-22 11:36:52 -0500},
	date-modified = {2021-02-22 11:37:49 -0500},
	pages = {202--222},
	title = {The Aims of Autosegmental Phonology}}

@article{goldsmith92:prosodic,
	author = {John A. Goldsmith},
	date-added = {2021-02-22 11:27:28 -0500},
	date-modified = {2021-02-22 11:30:29 -0500},
	journal = {Journal of Linguistics},
	pages = {140--163},
	title = {A Note on the Genealogy of Research Traditions in Modern Phonology},
	volume = {28},
	year = {1992}}

@article{lyons62:non-phonemic,
	author = {John Lyons},
	date-added = {2021-02-21 20:16:36 -0500},
	date-modified = {2021-02-21 20:18:15 -0500},
	journal = {International Journal of {American} Linguistics},
	pages = {127--133},
	title = {Phonemic and Non-Phonemic Phonology: Some Typological Reflections},
	volume = {28},
	year = {1962}}

@article{henderson49:siamese,
	author = {Eugenie Henderson},
	date-added = {2021-02-21 17:45:18 -0500},
	date-modified = {2021-02-21 17:46:20 -0500},
	journal = {Asia Minor},
	pages = {189--215},
	title = {Prosodies in {Siamese}},
	volume = {1},
	year = {1949}}

@article{henderson48:lushai,
	author = {Eugenie Henderson},
	date-added = {2021-02-21 17:43:48 -0500},
	date-modified = {2021-02-21 17:45:14 -0500},
	journal = {Bulletin of the {School of Oriental and African Studies}},
	pages = {713--725},
	title = {Notes on the Syllable Structure of {Lushai}},
	volume = {12},
	year = {1948}}

@article{householder52:rvw.harris,
	author = {Fred W. Householder},
	date-added = {2021-02-21 17:13:29 -0500},
	date-modified = {2021-02-21 17:15:31 -0500},
	journal = {International Journal of {American} Linguistics},
	pages = {260--268},
	title = {Review of \citet{harris:methods}},
	volume = {18},
	year = {1952}}

@article{haugen58:rvw.firth,
	author = {Einar Haugen},
	date-added = {2021-02-21 16:32:56 -0500},
	date-modified = {2021-02-21 16:34:28 -0500},
	journal = {Language},
	pages = {498--502},
	title = {Review of \citet{firth57:papers}},
	volume = {34},
	year = {1958}}

@incollection{chomsky:lblt,
	address = {The Hague},
	author = {Noam Chomsky},
	booktitle = {Proceedings of the Ninth International Congress of Linguists, {Cambridge, Mass., August} 27--31, 1962},
	date-added = {2021-02-21 16:27:21 -0500},
	date-modified = {2021-02-21 16:27:21 -0500},
	editor = {Horace G. Lunt},
	pages = {914--978},
	publisher = {Mouton},
	title = {The Logical Basis of Linguistic Theory},
	year = {1964}}

@book{palmer68:firth.papers,
	address = {London},
	booktitle = {Selected Papers of {J. R. Firth}, 1952--1959},
	date-added = {2021-02-21 16:22:02 -0500},
	date-modified = {2021-03-15 11:11:40 -0400},
	editor = {Frank R. Palmer},
	publisher = {Oxford University Press},
	title = {Selected Papers of {J. R. Firth}, 1952--1959},
	year = {1968}}

@book{palmer70:prosodic,
	address = {London},
	author = {Frank R. Palmer},
	booktitle = {Prosodic Analysis},
	date-added = {2021-02-21 16:13:02 -0500},
	date-modified = {2021-02-21 16:14:28 -0500},
	publisher = {Oxford University Press},
	title = {Prosodic Analysis},
	year = {1970}}

@book{studies.in.linguistic.analysis,
	address = {Oxford},
	booktitle = {Studies in Linguistic Analysis},
	date-added = {2021-02-21 16:07:59 -0500},
	date-modified = {2021-02-21 16:09:41 -0500},
	publisher = {Basil Blackwell},
	series = {Special volume of {The Philological Society}},
	title = {Studies in Linguistic Analysis},
	year = {1957}}

@article{battaner-moro06:firth.1930s,
	author = {Elena Battaner-Moro},
	date-added = {2021-02-20 14:34:48 -0500},
	date-modified = {2021-02-20 14:36:53 -0500},
	journal = {Journal of the {International Phonetic Association}},
	pages = {97--102},
	title = {Firth's Early Phonological Views and Prosodic Analysis: A Reply to \citet{coleman04:firth.1930s}},
	volume = {36},
	year = {2006}}

@article{coleman04:firth.1930s,
	author = {John Coleman},
	date-added = {2021-02-20 14:32:21 -0500},
	date-modified = {2021-02-20 14:34:10 -0500},
	journal = {Journal of the {International Phonetic Association}},
	pages = {211-213},
	title = {The Development of {J. R. Firth's} Phonological Views in the 1930s},
	volume = {34},
	year = {2004}}

@article{jones48:london.school,
	author = {Daniel Jones},
	date-added = {2021-02-20 14:19:58 -0500},
	date-modified = {2021-02-20 14:21:25 -0500},
	journal = {Zeitschrift f{\"u}r {Phonetik}},
	pages = {127--135},
	title = {The {London} School of Phonetics},
	volume = {2},
	year = {1948}}

@article{efj68:stops,
	author = {Eli Fischer-J{\o}rgensen},
	date-added = {2021-02-18 16:53:42 -0500},
	date-modified = {2021-02-18 16:55:10 -0500},
	journal = {Annual Report of the {Insitute of Phonetics, University of Copenhagen}},
	pages = {63--114},
	title = {Vocicing, Tenseness and Aspiration in Stop Consonants, with Special REference to {French} and {Danish}},
	volume = {3},
	year = {1968}}

@article{efj87:stod,
	author = {Eli Fischer-J{\o}rgensen},
	date-added = {2021-02-18 16:45:13 -0500},
	date-modified = {2021-02-18 16:46:47 -0500},
	journal = {Annual Report of the {Insitute of Phonetics, University of Copenhagen}},
	pages = {55--265},
	title = {A Phonetic Study of the St{\o}d in {Standard Danish}},
	volume = {21},
	year = {1987}}

@incollection{efj56:commutation,
	author = {Eli Fischer-J{\o}rgensen},
	booktitle = {For {Roman Jakobson}: Essays on the Occasion of his Sixtieth Birthday},
	date-added = {2021-02-18 14:45:27 -0500},
	date-modified = {2021-02-18 14:57:45 -0500},
	editor = {Morris Halle and Horace G. Lunt and Hugh Maclean and Cornelis H. van Schooneveld},
	pages = {140--151},
	publisher = {Mouton},
	title = {The Commutation Test and its Application to Phonemic Analysis},
	year = {1956}}

@article{efj52:distribution,
	author = {Eli Fischer-J{\o}rgensen},
	date-added = {2021-02-18 14:41:07 -0500},
	date-modified = {2021-02-18 14:42:34 -0500},
	journal = {Acta Linguistica Hafniensia},
	pages = {8--39},
	title = {On the Definition of Phoneme Categories on a Distributional Basis},
	volume = {7},
	year = {1952}}

@book{fant60:acoustic.theory,
	address = {The Hague},
	author = {Gunnar Fant},
	booktitle = {Acoustic Theory of Speech Production},
	date-added = {2021-02-15 17:29:03 -0500},
	date-modified = {2021-02-15 17:29:03 -0500},
	publisher = {Mouton},
	title = {Acoustic Theory of Speech Production},
	year = {1960}}

@article{efj43:rvw.hjelmslev,
	author = {Eli Fischer-J{\o}rgensen},
	date-added = {2021-02-14 20:02:15 -0500},
	date-modified = {2021-02-14 20:04:32 -0500},
	journal = {Nordisk Tidsskrift for Tale og Stemme},
	pages = {81--96},
	title = {Review of \citealt{hjelmslev43:prolegomena}},
	volume = {7},
	year = {1943}}

@book{efj.ege05:resistance,
	address = {Copenhagen},
	author = {Eli Fischer-J{\o}rgensen and Jens Ege},
	booktitle = {Interneringskartoteket. Om {Carsten H{\o}eg} og hans gruppe under bes{\ae}ttelsen.},
	date-added = {2021-02-14 13:35:23 -0500},
	date-modified = {2021-02-14 13:36:57 -0500},
	publisher = {Museum Tuskulanum},
	title = {Interneringskartoteket. Om {Carsten H{\o}eg} og hans gruppe under bes{\ae}ttelsen.},
	year = {2005}}

@book{chomsky:knowledge,
	address = {New York},
	author = {Noam Chomsky},
	date-added = {2021-02-13 20:58:19 -0500},
	date-modified = {2021-02-13 20:58:19 -0500},
	publisher = {Praeger},
	title = {Knowledge of Language},
	year = {1986}}

@article{halle:stress98,
	author = {Morris Halle},
	date-added = {2021-02-13 20:56:25 -0500},
	date-modified = {2021-02-13 20:56:25 -0500},
	journal = {Linguistic Inquiry},
	pages = {539--568},
	title = {The Stress of {English} Words 1968-1998},
	volume = {29},
	year = {1998}}

@article{bloomfield:menomini_morphophonemics,
	author = {Leonard Bloomfield},
	date-added = {2021-02-13 20:53:59 -0500},
	date-modified = {2021-02-13 20:53:59 -0500},
	journal = {Travaux du cercle linguistique de Prague},
	pages = {105--115},
	title = {{Menomini} Morphophonemics},
	volume = {8},
	year = {1939}}

@article{halle:zeps:latvian,
	author = {Morris Halle and Valdis Zeps},
	date-added = {2021-02-13 20:41:52 -0500},
	date-modified = {2021-02-13 20:41:52 -0500},
	journal = {Quarterly Progress Report of the Research Laboratory of Electronics, MIT},
	number = {83},
	pages = {105--113},
	title = {A Survey of {Latvian} Morphophonemics},
	year = {1966}}

@phdthesis{mccawley:thesis,
	author = {James D. McCawley},
	date-added = {2021-02-13 20:40:34 -0500},
	date-modified = {2021-02-13 20:40:34 -0500},
	school = {MIT},
	title = {The Phonological Component of a Grammar of {Japanese}},
	year = {1965}}

@phdthesis{kiparsky:thesis,
	author = {Paul Kiparsky},
	date-added = {2021-02-13 20:40:04 -0500},
	date-modified = {2021-02-13 20:40:04 -0500},
	note = {published by Indiana University Linguistics Club},
	school = {M.I.T.},
	title = {Phonological Change},
	year = {1965}}

@book{lamb66:stratificational.grammar,
	address = {Washington},
	author = {Sydney M. Lamb},
	booktitle = {Outline of {Stratificational Grammar}},
	date-added = {2021-02-13 20:32:04 -0500},
	date-modified = {2021-02-13 20:33:34 -0500},
	publisher = {Georgetown University Press},
	title = {Outline of {Stratificational Grammar}},
	year = {1966}}

@article{hamp:keltic,
	author = {Eric P. Hamp},
	date-added = {2021-02-13 16:48:08 -0500},
	date-modified = {2021-02-13 16:48:08 -0500},
	journal = {Language},
	pages = {230--247},
	title = {The Morphophonemes of the {Keltic} Mutations},
	volume = {27},
	year = {1953}}

@article{householder:recent_claims,
	author = {Fred W. Householder},
	date-added = {2021-02-13 16:46:30 -0500},
	date-modified = {2021-02-13 16:46:30 -0500},
	journal = {Journal of Linguistics},
	pages = {13--34},
	title = {On Some Recent Claims in Phonological Theory},
	volume = {1},
	year = {1965}}

@article{bloch41:overlapping,
	author = {Bernard Bloch},
	date-added = {2021-02-13 16:25:34 -0500},
	date-modified = {2021-02-13 16:25:51 -0500},
	journal = {American Speech},
	pages = {278--284},
	title = {Phonemic Overlapping},
	volume = {16},
	year = {1941}}

@article{matthews:dakota_phonemics,
	author = {G. H. Matthews},
	date-added = {2021-02-13 15:59:25 -0500},
	date-modified = {2021-02-13 15:59:25 -0500},
	journal = {International Journal of American Linguistics},
	pages = {56--59},
	title = {A Phonemic Analysis of a {Dakota} Dialect},
	volume = {21},
	year = {1955}}

@article{sra00:royaumont,
	author = {Stephen R. Anderson},
	date-added = {2021-02-13 11:50:36 -0500},
	date-modified = {2021-02-13 11:50:59 -0500},
	journal = {Folia Linguistica},
	pages = {1--17},
	title = {Reflections on `On the Phonetic Rules of {Russian}'},
	volume = {34},
	year = {2000}}

@article{fischer-jorgensen81:causerie,
	author = {Eli Fischer-J{\o}rgensen},
	date-added = {2021-02-11 12:56:06 -0500},
	date-modified = {2021-02-11 12:58:18 -0500},
	journal = {Annual Report of the {Insitute of Phonetics, University of Copenhagen}},
	pages = {61--75},
	title = {Fifty Years with Phonetics and Phoneticians: A Causerie Given at the {Insitute of Phonetics} 28/2 1981},
	volume = {15},
	year = {1981}}

@article{plug08:firth.bio,
	author = {Leendert Plug},
	date-added = {2021-02-10 18:40:00 -0500},
	date-modified = {2021-02-10 18:41:04 -0500},
	journal = {Transactions of the {Philological Society}},
	pages = {337--374},
	title = {{J. R. Firth}: A New Biography},
	volume = {106},
	year = {2008}}

@article{matthews99:philsoc,
	author = {Peter H. Matthews},
	date-added = {2021-02-10 18:34:14 -0500},
	date-modified = {2021-02-10 18:35:35 -0500},
	journal = {Transactions of the {Philological Society}},
	pages = {259--285},
	title = {Linguistic Theory and the {Philological Society} from the 1940s to the 1960s},
	volume = {97},
	year = {1999}}

@book{jones23:russian,
	address = {Cambridge},
	author = {Michael V. Trofimov and Daniel Jones},
	booktitle = {The Pronunciation of {Russian}},
	date-added = {2021-02-09 20:38:23 -0500},
	date-modified = {2021-02-09 20:40:08 -0500},
	publisher = {Cambridge University Press},
	title = {The Pronunciation of {Russian}},
	year = {1923}}

@book{jones19:sinhala,
	address = {Manchester},
	author = {Henry S. Perera and Daniel Jones},
	booktitle = {A Colloquial {Sinhalese} Reader},
	date-added = {2021-02-09 20:33:08 -0500},
	date-modified = {2021-02-09 20:47:44 -0500},
	publisher = {Manchester University Press},
	title = {A Colloquial {Sinhalese} Reader},
	year = {1919}}

@book{jones16:sechuana,
	address = {London},
	author = {Daniel Jones and Solomon T. Plaatje},
	booktitle = {A {Sechuana} Reader},
	date-added = {2021-02-09 20:29:19 -0500},
	date-modified = {2021-02-09 20:32:35 -0500},
	publisher = {University of London Press},
	title = {A {Sechuana} Reader},
	year = {1916}}

@book{jones12:cantonese,
	address = {London},
	author = {Daniel Jones},
	booktitle = {A {Cantonese} Phonetic Reader},
	date-added = {2021-02-09 20:27:06 -0500},
	date-modified = {2021-02-09 20:28:44 -0500},
	publisher = {University of London Press},
	title = {A {Cantonese} Phonetic Reader},
	year = {1912}}

@book{pike47:phonemics,
	address = {Ann Arbor, MI},
	author = {Kenneth L. Pike},
	booktitle = {Phonemics: A Technique for Reducing Languages to Writing},
	date-added = {2021-02-09 15:30:19 -0500},
	date-modified = {2021-02-09 15:30:19 -0500},
	publisher = {University of Michigan Press},
	title = {Phonemics: A Technique for Reducing Languages to Writing},
	year = {1947}}

@article{jones57:meaning.of.phoneme,
	author = {Daniel Jones},
	date-added = {2021-02-09 15:14:34 -0500},
	date-modified = {2021-02-09 15:18:20 -0500},
	journal = {Le ma{\^\i}tre phon{\'e}tique},
	pages = {1--20},
	title = {The HIstory and Meaning of the Term ``Phoneme''},
	volume = {35 (72) Supplement},
	year = {1957}}

@book{collins.mees99:jones,
	address = {Berlin},
	author = {Beverley Collins and Inger Mees},
	booktitle = {The Real {Professor Higgins}: The Life and Career of {Daniel Jones}},
	date-added = {2021-02-08 17:47:30 -0500},
	date-modified = {2021-02-08 17:49:23 -0500},
	publisher = {Mouton de Gruyter},
	title = {The Real {Professor Higgins}: The Life and Career of {Daniel Jones}},
	year = {1999}}

@article{wrenn46:sweet,
	author = {Charles Leslie Wrenn},
	date-added = {2021-02-08 17:19:22 -0500},
	date-modified = {2021-02-08 17:27:42 -0500},
	journal = {Transactions of the {Philological Society}},
	pages = {177--201.},
	title = {{Henry Sweet}},
	volume = {45},
	year = {1946}}

@book{bell67:visible.speech,
	address = {London},
	author = {Alexander Melville Bell},
	booktitle = {Visible Speech: The Science of Universal Alphabetics},
	date-added = {2021-02-08 13:29:01 -0500},
	date-modified = {2021-02-08 13:30:37 -0500},
	publisher = {Simpli, Marshall \& Company},
	title = {Visible Speech: The Science of Universal Alphabetics},
	year = {1867}}

@book{sweet77:handbook,
	address = {Oxford},
	author = {Henry Sweet},
	booktitle = {A Handbook of Phonetics},
	date-added = {2021-02-08 13:26:19 -0500},
	date-modified = {2021-02-08 13:27:14 -0500},
	publisher = {Henry Frowde},
	title = {A Handbook of Phonetics},
	year = {1877}}

@article{ogden.local94:misrepresentation,
	author = {Richard Ogden and John K. Local},
	date-added = {2021-02-08 12:07:12 -0500},
	date-modified = {2021-02-08 12:08:32 -0500},
	journal = {Journal of Linguistics},
	pages = {477--498},
	title = {Disentangling Autosegments from Prosodies: A Note on the Misrepresentation of a Research Tradition in Phonology},
	volume = {30},
	year = {1994}}

@book{kelly.plug05:firthian,
	address = {York},
	booktitle = {Seventy Years of {Firthian} Phonology: Prospect and Retrospect},
	date-added = {2021-02-08 11:40:55 -0500},
	date-modified = {2021-02-08 11:43:38 -0500},
	editor = {John Kelly and Leendert Plug},
	publisher = {University of {York}},
	series = {York Papers in Linguistics - Series 2, Issue 4},
	title = {Seventy Years of {Firthian} Phonology: Prospect and Retrospect},
	year = {2005}}

@book{brown.law02:lx.in.uk,
	address = {Oxford},
	booktitle = {Linguistics and {Britain}: Personal Histories},
	date-added = {2021-02-08 11:29:06 -0500},
	date-modified = {2021-02-08 11:31:03 -0500},
	editor = {Keith Brown and Vivien Law},
	publisher = {Blackwell},
	series = {Publications of the {Philological Society} 36},
	title = {Linguistics and {Britain}: Personal Histories},
	year = {2002}}

@article{householder52:rvw.jones,
	author = {Fred W. Householder},
	booktitle = {Review of \citealt{jones50:phoneme}},
	date-added = {2021-02-07 21:56:21 -0500},
	date-modified = {2021-02-07 21:59:08 -0500},
	journal = {International Journal of {American} Linguistics},
	pages = {99--105},
	title = {Review of \citealt{jones50:phoneme}},
	volume = {18},
	year = {1952}}

@book{jones50:phoneme,
	address = {Cambridge},
	author = {Daniel Jones},
	booktitle = {The Phoneme: Its Nature and Use},
	date-added = {2021-02-07 21:55:04 -0500},
	date-modified = {2021-02-07 21:56:03 -0500},
	publisher = {W. Heffer \& Sons},
	title = {The Phoneme: Its Nature and Use},
	year = {1950}}

@article{abercrombie48:forgotten,
	author = {David Abercrombie},
	date-added = {2021-02-07 21:41:24 -0500},
	date-modified = {2021-02-07 21:43:08 -0500},
	journal = {Transactions of the {Philological Society}},
	pages = {1--34},
	title = {Forgotten Phoneticians},
	volume = {47},
	year = {1948}}

@book{firth57:papers,
	address = {London},
	author = {John Rupert Firth},
	booktitle = {Papers in Linguistics 1934--1951},
	date-added = {2021-02-07 21:39:06 -0500},
	date-modified = {2021-02-07 21:40:52 -0500},
	publisher = {Oxford University Press},
	title = {Papers in Linguistics 1934--1951},
	year = {1957}}

@incollection{firth56:translation,
	address = {The Hague},
	author = {John Rupert Firth},
	booktitle = {For {Roman Jakobson}: Essays on the Occasion of his Sixtieth Birthday},
	date-added = {2021-02-07 21:36:46 -0500},
	date-modified = {2021-02-07 21:38:52 -0500},
	pages = {133--139},
	publisher = {Mouton \& Company},
	title = {Lingiustic Analysis and Translation},
	year = {1956}}

@article{firth50:palatography,
	author = {John Rupert Firth},
	date-added = {2021-02-07 21:35:13 -0500},
	date-modified = {2021-03-19 14:58:17 -0400},
	journal = {Bulletin of the {School of Oriental and African Studies}},
	pages = {771--774},
	title = {Improved Techniques in Palatography and Kymography},
	volume = {13},
	year = {1950}}

@article{firth49:atlantic,
	author = {John Rupert Firth},
	date-added = {2021-02-07 21:33:57 -0500},
	date-modified = {2021-02-07 21:34:58 -0500},
	journal = {Archivum Linguisticum},
	pages = {95--116},
	title = {Atlantic Linguistics},
	volume = {1},
	year = {1949}}

@article{firth48:palatograms,
	author = {John Rupert Firth},
	date-added = {2021-02-07 21:32:22 -0500},
	date-modified = {2021-02-07 21:33:40 -0500},
	journal = {Bulletin of the {School of Oriental and African Studies}},
	pages = {857--864},
	title = {Word-Palatograms and Articulation},
	volume = {12},
	year = {1948}}

@article{firth46:english.school,
	author = {John Rupert Firth},
	date-added = {2021-02-07 21:27:55 -0500},
	date-modified = {2021-02-07 21:31:04 -0500},
	journal = {Transactions of the {Philological Society}},
	pages = {127--152},
	title = {The {English} School of Phonetics},
	volume = {45},
	year = {1946}}

@article{firth.rogers37:hunanese,
	author = {John Rupert Firth and B. B. Rogers},
	date-added = {2021-02-07 21:25:53 -0500},
	date-modified = {2021-02-20 14:45:26 -0500},
	journal = {Bulletin of the {School of Oriental and African Studies}},
	pages = {1055-1074},
	title = {The Structure of the {Chinese} Monosyllable in a {Hunanese} Dialect},
	volume = {8},
	year = {1937}}

@inproceedings{firth36:indian,
	address = {Cambridge},
	author = {John Rupert Firth},
	booktitle = {Proceedings of the 2nd International Congress of Phonetic Sciences},
	date-added = {2021-02-07 21:22:18 -0500},
	date-modified = {2021-02-07 21:25:29 -0500},
	pages = {176--182},
	publisher = {Cambridge University Press},
	title = {Phonological Features of Some {Indian} Languages},
	year = {1936}}

@article{firth35:semantics,
	author = {John Rupert Firth},
	date-added = {2021-02-07 21:20:36 -0500},
	date-modified = {2021-02-07 21:32:02 -0500},
	journal = {Transactions of the {Philological Society}},
	pages = {36--72},
	title = {The Technique of Semantics},
	volume = {34},
	year = {1935}}

@article{firth35:distribution,
	author = {John Rupert Firth},
	date-added = {2021-02-07 21:18:51 -0500},
	date-modified = {2021-02-07 21:20:25 -0500},
	journal = {English Studies},
	pages = {2--12},
	title = {The Use and Distribution of Certain {English} Sounds: Phonetics from a Functional Point of View},
	volume = {17},
	year = {1935}}

@article{firth34:phoneme,
	author = {John Rupert Firth},
	date-added = {2021-02-07 21:16:44 -0500},
	date-modified = {2021-02-07 21:18:40 -0500},
	journal = {Le ma{\^\i}tre phon{\'e}tique},
	pages = {44--46},
	title = {The Word `{Phoneme}'},
	volume = {46},
	year = {1934}}

@inproceedings{firth34:notation,
	author = {John Rupert Firth},
	booktitle = {Congr{\`e}s international des sciences anthropologiques et ethnographiques: compte rendu de la premi{\`e}re session {\`a} {Londres}},
	date-added = {2021-02-07 21:13:12 -0500},
	date-modified = {2021-02-07 21:16:29 -0500},
	pages = {325--328},
	title = {The Principles of Phonetic Notation in Descriptive Grammar},
	year = {1934}}

@incollection{firth57:synopsis,
	author = {John Rupert Firth},
	crossref = {studies.in.linguistic.analysis},
	date-added = {2021-02-07 21:11:24 -0500},
	date-modified = {2021-02-21 16:11:37 -0500},
	pages = {1--32},
	title = {A Synopsis of Linguistic Theory: 1930--1955}}

@article{firth48:sounds:prosodies,
	author = {John Rupert Firth},
	date-added = {2021-02-07 21:11:20 -0500},
	date-modified = {2021-02-07 21:12:20 -0500},
	journal = {Transactions of the Philological Society},
	pages = {127--152},
	title = {Sounds and Prosodies},
	year = {1948}}

@article{robins69:rvw.langendoen,
	author = {R. H. Robins},
	date-added = {2021-02-07 17:04:10 -0500},
	date-modified = {2021-02-07 17:05:35 -0500},
	journal = {Language},
	pages = {109--116},
	title = {Review of \citealt{langendoen68:london.school}},
	volume = {45},
	year = {1969}}

@book{langendoen68:london.school,
	address = {Cambridge, MA},
	author = {D. Terrence Langendoen},
	booktitle = {The {London} School of Linguistics},
	date-added = {2021-02-07 17:01:00 -0500},
	date-modified = {2021-02-07 17:03:15 -0500},
	publisher = {MIT Press},
	title = {The {London} School of Linguistics},
	year = {1968}}

@article{robins61:firth.obit,
	author = {R. H. Robins},
	date-added = {2021-02-07 16:59:09 -0500},
	date-modified = {2021-02-07 17:00:07 -0500},
	journal = {Language},
	pages = {191--200},
	title = {{John Rupert Firth}},
	volume = {37},
	year = {1961}}

@incollection{robins57:sundanese.nasality,
	author = {R. H. Robins},
	booktitle = {Studies in Lingusitic Analysis},
	date-added = {2021-02-07 16:55:37 -0500},
	date-modified = {2021-02-07 16:58:58 -0500},
	pages = {87--103},
	publisher = {Basil Blackwell},
	series = {Special volume of {The Philological Society}},
	title = {Vowel Nasality in {Sundanese}: A Phonological and Grammatical Study},
	year = {1957}}

@article{robins:prosodic,
	author = {R. H. Robins},
	date-added = {2021-02-07 16:54:40 -0500},
	date-modified = {2021-02-07 16:54:40 -0500},
	journal = {Proceedings of the University of {D}urham Philosophical Society},
	pages = {1--12},
	title = {Aspects of Prosodic Analysis},
	volume = {Series B, I},
	year = {1957}}

@incollection{robins:ling_in_gb,
	address = {Utrecht and Antwerp},
	author = {R. H. Robins},
	booktitle = {Trends in Modern Linguistics},
	crossref = {mohrmann61:trends},
	date-added = {2021-02-07 16:54:22 -0500},
	date-modified = {2021-03-04 17:49:42 -0500},
	editor = {Christine Mohrmann and F. Norman and Alf Sommerfelt},
	pages = {11--37},
	publisher = {Spectrum},
	title = {General Linguistics in {Great Britain} 1930--1960},
	year = {1963}}

@article{skytte17:contributo.di.eli,
	author = {Gunver Skytte},
	date-added = {2021-02-02 13:59:13 -0500},
	date-modified = {2021-02-02 14:02:07 -0500},
	journal = {{JANUS}, Quaderni del circolo glossematico},
	pages = {121--130},
	title = {Il contributo di {Eli Fischer-J{\o}rgensen} alla comprensione e alla ricezione della {Glossematica}},
	volume = {15},
	year = {2017}}

@inproceedings{hjelmslev39:syllable,
	address = {{Ghent}},
	author = {Louis Hjelmslev},
	booktitle = {Proceedings of the Third International Congress of Phonetic Sciences, {Ghent} 1938},
	date-added = {2021-02-01 12:26:27 -0500},
	date-modified = {2021-02-01 12:32:32 -0500},
	note = {Also in \citealt[239--245]{hjelmslev73:essais.2}},
	pages = {266-272},
	title = {The Syllable as a Structural Unit},
	year = {1939}}

@incollection{basboll21:glossematics,
	author = {Hans Basb{\o}ll},
	chapter = {16},
	crossref = {dresher.vanderhulst21:oxford.handbook},
	date-added = {2021-01-31 12:05:00 -0500},
	date-modified = {2021-01-31 12:07:30 -0500},
	title = {Developments in Northern and Western {Europe}: {Glossematics} and Beyond}}

@book{bellugi.klima79:sign,
	address = {Cambridge, MA},
	author = {Ursula Bellugi and Edward Klima},
	booktitle = {The Signs of Language},
	date-added = {2021-01-31 11:47:19 -0500},
	date-modified = {2021-01-31 11:49:20 -0500},
	publisher = {Harvard University Press},
	title = {The Signs of Language},
	year = {1979}}

@book{brentari10:sign-languages,
	address = {Cambridge},
	booktitle = {Sign Languages},
	date-added = {2021-01-31 11:46:34 -0500},
	date-modified = {2021-01-31 11:46:34 -0500},
	editor = {Diane Brentari},
	publisher = {Cambridge University Press},
	title = {Sign Languages},
	year = {2010}}

@book{early.years:efj-rj.letters,
	address = {Copenhagen},
	booktitle = {From the Early Years of Phonology: The {Roman Jakobson} --- {Eli Fischer-J{\o}rgensen} Correspondence (1949--1982)},
	date-added = {2021-01-31 10:58:57 -0500},
	date-modified = {2021-01-31 11:02:21 -0500},
	editor = {Viggo Bank Jensen and Giuseppe D'Ottavi},
	publisher = {Det Kongelige Danske Videnskabernes Selskab},
	series = {Scientia Danica. Series H, Humanistica, 8 vol. 20},
	title = {From the Early Years of Phonology: The {Roman Jakobson} --- {Eli Fischer-J{\o}rgensen} Correspondence (1949--1982)},
	year = {2020}}

@article{efj97:jakobson,
	author = {Eli Fischer-J{\o}rgensen},
	date-added = {2021-01-31 10:52:30 -0500},
	date-modified = {2021-01-31 10:53:29 -0500},
	journal = {Acta Linguistica Hafniensia},
	pages = {13--28},
	title = {{Roman Jakobson} and {Denmark}},
	volume = {29},
	year = {1997}}

@book{skytte16:eli,
	address = {Copenhagen},
	author = {Gunver Skytte},
	booktitle = {ELI - 99 {\aa}rs opdagelsesrejse gennem livet},
	date-added = {2021-01-30 16:20:41 -0500},
	date-modified = {2021-01-30 16:25:14 -0500},
	publisher = {Det Kongelige Danske Videnskabernes Selskab},
	series = {Scientia Danica. Series H, Humanistica, 8 vol. 12},
	title = {ELI - 99 {\aa}rs opdagelsesrejse gennem livet: En biografi om sprogforskeren {Eli Fischer-J{\o}rgensen}},
	year = {2016}}

@article{uldall57:outline,
	author = {Hans J{\o}rgen Uldall},
	date-added = {2021-01-30 16:09:01 -0500},
	date-modified = {2021-01-30 16:11:09 -0500},
	journal = {Travaux du cercle linguistique de {Copenhague}},
	number = {1--89},
	title = {An Outline of Glossematics, {Part I}},
	volume = {10},
	year = {1957}}

@incollection{martinet85:hjelmslev,
	address = {Lecce},
	author = {Andr{\'e} Martinet},
	booktitle = {{Louis Hjelmslev}, --- Linguistica, Semiotica, Epistemologia},
	date-added = {2021-01-30 13:50:49 -0500},
	date-modified = {2021-01-30 13:57:01 -0500},
	editor = {Cosimo Caputo and Romeo Galassi},
	pages = {15--19},
	publisher = {Universit{\`a} degli studi},
	series = {Il {Protagora} anno {XXV,} vol. 7--8},
	title = {Contribution {\`a} l'histoire des `{Prol{\'e}gom{\`e}nes}' de {Louis Hjelmslev}},
	year = {1985}}

@book{diderichsen60:rask,
	address = {Copenhagen},
	author = {Paul Diderichsen},
	booktitle = {{Rasmus Rask} og den grammatiske tradition},
	date-added = {2021-01-30 13:31:41 -0500},
	date-modified = {2021-01-30 13:35:52 -0500},
	number = {38:2},
	publisher = {Ejnar Munksgaard},
	series = {Historisk- filosofiske Meddelelser udgivet af Det Kongelige Danske Videnskabernes Selskab},
	title = {{Rasmus Rask} og den grammatiske tradition},
	year = {1960}}

@book{bjerrum68:rask,
	address = {Copenhagen},
	author = {Rasmus Rask},
	booktitle = {Breve fra og til {Rasmus Rask}},
	date-added = {2021-01-30 13:24:39 -0500},
	date-modified = {2021-01-30 13:26:21 -0500},
	editor = {Marie Bjerrum},
	publisher = {Munksgaard Forlag},
	title = {Breve fra og til {Rasmus Rask}},
	year = {1968}}

@phdthesis{hjelmslev32:thesis,
	address = {Copenhagen},
	author = {Louis Hjelmslev},
	date-added = {2021-01-30 13:15:31 -0500},
	date-modified = {2021-01-30 13:16:43 -0500},
	school = {University of Copenhagen},
	title = {{\'E}tudes baltiques},
	year = {1932}}

@article{efj72:note,
	author = {Eli Fischer-J{\o}rgensen},
	date-added = {2021-01-30 13:02:16 -0500},
	date-modified = {2021-01-31 10:51:55 -0500},
	journal = {Acta Linguistica Hafniensia},
	pages = {143--152},
	title = {Supplemenatary Note to {Hans Basb{\o}ll's} Commentary on {Hjelmslev's} Analysis of the {Danish} Expression System},
	volume = {14},
	year = {1972}}

@article{efj66:form.and.substance,
	author = {Eli Fischer-J{\o}rgensen},
	date-added = {2021-01-30 13:01:01 -0500},
	date-modified = {2021-01-31 10:51:43 -0500},
	journal = {Acta Linguistica Hafniensia},
	pages = {1--33},
	title = {Form and Substance in Glossematics},
	volume = {10},
	year = {1966}}

@article{efj65:hjelmslev.obit,
	author = {Eli Fischer-J{\o}rgensen},
	date-added = {2021-01-30 12:57:46 -0500},
	date-modified = {2021-01-31 10:51:27 -0500},
	journal = {Acta Linguistica Hafniensia},
	pages = {iii--xxii},
	title = {{Louis Hjelmslev}, {October} 3, 1899 -- {May} 30, 1965},
	volume = {9},
	year = {1965}}

@incollection{basboll17:hjelmslev.french,
	address = {Nanterre},
	author = {Hans Basb{\o}ll},
	booktitle = {Dynamiques linguistiques : variation, {\'e}volution et cognition},
	date-added = {2021-01-30 12:37:54 -0500},
	date-modified = {2021-01-30 12:40:32 -0500},
	editor = {Marie-H{\'e}l{\`e}ne C{\^o}te and Jacques Durand and Chantal Lyche and Julie Peuvergne},
	pages = {19--31},
	publisher = {Presses universitaire de {France} Ouest},
	title = {Hjelmslev sur la phonologie du fran{\c c}ais},
	year = {2017}}

@book{hjelmslev85:nouveaux.essais,
	address = {Paris},
	author = {Louis Hjelmslev},
	booktitle = {Nouveaux essais},
	date-added = {2021-01-30 12:33:45 -0500},
	date-modified = {2021-01-30 12:35:18 -0500},
	publisher = {Presses universitaire de {France}},
	title = {Nouveaux essais},
	year = {1985}}

@unpublished{hjelmslev.uldall36:outline,
	author = {Louis Hjelmslev and Hans J{\o}rgen Uldall},
	date-added = {2021-01-30 12:30:20 -0500},
	date-modified = {2021-01-30 13:42:41 -0500},
	note = {Privately printed and circulated pamphlet, Copenhagen},
	title = {Outline of Glossematics},
	year = {1936}}

@inproceedings{hjelmslev.uldall35:phonematics,
	address = {Cambridge},
	author = {Louis Hjelmslev and Hans J{\o}rgen Uldall},
	booktitle = {Proceedings of the 2nd International Congress of Phonetic Sciences},
	date-added = {2021-01-30 12:26:27 -0500},
	date-modified = {2021-07-05 11:58:56 -0400},
	pages = {49--54},
	publisher = {Cambridge University Press},
	title = {On the Principles of Phonematics},
	year = {1936}}

@book{hjelmslev75:resume,
	address = {Copenhagen},
	author = {Louis Hjelmslev},
	booktitle = {R{\'e}sum{\'e} of a Theory of Language},
	date-added = {2021-01-30 12:24:52 -0500},
	date-modified = {2021-01-30 12:26:18 -0500},
	publisher = {Ejnar Munksgaard},
	title = {R{\'e}sum{\'e} of a Theory of Language},
	year = {1975}}

@book{hjelmslev73:essais.2,
	author = {Louis Hjelmslev},
	booktitle = {Essais linguistique},
	date-added = {2021-01-30 12:01:52 -0500},
	date-modified = {2021-01-30 12:44:57 -0500},
	number = {XIV},
	publisher = {Nordisk Sprog- og Kulturforlag},
	series = {Travaux du cercle linguistique de {Copenhague}},
	title = {Essais linguistiques, {II}},
	year = {1973}}

@book{hjelmslev59:essais.1,
	address = {Copenhagen},
	author = {Louis Hjelmslev},
	booktitle = {Essais linguistique},
	date-added = {2021-01-30 11:58:23 -0500},
	date-modified = {2021-01-30 12:06:38 -0500},
	number = {XII},
	publisher = {Nordisk Sprog- og Kulturforlag},
	series = {Travaux du cercle linguistique de {Copenhague}},
	title = {Essais linguistiques},
	year = {1959}}

@article{hjelmslev70:french,
	author = {Louis Hjelmslev},
	date-added = {2021-01-30 11:53:22 -0500},
	date-modified = {2021-01-30 11:57:49 -0500},
	journal = {Bulletin du cercle linguistique de {Copenhague}},
	note = {Summary by Eli Fischer-J{\o}rgensen of two lectures to the Linguistic Circle of Copenhagen, 1948--49},
	pages = {217--224},
	title = {Le syst{\`e}me d'expression du fran{\c c}ais moderne},
	volume = {1941--1966},
	year = {1970}}

@article{hjelmslev54:stratification,
	author = {Louis Hjelmslev},
	date-added = {2021-01-30 11:52:01 -0500},
	date-modified = {2021-01-30 11:53:07 -0500},
	journal = {Word},
	pages = {163--188},
	title = {La stratification du langage},
	volume = {10},
	year = {1954}}

@book{hjelmslev61:prolegomena,
	address = {Madison, WI},
	author = {Louis Hjelmslev},
	booktitle = {Prolegomena to a Theory of Language},
	date-added = {2021-01-30 11:47:48 -0500},
	date-modified = {2021-07-05 12:06:16 -0400},
	note = {Translation by Francis Whitfield of \protect\citealt{hjelmslev43:prolegomena}},
	publisher = {University of Wisconsin Press},
	title = {Prolegomena to a Theory of Language},
	year = {1961}}

@inproceedings{hjelmslev51:danish,
	author = {Louis Hjelmslev},
	booktitle = {Selskab for nordisk filologis {\aa}rsberetning for 1948 (1951)},
	date-added = {2021-01-30 11:43:24 -0500},
	date-modified = {2021-01-30 11:46:58 -0500},
	pages = {12--24},
	title = {Grundtr{\ae}k af det danske udtrykkssystem med s{\ae}rligt henblik p{\aa} st{\o}det},
	year = {1951}}

@inproceedings{hjelmslev:rask.comentaire,
	author = {Louis Hjelmslev},
	booktitle = {Conf{\'e}rences de l'Institut de linguistique de {l'Universit{\'e} de Paris}},
	date-added = {2021-01-30 11:39:04 -0500},
	date-modified = {2021-01-30 13:29:37 -0500},
	pages = {143--157},
	title = {Commentaires sur la vie et l'{\oe}uvre de {Rasmusk Rask}},
	volume = {10},
	year = {1951}}

@book{hjelmslev:case,
	address = {Aarhus},
	author = {Louis Hjelmslev},
	booktitle = {La cat{\'e}gorie des cas},
	date-added = {2021-01-30 11:35:52 -0500},
	date-modified = {2021-01-30 11:38:23 -0500},
	publisher = {Universitetsforlaget},
	series = {Acta Jutlandica},
	title = {La cat{\'e}gorie des cas},
	volume = {VII.1 (vol. 1), IX.2 (vol. 2)},
	year = {1935, 1937}}

@book{hjelmslev:rask,
	address = {Copenhagen},
	booktitle = {{Rasmusk Rask}, Udvalgte Afhandlinger},
	date-added = {2021-01-30 11:33:34 -0500},
	date-modified = {2021-01-30 11:35:44 -0500},
	editor = {Louis Hjelmslev},
	publisher = {Ejnar Munksgaard},
	title = {{Rasmusk Rask}, Udvalgte Afhandlinger},
	volume = {I, II, III},
	year = {1932, 1933, 1935}}

@book{hjelmslev28:principes,
	address = {Copenhagen},
	author = {Louis Hjelmslev},
	booktitle = {Principes de grammaire g{\'e}n{\'e}rale},
	date-added = {2021-01-30 11:30:18 -0500},
	date-modified = {2021-01-30 11:33:11 -0500},
	publisher = {Det Kongelige Danske Videnskabernes Selskab},
	series = {Hist.-filol Medd. XVI},
	title = {Principes de grammaire g{\'e}n{\'e}rale},
	year = {1928}}

@book{hjelmslev43:prolegomena,
	address = {Copenhagen},
	author = {Louis Hjelmslev},
	booktitle = {Omkring Sprogteoriens Grundl{\ae}ggelse},
	date-added = {2021-01-30 11:28:38 -0500},
	date-modified = {2021-01-30 11:51:09 -0500},
	publisher = {Ejnar Munksgaard},
	title = {Omkring Sprogteoriens Grundl{\ae}ggelse},
	year = {1943}}

@incollection{dresher.hall21:genphon,
	author = {B. Elan Dresher and Daniel Currie Hall},
	chapter = {18},
	crossref = {dresher.vanderhulst21:oxford.handbook},
	date-added = {2021-01-24 10:48:10 -0500},
	date-modified = {2021-01-24 10:49:35 -0500},
	title = {Developments Leading Toward Generative Phonology}}

@book{hillis15:aphasia,
	address = {New York},
	booktitle = {The Handbook of Adult Language Disorders},
	date-added = {2021-01-23 17:16:08 -0500},
	date-modified = {2021-01-23 17:18:00 -0500},
	edition = {2nd},
	editor = {Argye E. Hillis},
	publisher = {Psychology Press},
	title = {The Handbook of Adult Language Disorders},
	year = {2015}}

@incollection{rose.inkelas11:child.language,
	abstract = {Since the seminal work of Jakobson (1941), phonological patterns observed in child language have been documented and analyzed from a number of perspectives. Throughout the relevant literature, an interesting paradox often manifests itself: while child language is generally characterized as a ``simpler'' version of the target language, many types of phonological patterns observed in acquisition data create challenges for theories developed to account for more ``complex'' adult systems. Phonologists within the generative framework have reacted to this problem in a number of ways, from tacitly or conspicuously ignoring acquisition data (e.g. Chomsky and Halle 1968: 331) to elaborating phonological models that account for phenomena observed in child phonology (e.g. Smith 1973; Bernhardt and Stemberger 1998) or, in some extreme cases, rejecting the validity of evidence from child production data for theoretical investigations of phonology (e.g. Hale and Reiss 1998). The disconnect between findings from child phonology and generalizations arising out of generative theories of grammar based on adult phonology has also been recruited in support of alternative, functionalist approaches to child phonology, including Stampe (1969) within Natural Phonology and, more recently, Vihman and Croft (2007) within Construction Grammar.},
	author = {Rose, Yvan and Inkelas, Sharon},
	booktitle = {The {Blackwell} Companion to Phonology},
	chapter = {101},
	date-added = {2021-01-23 17:00:51 -0500},
	date-modified = {2021-03-19 15:04:24 -0400},
	editor = {Marc Oostendorp and C.J. Ewen and E. Hume and K. Rice},
	keywords = {language acquisition, phonology, acquisition, child language},
	pages = {1-25},
	publisher = {American Cancer Society},
	title = {The Interpretation of Phonological Patterns in First Language Acquisition},
	year = {2011},
	Bdsk-Url-1 = {https://onlinelibrary.wiley.com/doi/abs/10.1002/9781444335262.wbctp0101},
	Bdsk-Url-2 = {https://doi.org/10.1002/9781444335262.wbctp0101}}

@book{grammont02:child.language,
	address = {Paris},
	author = {Maurice Grammont},
	booktitle = {Observations sur le langage des enfants},
	date-added = {2021-01-23 13:46:24 -0500},
	date-modified = {2021-01-23 13:47:43 -0500},
	publisher = {Klincksieck},
	title = {Observations sur le langage des enfants},
	year = {1902}}

@phdthesis{tang08:tone,
	address = {Los Angeles},
	author = {Katrina Elizabeth Tang},
	date-added = {2021-01-23 12:57:17 -0500},
	date-modified = {2021-01-23 12:58:32 -0500},
	school = {UCLA},
	title = {The Phonology and Phonetics of Consonant-Tone Interaction},
	year = {2008}}

@article{mccawley67:sapir,
	author = {James D. McCawley},
	date-added = {2021-01-23 10:57:13 -0500},
	date-modified = {2021-01-23 10:58:26 -0500},
	journal = {International Journal of American Linguistics},
	pages = {106--111},
	title = {Sapir's Phonologic Representation},
	volume = {33},
	year = {1967}}

@incollection{mccawley67:whitney,
	address = {Chicago},
	author = {James D. McCawley},
	booktitle = {Languages and Areas: Studies Presented to {George Bobrinskoy}, 1967},
	date-added = {2021-01-23 10:53:55 -0500},
	date-modified = {2021-01-23 10:57:03 -0500},
	pages = {77--85},
	publisher = {University of {Chicago Division of the Humanities}},
	title = {The Phonological Theory behind {Whitney's} {\textsl{Sanskrit Grammar}}},
	year = {1967}}

@article{mccawley67:features,
	author = {James D. McCawley},
	date-added = {2021-01-23 10:51:36 -0500},
	date-modified = {2021-01-23 10:53:36 -0500},
	journal = {Langages},
	pages = {112--123},
	title = {Le r{\^o}le d'un syst{\`e}me de traits phonologiques dand une th{\'e}orie du langage},
	volume = {8},
	year = {1967}}

@book{schulze97:tsakhur,
	address = {M{\"u}nchen},
	author = {Wolfgang Schulze},
	booktitle = {Tsakhur},
	date-added = {2021-01-23 10:44:37 -0500},
	date-modified = {2021-01-23 10:44:37 -0500},
	publisher = {Lincom Europa},
	title = {Tsakhur},
	year = {1997}}

@mastersthesis{pattison78:okanagan,
	address = {Vancouver},
	author = {Lois Cornelia Patterson},
	date-added = {2021-01-23 10:28:06 -0500},
	date-modified = {2021-01-23 10:29:42 -0500},
	school = {University of British Columbia},
	title = {{Douglas Lake Okanagan}: Phonology and Morphology},
	year = {1978}}

@book{rischel74:greenlandic,
	address = {Copenhagen},
	author = {J{\o}rgen Rischel},
	booktitle = {Topics in {West Greenlandic} Phonology},
	date-added = {2021-01-23 10:16:44 -0500},
	date-modified = {2021-01-23 10:16:44 -0500},
	publisher = {Akademisk Verlag},
	title = {Topics in {West Greenlandic} Phonology},
	year = {1974}}

@book{cook04:chipewyan,
	address = {Winnepeg},
	author = {Eung-Do Cook},
	booktitle = {A Grammar of {D{\"e}ne S{\k u}{\l}in{\'e} (Chipewyan)}},
	date-added = {2021-01-23 10:06:30 -0500},
	date-modified = {2021-01-23 10:06:30 -0500},
	publisher = {Algonquian and Iroquoian Linguistics},
	series = {Special {Athabaskan} Number, Memoir 17},
	title = {A Grammar of {D{\"e}ne S{\k u}{\l}in{\'e} (Chipewyan)}},
	year = {2004}}

@incollection{butcher.fletcher14:australian,
	address = {Berlin},
	author = {Andrew Butcher and Janet Fletcher},
	booktitle = {The Languages and Linguistics of {Australia}},
	date-added = {2021-01-23 09:32:00 -0500},
	date-modified = {2021-01-23 09:32:00 -0500},
	editor = {Harold Koch and Rachel Nordlinger},
	pages = {89--136},
	publisher = {DeGruyter Mouton},
	title = {Sound Patterns of {Australian} Languages},
	year = {2014}}

@book{colarusso88:nwc_phonology,
	address = {New York},
	author = {John Colarusso},
	date-added = {2021-01-22 17:44:09 -0500},
	date-modified = {2021-01-22 17:47:12 -0500},
	note = {Republished 2016 By Routledge, New York},
	publisher = {Garland Publishing},
	title = {The {Northwest Caucasian} Languages: A Phonological Survey},
	year = {1988}}

@article{cherry.halle.jakobson53:logical,
	author = {E. Colin Cherry and Morris Halle and Roman Jakobson},
	date-added = {2021-01-22 15:33:16 -0500},
	date-modified = {2021-01-22 15:34:49 -0500},
	journal = {Language},
	pages = {34--46},
	title = {Toward the Logical Description of Languages in their Phonemic Aspect},
	volume = {29},
	year = {1953}}

@book{jakobson.halle56:fundamentals,
	address = {The Hague},
	author = {Roman Jakobson and Morris Halle},
	booktitle = {Fundamentals of Language},
	date-added = {2021-01-22 12:46:06 -0500},
	date-modified = {2021-01-22 12:47:18 -0500},
	publisher = {Mouton \& Co.},
	title = {Fundamentals of Language},
	year = {1956}}

@book{jakobson.fant.halle52:preliminaries,
	address = {Cambridge, MA},
	author = {Roman Jakobson and Gunnar Fant and Morris Halle},
	booktitle = {Preliminaries to Speech Analysis},
	date-added = {2021-01-22 12:40:14 -0500},
	date-modified = {2021-01-22 12:42:27 -0500},
	publisher = {MIT Press},
	title = {Preliminaries to Speech Analysis},
	year = {1952}}

@incollection{jakobson39:struktur,
	crossref = {jakobson62:sel.wr.1},
	date-added = {2021-01-21 18:27:18 -0500},
	date-modified = {2021-03-15 14:20:00 -0400},
	pages = {280--310},
	title = {Zur {Struktur} des {Phonems}},
	year = {1939}}

@article{hockett51:review.martinet,
	author = {Charles F. Hockett},
	date-added = {2021-01-17 15:53:16 -0500},
	date-modified = {2021-01-17 15:54:27 -0500},
	journal = {Language},
	pages = {333--342},
	title = {review of \citealt{martinet49:functional.phonetics}},
	volume = {27},
	year = {1951}}

@book{martinet49:functional.phonetics,
	address = {London},
	author = {Andr{\'e} Martinet},
	booktitle = {Phonology as Functional Phonetics},
	date-added = {2021-01-17 15:51:02 -0500},
	date-modified = {2021-01-17 15:53:00 -0500},
	publisher = {Oxford University Press},
	series = {Publications of the {Philological Society}},
	title = {Phonology as Functional Phonetics},
	year = {1949}}

@article{swiggers91-93:jakobson,
	author = {Pierre Swiggers},
	date-added = {2021-01-17 14:40:46 -0500},
	date-modified = {2021-01-17 14:42:50 -0500},
	journal = {Orbis},
	pages = {281--285},
	title = {{Roman Jakobson's} Struggle in War-time {America}},
	volume = {36},
	year = {1991-1993}}

@book{halle:spr,
	address = {The Hague},
	author = {Morris Halle},
	date-added = {2021-01-17 13:30:41 -0500},
	date-modified = {2021-01-17 13:30:41 -0500},
	publisher = {Mouton},
	title = {The Sound Pattern of {Russian}},
	year = {1959}}

@article{dixon07:jakobson.2dollar.bills,
	author = {Robert M. W. Dixon},
	date-added = {2021-01-17 13:14:15 -0500},
	date-modified = {2021-01-17 13:15:38 -0500},
	journal = {Historiographia Linguistica},
	pages = {435--440},
	title = {{Roman Jakobson} and the Two-dollar Bills},
	volume = {34},
	year = {2007}}

@article{trubetzkoy34:russian.morphophonemics,
	author = {N{[icolai]} S{[ergeevi{\v c}]} Trubetzkoy},
	date-added = {2021-01-17 12:01:08 -0500},
	date-modified = {2021-01-17 12:02:58 -0500},
	journal = {Travaux du cercle linguistique de Prague},
	number = {2},
	title = {Das morphonologische {System} der russischen {Sprache}},
	volume = {5},
	year = {1934}}

@article{trubetzkoy31:morphophonology,
	author = {N{[icolai]} S{[ergeevi{\v c}]} Trubetzkoy},
	date-added = {2021-01-17 11:56:06 -0500},
	date-modified = {2021-03-06 15:01:45 -0500},
	journal = {Travaux du cercle linguistique de Prague},
	note = {English translation in \citealt[75--77]{liberman01:trubetzkoy.anthology}},
	title = {Gedanken {\"u}ber {Morphonolgie}},
	volume = {4:160--163},
	year = {1931}}

@article{trubetzkoy29:morphophonology,
	author = {N{[icolai]} S{[ergeevi{\v c}]} Trubetzkoy},
	date-added = {2021-01-17 11:52:48 -0500},
	date-modified = {2021-03-06 14:59:49 -0500},
	journal = {Travaux du cercle linguistique de Prague},
	note = {English translation in \citealt[72--74]{liberman01:trubetzkoy.anthology}},
	title = {Sur la `morphonologie'},
	volume = {1:85--88},
	year = {1929}}

@inproceedings{johns69:phonemics,
	address = {Chicago},
	author = {David Johns},
	booktitle = {Papers from the Fifth Regional Meeting, {Chicago Linguistics Society}},
	date-added = {2021-01-17 11:43:18 -0500},
	date-modified = {2021-01-17 11:49:11 -0500},
	pages = {374--381},
	publisher = {University of Chicago},
	title = {Phonemics and Generative Phonology},
	year = {1969}}

@unpublished{halle:1957lsa,
	author = {Morris Halle},
	date-added = {2021-01-17 11:34:21 -0500},
	date-modified = {2021-01-17 11:34:21 -0500},
	note = {Unpublished paper read to the Annual Meeting of the Linguistic Society of America, Chicago},
	title = {On the Phonetic Rules of {Russian}},
	year = {1957}}

@book{pike:tone_lgs,
	address = {Ann Arbor},
	author = {Kenneth L. Pike},
	date-added = {2021-01-16 18:01:00 -0500},
	date-modified = {2021-01-16 18:01:00 -0500},
	publisher = {University of Michigan Press},
	series = {University of {M}ichigan Publications in Linguistics},
	title = {Tone Languages},
	volume = {4},
	year = {1948}}

@book{doke26:zulu,
	address = {Johannesburg},
	author = {Clement M. Doke},
	booktitle = {The Phonetics of the {Zulu} Language},
	date-added = {2021-01-16 17:39:45 -0500},
	date-modified = {2021-01-16 17:41:34 -0500},
	number = {2, Special Number},
	publisher = {University of Witwatersrand Press},
	series = {Bantu Studies},
	title = {The Phonetics of the {Zulu} Language},
	year = {1926}}

@article{theses29:prague.slavic,
	author = {Th{\`e}ses},
	date-added = {2021-01-16 11:21:28 -0500},
	date-modified = {2021-01-16 11:23:13 -0500},
	journal = {Travaux du cercle linguistique de Prague},
	pages = {5--29},
	title = {Th{\`e}ses pr{\'e}sent{\'e}es au {Premier Congr{\`e}s} des philologues slaves},
	volume = {1},
	year = {1929}}

@book{shakhmatov15:common.slavic,
	address = {St. Petersburg},
	author = {Alexei {\v S}axmatov},
	booktitle = {Ocherk drevneishago perioda istorii russkago yazyka},
	date-added = {2021-01-15 16:38:06 -0500},
	date-modified = {2021-01-15 16:40:37 -0500},
	publisher = {Akademii Nauk},
	title = {Ocherk drevneishago perioda istorii russkago yazyka},
	year = {1915}}

@book{shcherba12:russian.vowels,
	address = {St. Petersburg},
	author = {Lev Vladimirovich {\v S}{\v c}erba},
	booktitle = {Russkie glasn{\=y}e v kachestvennom i kolichestvennom otnoshenii},
	date-added = {2021-01-15 16:13:04 -0500},
	date-modified = {2021-01-15 16:15:04 -0500},
	publisher = {Tipografiya Yu. N. Erlikh},
	title = {Russkie glasn{\=y}e v kachestvennom i kolichestvennom otnoshenii},
	year = {1912}}

@incollection{iosad21:soviet.phonology,
	author = {Pavel Iosad},
	chapter = {15},
	crossref = {dresher.vanderhulst21:oxford.handbook},
	date-added = {2021-01-14 16:28:13 -0500},
	date-modified = {2021-01-24 10:53:38 -0500},
	title = {Phonology in the {Soviet Union}}}

@incollection{hyman76:phonologization,
	address = {Saratoga, {CA}},
	author = {Larry M. Hyman},
	booktitle = {Linguistic Studies Offered to {Joseph Greenberg}},
	date-added = {2021-01-09 16:08:28 -0500},
	date-modified = {2021-01-09 16:11:54 -0500},
	editor = {Alphonse Juilland},
	pages = {407--418},
	publisher = {Alma Libri},
	title = {Phonologization},
	year = {1976}}

@book{hyman75:phonology,
	address = {New York},
	author = {Larry M. Hyman},
	booktitle = {Phonology: Theory and Analysis},
	date-added = {2021-01-09 16:07:13 -0500},
	date-modified = {2021-01-09 16:08:23 -0500},
	publisher = {Holt, Rinehart \& Winston},
	title = {Phonology: Theory and Analysis},
	year = {1975}}

@article{maiden05:morphological-autonomy,
	author = {Martin Maiden},
	date-added = {2021-01-09 14:20:38 -0500},
	date-modified = {2021-01-09 14:20:38 -0500},
	journal = {Yearbook of Morphology},
	pages = {137--175},
	title = {Morphological Autonomy and Diachrony},
	volume = {2004},
	year = {2005}}

@article{klausenburger78:kruszewski,
	author = {Jurgen Klausenburger},
	date-added = {2021-01-08 18:41:24 -0500},
	date-modified = {2021-01-08 18:43:16 -0500},
	journal = {Historiographia Linguistica},
	pages = {109--120},
	title = {{Miko{\l}aj Kruszewski's} Theory of Morphophonology: An Appraisal},
	volume = {5},
	year = {1978}}

@article{kruszewski79:analogy,
	author = {Miko{\l}aj Kruszewski},
	date-added = {2021-01-06 12:02:03 -0500},
	date-modified = {2021-01-06 12:05:56 -0500},
	journal = {Russkij filologi{\v c}eskij vestnik},
	number = {3},
	pages = {109--122},
	title = {Ob `analogie' i `narodnoj etimologii' {[On `Analogy' and `Folk Etymology']}},
	volume = {2},
	year = {1879}}

@article{trubetzkoy33:phonologie,
	author = {N{[icolai]} S{[ergeevi{\v c}]} Trubetzkoy},
	date-added = {2021-01-06 11:47:33 -0500},
	date-modified = {2021-01-06 11:49:42 -0500},
	journal = {Journal de psychologie},
	pages = {227--246},
	title = {La phonologie actuelle},
	volume = {30},
	year = {1933}}

@book{kruszewski67:selected,
	address = {Wroc{\l}aw-Warszawa-Krak{\'o}w},
	author = {Miko{\l}aj Kruszewski},
	booktitle = {Wyb{\'o}r Pism {[Selected writings]}},
	date-added = {2021-01-05 15:06:38 -0500},
	date-modified = {2021-01-05 15:09:12 -0500},
	note = {Translated into Polish by Jerzy Kury{\l}owicz and Krystyna Pomorska, with introductory articles by Jerzy Kury{\l}owicz and Roman Jakobson},
	publisher = {Zak{\l}ad narodowy im. Ossoli{\'n}skich},
	title = {Wyb{\'o}r Pism {[Selected writings]}},
	year = {1967}}

@book{baudouin74f:selected-works,
	address = {Warsaw},
	author = {Jan {Baudouin de Courtenay}},
	booktitle = {Dzie{\l}a wybrane {[Selected works]}},
	date-added = {2021-01-05 15:00:48 -0500},
	date-modified = {2021-01-05 15:02:55 -0500},
	publisher = {Pa{\'n}stwowe Wydawnictwo Naukowe},
	title = {Dzie{\l}a wybrane {[Selected works]}},
	volume = {I-VI},
	year = {1974--90}}

@book{baudouin05:kruszewski-obit-translated,
	address = {Krak{\'o}w},
	author = {Jan {Baudouin de Courtenay}},
	booktitle = {{Miko{\l}aj Kruszewski,} His Life and Scholarly Work},
	date-added = {2021-01-05 14:33:37 -0500},
	date-modified = {2021-01-05 14:37:41 -0500},
	editor = {Arleta Adamska-Sa{\l}aciak and Magdalena Smoczy{\'n}ska},
	note = {Translation by E. Wayles Browne of \citealt{baudouin88.9:kruszewski1,baudouin88.9:kruszewski2}},
	publisher = {Ksi{\k e}garnia Akademicka},
	title = {{Miko{\l}aj Kruszewski,} His Life and Scholarly Work},
	year = {2005}}

@incollection{radwanska-williams21:kazan,
	author = {Joanna Radwa{\'n}ska-Williams},
	chapter = {9},
	crossref = {dresher.vanderhulst21:oxford.handbook},
	date-added = {2020-12-26 17:26:17 -0500},
	date-modified = {2021-01-24 10:54:46 -0500},
	title = {The {Kazan} School}}

@book{winteler76:kerenz,
	address = {Leipzig und Heidelberg},
	author = {Jost Winteler},
	booktitle = {Die Kerenzer {Mundart} des {Kantons Glarus} in ihren {Grundz{\"u}gen} dargestellet},
	date-added = {2020-12-25 18:17:41 -0500},
	date-modified = {2020-12-25 18:20:01 -0500},
	publisher = {C. F. Winter},
	title = {Die Kerenzer {Mundart} des {Kantons Glarus} in ihren {Grundz{\"u}gen} dargestellet},
	year = {1876}}

@article{kruszewski83:outline,
	author = {Miko{\l}aj Kruszewski},
	booktitle = {O{\v c}erk nauki o jazyke},
	date-added = {2020-12-25 16:08:51 -0500},
	date-modified = {2021-01-06 13:42:38 -0500},
	journal = {U{\v c}enye zapiski imperatorskago {Kazanskago Universiteta}},
	title = {O{\v c}erk nauki o jazyke {[An Outline of Linguistic Science]}},
	volume = {50:1},
	year = {1883}}

@book{kruszewski81:alternation,
	address = {Kazan},
	author = {Miko{\l}aj Kruszewski},
	booktitle = {{\"U}ber die {Lautabwechslung}},
	date-added = {2020-12-25 16:05:39 -0500},
	date-modified = {2020-12-25 16:08:45 -0500},
	publisher = {Universitetsbuchdruckerei},
	title = {{\"U}ber die {Lautabwechslung}},
	year = {1881}}

@incollection{baudouin71:general-remarks,
	author = {Jan {Baudouin de Courtenay}},
	booktitle = {A {Baudouin de Courtenay} Anthology},
	crossref = {stankiewicz72:baudouin.anthology},
	date-added = {2020-12-25 15:57:49 -0500},
	date-modified = {2021-03-19 15:06:17 -0400},
	pages = {49--80},
	title = {Some General Remarks on Linguistics and Language},
	year = {1871}}

@book{baudouin84:mugdan-anthology,
	address = {M{\"u}nchen},
	author = {Jan {Baudouin de Courtenay}},
	booktitle = {Ausgew{\"a}hlte {Werke} in deutscher {Sprache}, {Mit} einem {Vorwort} von {Ewelina Ma{\l}achowska}},
	date-added = {2020-12-25 15:53:44 -0500},
	date-modified = {2020-12-25 15:56:57 -0500},
	editor = {Joachim Mugdan},
	publisher = {Wilhelm Fink Verlag},
	title = {Ausgew{\"a}hlte {Werke} in deutscher {Sprache}, {Mit} einem {Vorwort} von {Ewelina Ma{\l}achowska}},
	year = {1984}}

@book{baudouin72:stankiewicz-anthology,
	address = {Bloomington},
	author = {Jan {Baudouin de Courtenay}},
	booktitle = {Seleted Writings of {Baudouin de Courtenay}},
	date-added = {2020-12-25 15:50:31 -0500},
	date-modified = {2021-03-15 11:22:17 -0400},
	editor = {Edward Stankiewicz},
	publisher = {Indiana University Press},
	title = {A {Baudouin de Courtenay} Anthology},
	year = {1972}}

@book{williams93:kruszewski,
	address = {Amsterdam/Philadelphia},
	author = {Joanna Radwa{\'n}ska-Williams},
	booktitle = {A Paradigm Lost: The Linguistic Theory of {Miko{\l}aj Kruszewski}},
	date-added = {2020-12-24 16:06:24 -0500},
	date-modified = {2020-12-24 16:09:35 -0500},
	number = {72},
	publisher = {John Benjamins},
	series = {Studies in the History of the Language Sciences},
	title = {A Paradigm Lost: The Linguistic Theory of {Miko{\l}aj Kruszewski}},
	year = {1993}}

@incollection{vanOostendorp21:optimality,
	author = {Marc van Oostendorp},
	crossref = {dresher.vanderhulst21:oxford.handbook},
	date-added = {2020-12-23 17:43:01 -0500},
	date-modified = {2020-12-23 17:44:39 -0500},
	title = {History of Phonology: {Optimality Theory}}}

@book{saussure97:sonants-notes,
	address = {Padova},
	author = {Ferdinand de Saussure},
	date-added = {2020-12-23 15:24:13 -0500},
	date-modified = {2020-12-23 15:28:31 -0500},
	editor = {Maria Pia Marchese},
	number = {5},
	publisher = {Unipress},
	series = {Quaderni dei {Dipartimento di Linguistica, Universit{\`a} di Firenze} -- {Studi}},
	title = {Theorie des Sonantes: Il manoscritto di {Ginevra} {BPU Ms.} fr.3955/1},
	year = {2002}}

@book{chomsky:aspects,
	address = {Cambridge, MA},
	author = {Noam Chomsky},
	date-added = {2020-12-20 18:22:13 -0500},
	date-modified = {2020-12-20 18:22:13 -0500},
	publisher = {MIT Press},
	title = {Aspects of the Theory of Syntax},
	year = {1965}}

@book{sra:dwl:organ_book,
	address = {Cambridge},
	author = {Stephen R. Anderson and David W. Lightfoot},
	date-added = {2020-12-20 11:56:48 -0500},
	date-modified = {2020-12-20 11:56:48 -0500},
	publisher = {Cambridge University press},
	title = {The Language Organ: Linguistics as Cognitive Physiology},
	year = {2002}}

@article{koerner76:dufriche,
	author = {E. F. K. Koerner},
	date-added = {2020-12-19 16:51:01 -0500},
	date-modified = {2020-12-26 18:00:34 -0500},
	journal = {Phonetica},
	pages = {222--231},
	title = {A Minor Figure in 19th-Century {French} Linguistics: {A. Dufriche-Desgenettes}},
	volume = {33},
	year = {1976}}

@article{kurylowicz:laws,
	author = {Jerzy Kury{\l}owicz},
	date-added = {2020-12-19 16:29:18 -0500},
	date-modified = {2021-01-31 10:52:16 -0500},
	journal = {Acta Linguistica Hafniensia},
	pages = {15--37},
	title = {La nature des proc\`es dits `analogiques'},
	volume = {5},
	year = {1949}}

@book{kurylowicz:ieinflection,
	address = {Heidelberg},
	author = {Jerzy Kury{\l}owicz},
	date-added = {2020-12-19 16:29:06 -0500},
	date-modified = {2020-12-19 16:29:06 -0500},
	publisher = {Carl Winter},
	title = {The Inflectional Categories of {I}ndo-{E}uropean},
	year = {1964}}

@phdthesis{lopez:thesis,
	author = {Barbara S. Lopez},
	date-added = {2020-12-19 16:28:08 -0500},
	date-modified = {2021-03-22 10:12:30 -0400},
	school = {U.C.L.A.},
	title = {The Sound Pattern of {Brazilian Portuguese} ({Cariocan} Dialect)},
	year = {1979}}

@article{jackendoff:wfrs,
	author = {Ray S. Jackendoff},
	date-added = {2020-12-19 16:27:38 -0500},
	date-modified = {2020-12-19 16:27:38 -0500},
	journal = {Language},
	pages = {639--71},
	title = {Morphological and Semantic Regularities in the Lexicon},
	volume = {51},
	year = {1975}}

@article{stanley67:redundancy,
	author = {Richard Stanley},
	date-added = {2020-12-19 16:24:09 -0500},
	date-modified = {2020-12-19 16:26:11 -0500},
	journal = {Language},
	pages = {393--436},
	title = {Redundancy Rules in Phonology},
	volume = {43},
	year = {1967}}

@inproceedings{ohala79:saussure,
	author = {John Ohala},
	booktitle = {Proceedings of the Ninth International Congress of Phonetic Sciences},
	date-added = {2020-12-19 16:20:45 -0500},
	date-modified = {2020-12-19 16:22:41 -0500},
	pages = {41--47},
	title = {Universals of Labial Velars and {de Saussure's} Chess Analogy},
	volume = {2},
	year = {1979}}

@book{grammont33:traite,
	address = {Paris},
	author = {Maurice Grammont},
	booktitle = {Trait{\'e} de phon{\'e}tique},
	date-added = {2020-12-19 16:19:10 -0500},
	date-modified = {2020-12-19 16:20:24 -0500},
	publisher = {Delagrave},
	title = {Trait{\'e} de phon{\'e}tique},
	year = {1933}}

@article{mugdan14:more-on-phoneme,
	author = {Joachim Mugdan},
	date-added = {2020-12-19 16:09:17 -0500},
	date-modified = {2020-12-19 16:10:57 -0500},
	journal = {Historiographia Linguistica},
	pages = {185--187},
	title = {More on the Origins of the Term \textit{phon{\`e}me}},
	volume = {41},
	year = {2014}}

@article{mugdan11:phoneme,
	author = {Joachim Mugdan},
	date-added = {2020-12-19 16:09:04 -0500},
	date-modified = {2020-12-19 16:09:04 -0500},
	journal = {Historiographia Linguistica},
	pages = {29--43},
	title = {On the Origins of the Term \emph{Phoneme}},
	volume = {38},
	year = {2011}}

@book{saussure06:writings,
	address = {Oxford},
	author = {Ferdinand de Saussure},
	booktitle = {Writings in General Linguistics},
	date-added = {2020-12-19 12:05:24 -0500},
	date-modified = {2020-12-19 12:08:01 -0500},
	note = {Translated into English by Carol Sanders and Matthew Pires with the assistance of Peter Figueroa},
	publisher = {Oxford University Press},
	title = {Writings in General Linguistics},
	year = {2006}}

@book{saussure11:ecrits,
	address = {Gen{\`e}ve},
	author = {Ferdinand de Saussure},
	booktitle = {Science du langage: De la double essence du langage},
	date-added = {2020-12-19 11:56:17 -0500},
	date-modified = {2020-12-19 12:13:36 -0500},
	editor = {Ren{\'e} Amacker},
	note = {{\'E}dition des \textit{{\'E}crits de linguistique g{\'e}n{\'e}rale}},
	publisher = {Librairie Droz},
	series = {Publications du {Cercle Ferdinand de Saussure VII}},
	title = {Science du langage: De la double essence du langage},
	year = {2011}}

@article{reichler-beguelin80:saussure-grec-et-latin,
	author = {Marie-Jos{\'e} Reichler-B{\'e}guelin},
	date-added = {2020-12-19 11:51:24 -0500},
	date-modified = {2020-12-19 11:54:00 -0500},
	journal = {Cahiers {Ferdinand de Saussure}},
	pages = {17--97},
	title = {Le consonantisme grec et latin selon de {Saussure}: Le cours de phon{\'e}tique profess{\'e} en 1909-1910},
	volume = {34},
	year = {1980}}

@book{saussure83:notebooks,
	address = {Padova},
	author = {Ferdinand de Saussure},
	booktitle = {Phon{\'e}tique: Il manoscritto di {Harvard Houghton Library bMs Fr} 266 (8)},
	date-added = {2020-12-19 11:38:32 -0500},
	date-modified = {2020-12-19 11:45:34 -0500},
	editor = {Maria Pia Marchese},
	publisher = {Unipress},
	title = {Phon{\'e}tique: Il manoscritto di {Harvard Houghton Library bMs Fr} 266 (8)},
	year = {1995}}

@article{constantin05:troisieme-cours,
	author = {Emile Constantin},
	date-added = {2020-12-17 12:13:01 -0500},
	date-modified = {2020-12-17 12:16:36 -0500},
	journal = {Cahiers {Ferdinand de Saussure}},
	pages = {83-290},
	title = {Linguistique g{\'e}n{\'e}rale, {Cours} de {M. le Professeur de Saussure}, 1910--1911},
	volume = {58},
	year = {2005}}

@article{bloomfield23:review-saussure,
	author = {Leonard Bloomfield},
	date-added = {2020-12-17 11:21:46 -0500},
	date-modified = {2020-12-17 11:30:59 -0500},
	journal = {Modern Language Journal},
	pages = {317--319},
	title = {Review of 1922 second edition of \citealt{saussure16:cours-original}},
	volume = {8},
	year = {1923}}

@article{thomason07:deliberate,
	author = {Sarah G. Thomason},
	date-added = {2020-12-17 11:14:59 -0500},
	date-modified = {2020-12-17 11:14:59 -0500},
	journal = {Journal of Language Contact},
	pages = {41--62},
	title = {Language Contact and Deliberate Change},
	volume = {1},
	year = {2007}}

@incollection{thomason06:intentional,
	author = {Sarah G. Thomason},
	booktitle = {Encyclopedia of Language and Linguistics},
	date-added = {2020-12-17 11:13:35 -0500},
	date-modified = {2020-12-17 11:13:35 -0500},
	editor = {Keith Brown},
	pages = {346--349},
	publisher = {Elsevier},
	title = {Language Change, Intentional},
	volume = {6},
	year = {2006}}

@article{wells47:saussure,
	author = {Rulon S. Wells},
	date-added = {2020-12-14 17:20:00 -0500},
	date-modified = {2020-12-14 17:20:00 -0500},
	journal = {Word},
	pages = {1--31},
	title = {De {Saussure's} System of Linguistics},
	volume = {3},
	year = {1947}}

@incollection{clements76:vowel.harmony,
	address = {Innsbruck},
	author = {George N. Clements},
	booktitle = {Phonologica 1976},
	date-added = {2020-10-22 11:43:34 -0400},
	date-modified = {2020-10-22 11:43:34 -0400},
	editor = {Wolfgang U. Dressler and G. E. Pfeiffer},
	pages = {111--119},
	publisher = {Institut f{\"u}r {Sprachwissenschaft}},
	title = {The Autosegmental Treatment of Vowel Harmony},
	year = {1976}}

@article{sra76:nasals,
	author = {Stephen R. Anderson},
	date-added = {2020-10-22 11:37:41 -0400},
	date-modified = {2020-10-22 11:37:41 -0400},
	journal = {Language},
	pages = {326--344},
	title = {Nasal Consonants and the Internal Structure of Segments},
	volume = {52},
	year = {1976}}

@book{fromkin:tone,
	address = {New York},
	booktitle = {Tone: A Linguistic Survey},
	date-added = {2020-10-21 20:06:15 -0400},
	date-modified = {2020-10-21 20:06:15 -0400},
	editor = {Victoria Fromkin},
	publisher = {Academic Press},
	title = {Tone: A Linguistic Survey},
	year = {1978}}

@phdthesis{leben71:thesis,
	address = {Cambridge, MA},
	author = {William R. Leben},
	date-added = {2020-10-21 20:01:45 -0400},
	date-modified = {2020-10-21 20:02:54 -0400},
	school = {M.I.T.},
	title = {Suprasegmental Phonology},
	year = {1971}}

@phdthesis{woo69:thesis,
	address = {Cambridge, MA},
	author = {Nancy Woo},
	date-added = {2020-10-21 19:57:34 -0400},
	date-modified = {2020-10-21 19:58:55 -0400},
	school = {M.I.T.},
	title = {Prosody and Phonology},
	year = {1969}}

@article{wang67:tone.features,
	author = {William S-Y. Wang},
	date-added = {2020-10-21 19:54:58 -0400},
	date-modified = {2020-10-21 19:56:19 -0400},
	journal = {International Journal of American Linguistics},
	pages = {93--105},
	title = {The Phonological Features of Tone},
	volume = {33},
	year = {1967}}

@incollection{sra:ruletypes,
	author = {Stephen R. Anderson},
	crossref = {struct_phon_rep_II},
	date-added = {2020-10-21 16:19:19 -0400},
	date-modified = {2020-10-21 16:19:19 -0400},
	pages = {1--25},
	title = {Differences in Rule Types and their Structural Basis}}

@incollection{poser:distance,
	author = {William Poser},
	crossref = {struct_phon_rep_II},
	date-added = {2020-10-21 16:19:15 -0400},
	date-modified = {2020-10-21 16:19:15 -0400},
	pages = {121--158},
	title = {Phonological Representations and Action-at-a-distance}}

@book{struct_phon_rep_I,
	address = {Dordrecht},
	booktitle = {The Structure of Phonological Representations},
	date-added = {2020-10-21 16:13:40 -0400},
	date-modified = {2020-10-21 16:13:40 -0400},
	editor = {Harry van der Hulst and Norval Smith},
	publisher = {Foris},
	title = {The Structure of Phonological Representations},
	volume = {I},
	year = {1982}}

@book{struct_phon_rep_II,
	address = {Dordrecht},
	booktitle = {The Structure of Phonological Representations},
	date-added = {2020-10-21 16:13:40 -0400},
	date-modified = {2020-10-21 16:13:40 -0400},
	editor = {Harry van der Hulst and Norval Smith},
	publisher = {Foris},
	title = {The Structure of Phonological Representations},
	volume = {II},
	year = {1982}}

@incollection{halle.vergnaud81:harmony,
	address = {Dordrecht},
	author = {Morris Halle and Jean-Roger Vergnaud},
	booktitle = {Crossing the Boundaries in Linguistics},
	date-added = {2020-10-21 16:09:31 -0400},
	date-modified = {2020-10-21 16:11:54 -0400},
	editor = {W. Klein and W. Levelt},
	pages = {1--23},
	publisher = {Reidel},
	title = {Harmony Processes},
	year = {1981}}

@article{kisseberth:conspiracies,
	author = {Charles Kisseberth},
	date-added = {2020-10-21 15:51:18 -0400},
	date-modified = {2020-10-21 15:51:18 -0400},
	journal = {Linguistic Inquiry},
	pages = {291--306},
	title = {On the Functional Unity of Phonological Rules},
	volume = {1},
	year = {1970}}

@book{harris:methods,
	address = {Chicago},
	author = {Zellig Harris},
	date-added = {2020-10-17 15:56:31 -0400},
	date-modified = {2020-10-17 15:56:31 -0400},
	publisher = {University of Chicago Press},
	title = {Methods in Structural Linguistics},
	year = {1951}}

@book{bloomfield:lg,
	address = {New York},
	author = {Leonard Bloomfield},
	date-added = {2020-10-17 15:56:16 -0400},
	date-modified = {2020-10-17 15:56:16 -0400},
	publisher = {Holt},
	title = {Language},
	year = {1933}}

@book{mccarthy07:ot-cc,
	address = {London},
	author = {John J. McCarthy},
	booktitle = {Hidden Generalizations},
	date-added = {2020-10-17 15:55:31 -0400},
	date-modified = {2020-10-17 15:55:31 -0400},
	publisher = {Equinox Press},
	title = {Hidden Generalizations: Phonological Opacity in Optimality Theory},
	year = {2007}}

@article{paradis.lacharite93:introduction,
	author = {Carole Paradis and Darlene LaCharit{\'e}},
	date-added = {2020-10-17 15:53:42 -0400},
	date-modified = {2020-10-17 15:53:42 -0400},
	journal = {Canadian Journal of Linguistics},
	pages = {127--153},
	title = {Introduction: The Emergence of Constraints in Generative Phonology and a Comparison of Three Constraint-based Models},
	volume = {38},
	year = {1993}}

@unpublished{prince:smolensky:optimality,
	author = {Alan Prince and Paul Smolensky},
	date-added = {2020-10-17 15:51:56 -0400},
	date-modified = {2020-10-17 15:51:56 -0400},
	note = {Manuscript, Rutgers University and University of Colorado; published as \cite{prince:smolensky04:ot}.},
	title = {Optimality Theory: Constraint Interaction in Generative Grammar},
	year = {1993}}

@article{pinker.prince88:connectionism,
	author = {Steven Pinker and Alan Prince},
	date-added = {2020-10-17 15:50:51 -0400},
	date-modified = {2020-10-17 15:50:51 -0400},
	journal = {Cognition},
	pages = {73--193},
	title = {On Language and Connectionism: Analysis of a Parallel Distributed Processing Model of Language Acquisition},
	volume = {28},
	year = {1988}}

@incollection{rumelhart.mcclelland86:past,
	author = {David E. Rumelhart and James L. McClelland},
	crossref = {rumelhart.mcclelland86:pdp},
	date-added = {2020-10-17 15:50:03 -0400},
	date-modified = {2020-10-17 15:50:03 -0400},
	pages = {216--271},
	title = {On Learning the Past Tenses of {English} Verbs},
	volume = {2}}

@book{rumelhart.mcclelland86:pdp,
	address = {Cambridge, MA},
	booktitle = {Parallel Distributed Processing: Explorations in the Microstructure of Cognition},
	date-added = {2020-10-17 15:49:51 -0400},
	date-modified = {2020-10-17 15:49:51 -0400},
	editor = {David E. Rumelhart and James L. McClelland and The PDP Research Group},
	publisher = {MIT Press},
	title = {Parallel Distributed Processing: Explorations in the Microstructure of Cognition},
	year = {1986}}

@article{griffiths19:expansion-ot,
	abstract = {Summary
            Despite being a recent development in generative linguistics, Optimality Theory (OT, Prince \& Smolensky 1993) has had a profound impact on linguistics, particularly on phonology in North America. OT posits that observed forms of language arise due to conflicting linguistic constraints. When proposed in 1993, OT saw virtually overnight success in American phonology despite not having been the first theory of grammar to focus solely on the constraint. I argue, that the reasons for which OT saw such immediate success due in large part to the efforts of Prince and Smolensky to work at getting the word out, the state of American phonology at the time which felt stagnant to some, and the coincidence of OT's birth with the Internet Boom which Prince and Smolensky used to their advantage},
	author = {Griffiths, Joshua M.},
	date-added = {2020-10-17 15:49:10 -0400},
	date-modified = {2020-10-17 15:49:10 -0400},
	journal = {Historiographia Linguistica},
	language = {en},
	pages = {133--162},
	title = {On the rapid expansion of optimality theory at the end of the twentieth century},
	urldate = {2020-02-04},
	volume = {46},
	year = {2019},
	Bdsk-Url-1 = {http://www.jbe-platform.com/content/journals/10.1075/hl.00041.gri},
	Bdsk-Url-2 = {https://doi.org/10.1075/hl.00041.gri}}

@article{burzio_rise_1995,
	author = {Burzio, Luigi},
	date-added = {2020-10-17 15:48:56 -0400},
	date-modified = {2020-10-17 15:48:56 -0400},
	file = {Burzio95-RiseOfOT.pdf:/Volumes/3TB Backup disk/Zotero/storage/J55UDHJQ/Burzio95-RiseOfOT.pdf:application/pdf},
	journal = {GLOT International},
	number = {6},
	pages = {3--7},
	title = {The {Rise} of {Optimality} {Theory}},
	volume = {1},
	year = {1995}}

@article{mccarthy:feature-geometry,
	author = {John J. McCarthy},
	date-added = {2020-10-17 15:48:34 -0400},
	date-modified = {2020-11-27 11:46:55 -0500},
	journal = {Phonetica},
	pages = {84--108},
	title = {Feature Geometry and Dependency: A Review},
	volume = {45},
	year = {1988}}

@book{sagey90:thesis-garland,
	address = {New York},
	author = {Elizabeth Sagey},
	booktitle = {The Representation of Features in Nonlinear Phonology: The Articulator Node},
	date-added = {2020-10-17 15:48:11 -0400},
	date-modified = {2020-10-17 15:48:11 -0400},
	publisher = {Garland},
	title = {The Representation of Features in Nonlinear Phonology: The Articulator Node},
	year = {1990}}

@article{clements85:geometry,
	author = {George N. Clements},
	date-added = {2020-10-17 15:47:49 -0400},
	date-modified = {2020-10-17 15:47:49 -0400},
	journal = {Phonology Yearbook},
	pages = {223--252},
	title = {The Geometry of Phonological Features},
	volume = {2},
	year = {1985}}

@book{goldsmith:thesis,
	address = {New York},
	author = {John Goldsmith},
	date-added = {2020-10-17 15:47:09 -0400},
	date-modified = {2020-10-17 15:47:09 -0400},
	publisher = {Garland Press},
	title = {Autosegmental Phonology},
	year = {1979}}

@book{selkirk84:book,
	address = {Cambridge, MA},
	author = {Elizabeth Selkirk},
	date-added = {2020-10-17 15:46:47 -0400},
	date-modified = {2020-10-17 15:46:47 -0400},
	publisher = {MIT Press},
	title = {Phonology and Syntax: The Relation Between Sound and Structure},
	year = {1984}}

@book{nespor:vogel:prosodic:phon,
	address = {Dordrecht},
	author = {Marina Nespor and Irene Vogel},
	date-added = {2020-10-17 15:46:25 -0400},
	date-modified = {2020-10-17 15:46:25 -0400},
	publisher = {Foris},
	title = {Prosodic Phonology},
	year = {1986}}

@article{prince:grids,
	author = {Alan Prince},
	date-added = {2020-10-17 15:45:56 -0400},
	date-modified = {2020-10-17 15:45:56 -0400},
	journal = {Linguistic Inquiry},
	pages = {19--100},
	title = {Relating to the Grid},
	volume = {14},
	year = {1983}}

@phdthesis{hayes:thesis,
	author = {Bruce Hayes},
	date-added = {2020-10-17 15:45:30 -0400},
	date-modified = {2020-10-17 15:45:30 -0400},
	note = {[Circulated by the Indiana University Linguistics club; later published by Garland Press.]},
	school = {M.I.T.},
	title = {A Metrical Theory of Stress Rules},
	type = {{D}octoral dissertation},
	year = {1980}}

@book{kahn:thesis,
	author = {Daniel Kahn},
	date-added = {2020-10-17 15:44:44 -0400},
	date-modified = {2020-10-17 15:44:44 -0400},
	publisher = {Indiana University Linguistics Club},
	title = {Syllable Based Generalizations in {E}nglish Phonology},
	year = {1976}}

@article{liberman:prince:stress,
	author = {Mark Y. Liberman and Alan S. Prince},
	date-added = {2020-10-17 15:44:26 -0400},
	date-modified = {2020-10-17 15:44:26 -0400},
	journal = {Linguistic Inquiry},
	pages = {249--336},
	title = {On Stress and Linguistic Rhythm},
	volume = {8},
	year = {1977}}

@phdthesis{liberman75:thesis,
	author = {Mark Y. Liberman},
	date-added = {2020-10-17 15:44:21 -0400},
	date-modified = {2020-10-17 15:44:21 -0400},
	note = {Published 1979 by Garland Press},
	school = {MIT},
	title = {The Intonational System of {English}},
	year = 1975}

@incollection{chomsky:halle:lukoff,
	address = {The Hague},
	author = {Noam Chomsky and Morris Halle and Fred Lukoff},
	booktitle = {For {R}oman {J}akobson},
	date-added = {2020-10-17 15:43:15 -0400},
	date-modified = {2020-10-17 15:43:15 -0400},
	editor = {M. Halle and H. Lunt and H. MacLean},
	pages = {65--80},
	publisher = {Mouton \& Co.},
	title = {On Accent and Juncture in {E}nglish},
	year = {1956}}

@article{browman-goldstein89:articulatory-phonology,
	author = {Catherine P. Browman and Louis Goldstein},
	date-added = {2020-09-29 16:02:50 -0400},
	date-modified = {2020-09-29 16:02:50 -0400},
	journal = {Phonology},
	pages = {201--251},
	title = {Articulatory Gestures as Phonological Units},
	volume = {6},
	year = {1989}}

@article{dobrovolsky94:labphon.rvw,
	author = {Michael Dobrovolsky},
	date-added = {2020-09-29 15:38:09 -0400},
	date-modified = {2020-09-29 15:38:09 -0400},
	journal = {Canadian Journal of Linguistics},
	pages = {113--140},
	title = {Review Article: Measuring the Interface},
	volume = {39},
	year = {1994}}

@article{saussure77:suffix.t,
	author = {Ferdinand de Saussure},
	date-added = {2020-08-31 18:04:08 -0400},
	date-modified = {2021-02-07 13:08:45 -0500},
	journal = {M{\'e}moires de la {Soci{\'e}t{\'e} de Linguistique de Paris}},
	number = {3},
	pages = {197--209},
	title = {Le suffixe -\emph{t}-},
	volume = {3},
	year = {1877}}

@book{anderson-saussure17:RdSMorphology,
	address = {Berlin},
	author = {Stephen R. Anderson and Louis de Saussure},
	booktitle = {{Ren\'e de Saussure's} Theory of Word Formation},
	date-added = {2020-08-30 16:30:57 -0400},
	date-modified = {2020-08-30 16:30:57 -0400},
	note = {Edition and translation of \cite{r.desaussure11:formation} and \cite{r.desaussure19:structure.logique} with commentary.},
	number = {6},
	publisher = {Language Science Press},
	series = {Classics in Linguistics},
	title = {{Ren\'e de Saussure} and the Theory of Word Formation},
	year = {2018}}

@incollection{sra18:f.vs.r.saussure,
	author = {Stephen R. Anderson},
	crossref = {anderson-saussure17:RdSMorphology},
	date-added = {2020-08-30 16:30:03 -0400},
	date-modified = {2020-08-30 16:30:03 -0400},
	editor = {Stephen R. Anderson and Louis de Saussure},
	note = {{}},
	pages = {209--227},
	title = {The Morphological Theory of {Ren\'e de Saussure's} Works}}

@article{doroszewski33:remarks,
	author = {Witold Doroszewski},
	date-added = {2020-08-30 16:14:07 -0400},
	date-modified = {2020-08-30 16:16:27 -0400},
	journal = {Journal de psychologie},
	pages = {82--91},
	title = {Quelquess remarques sur les rapports de la sociologie et la linguistique: {Durkheim} et {F. de Saussure}},
	volume = {30},
	year = {1933}}

@incollection{doroszewski33:saussure,
	address = {Paris},
	author = {Witold Doroszewski},
	booktitle = {Actes du {Deuxi{\`e}me Congr{\`e}s International de Linguistes}, {Gen{\`e}ve} 25--29 ao{\^u}t 1931},
	date-added = {2020-08-30 16:04:29 -0400},
	date-modified = {2020-08-30 16:09:01 -0400},
	pages = {146--148},
	publisher = {Adrien Maisonneuve},
	title = {Sociologie et linguistique: {Durkheim} et {de Saussure}},
	year = {1933}}

@book{saussure93:troisieme-cours,
	address = {Oxford},
	author = {Ferdinand de Saussure},
	booktitle = {Troisi{\`e}me Cours de Linguistique G{\'e}n{\'e}rale (1910-1911): d'apr{\`e}s les cahiers d'{Emile Constantin} / {Saussure's} third course of lectures on general linguistics (1910-1911): from the notebooks of {Emile Constantin}.},
	date-added = {2020-08-30 14:40:14 -0400},
	date-modified = {2020-08-30 14:40:14 -0400},
	note = {French text edited by Eisuke Komatsu and English text edited by Roy Harris},
	publisher = {Pergamon Press},
	title = {Troisi{\`e}me Cours de Linguistique G{\'e}n{\'e}rale (1910-1911): d'apr{\`e}s les cahiers d'{{\'E}mile Constantin} / {Saussure's} third course of lectures on general linguistics (1910-1911): from the notebooks of {{\'E}mile Constantin}.},
	year = {1993}}

@book{engler68-74:edition.critique,
	address = {Wiesbaden},
	author = {Robert Engler},
	booktitle = {{\'E}dition critique du cours linguistique de {Ferdinand de Saussure}},
	date-added = {2020-08-30 14:34:30 -0400},
	date-modified = {2020-08-30 14:36:44 -0400},
	publisher = {Otto Harrassowitz},
	title = {{\'E}dition critique du cours linguistique de {Ferdinand de Saussure}},
	year = {1968--74}}

@book{godel57:sources,
	address = {Geneva},
	author = {Robert Godel},
	booktitle = {Les sources manuscrits du cours de linguistique g{\'e}n{\'e}rale de {F. de Saussure}},
	date-added = {2020-08-30 14:29:06 -0400},
	date-modified = {2020-08-30 14:30:53 -0400},
	publisher = {Librairie Droz},
	title = {Les sources manuscrits du cours de linguistique g{\'e}n{\'e}rale de {F. de Saussure}},
	year = {1957}}

@article{godel54:notes,
	author = {Robert Godel},
	date-added = {2020-08-30 14:26:16 -0400},
	date-modified = {2020-08-30 14:27:56 -0400},
	journal = {Cahiers {Ferdinand de Saussure}},
	pages = {49--71},
	title = {Notes in{\'e}dites de {Ferdinand de Suassure}},
	volume = {12},
	year = {1954}}

@article{joseph09:saussure.lithuanian,
	author = {John E. Joseph},
	date-added = {2020-08-30 14:18:16 -0400},
	date-modified = {2020-08-30 14:21:05 -0400},
	journal = {Language and History},
	pages = {182--198},
	title = {Why {Lithuanian} Accentuation Mattered to {Saussure}},
	volume = {52},
	year = {2009}}

@phdthesis{saussure81:dissertation,
	address = {Geneva, Jules-Guillamaume Fick},
	author = {Ferdinand de Saussure},
	date-added = {2020-08-30 14:07:50 -0400},
	date-modified = {2020-08-30 14:13:29 -0400},
	school = {Dept. of Philosophy, Leipzig University},
	title = {De l'emploi du g{\'e}nitif absolu en {Sanscrit}},
	year = {1881}}

@incollection{kurylowicz27:hittite,
	author = {Jerzy Kury{\l}owicz},
	booktitle = {Symbolae grammaticae in honorem Ioannis Rozwadowski,},
	date-added = {2020-08-30 13:59:36 -0400},
	date-modified = {2021-01-06 13:45:26 -0500},
	editor = {W. Taszycki and W. Doroszewski},
	pages = {95--104},
	publisher = {Gebethner und Wolff},
	title = {\lowercase{ə} indo-europ{\'e}en et ḫ hittite},
	volume = {1},
	year = {1927}}

@book{saussure:cours,
	address = {Paris},
	author = {Ferdinand de Saussure},
	date-added = {2020-08-30 13:49:11 -0400},
	date-modified = {2021-03-15 14:22:04 -0400},
	note = {[Critical edition prepared by Tullio de Mauro]},
	publisher = {Payot},
	title = {Cours de linguistique g\'en\'erale},
	year = {1974}}

@book{saussure:memoire,
	address = {Leipzig},
	author = {Ferdinand de Saussure},
	date-added = {2020-08-30 13:49:11 -0400},
	date-modified = {2020-08-30 13:49:11 -0400},
	publisher = {T{\"u}bner},
	title = {M\'emoire sur le syst\`eme primitif des voyelles dans les langues indo-europ\'eenes},
	year = {1879}}

@book{saussure16:cours-original,
	address = {Lausanne},
	author = {Ferdinand de Saussure},
	booktitle = {Cours de linguistiique g\'en\'erale},
	date-added = {2020-08-30 13:49:11 -0400},
	date-modified = {2020-08-30 13:49:11 -0400},
	note = {Edited by Charles Bally and Albert Sechehaye, with the collaboration of Albert Riedlinger},
	publisher = {Librairie Payot},
	title = {Cours de linguistiique g\'en\'erale},
	year = {1916}}

@book{martinet60:elements,
	address = {Paris},
	author = {Andr{\'e} Martinet},
	booktitle = {{\'E}l{\'e}ments de linguistique g{\'e}n{\'e}rale},
	date-added = {2020-08-19 15:50:18 -0400},
	date-modified = {2020-08-19 15:53:40 -0400},
	publisher = {Armand Colin},
	title = {{\'E}l{\'e}ments de linguistique g{\'e}n{\'e}rale},
	year = {1960}}

@book{joseph12:saussure,
	address = {Oxford},
	author = {John E. Joseph},
	booktitle = {Saussure},
	date-added = {2020-08-16 21:01:45 -0400},
	date-modified = {2020-08-16 21:09:43 -0400},
	publisher = {Oxford University Press},
	title = {Saussure},
	year = {2012}}

@book{sievers76:lautphysiologie,
	address = {Leipzig},
	author = {Eduard Sievers},
	booktitle = {Grundz{\"u}ge der {Lautphysiologie}},
	date-added = {2020-07-13 15:17:22 -0400},
	date-modified = {2020-07-13 15:25:08 -0400},
	publisher = {Breitkopf und H{\"a}rtel},
	title = {Grundz{\"u}ge der {Lautphysiologie}},
	year = {1876}}

@book{sievers:phonetik,
	address = {Leipzig},
	author = {Eduard Sievers},
	date-added = {2020-07-13 15:11:41 -0400},
	date-modified = {2020-07-13 15:11:41 -0400},
	publisher = {Breitkopf \& Hartel},
	title = {Grundz{\"u}ge der {Phonetik}},
	year = {1881}}

@article{hoenigswald78:annus.mirabilis,
	author = {Henry Hoenigswald},
	date-added = {2020-07-10 20:39:57 -0400},
	date-modified = {2020-07-10 20:45:16 -0400},
	journal = {Transactions of the Philological Society.},
	pages = {17--35},
	title = {The \textit{Annus Mirabilis} 1876 and Posterity},
	volume = {\textit{The Neogrammarians}: Special Commemorative Volume},
	year = {1978}}

@article{percival77:rvw.koerner.saussure,
	author = {W. Keith Percival},
	date-added = {2020-07-10 17:51:22 -0400},
	date-modified = {2020-07-10 17:52:54 -0400},
	journal = {Language},
	pages = {383--405},
	title = {Review of \cite{koerner73:saussure}},
	volume = {53},
	year = {1977}}

@book{koerner73:saussure,
	address = {Braunschweig},
	author = {E. F. K. Koerner},
	booktitle = {Ferdinand {de Saussure}},
	date-added = {2020-07-10 17:39:13 -0400},
	date-modified = {2020-07-10 17:50:41 -0400},
	number = {7},
	publisher = {Vieweg},
	series = {Schriften zur {Linguistik}},
	title = {Ferdinand {de Saussure}},
	year = {1973}}

@book{dresher.vanderhulst21:oxford.handbook,
	address = {Oxford},
	booktitle = {The {Oxford} Handbook of the History of Phonology},
	date-added = {2020-07-09 15:28:26 -0400},
	date-modified = {2021-03-15 11:13:40 -0400},
	editor = {B. Elan Dresher and Harry van der Hulst},
	publisher = {Oxford University Press},
	pubstate = {to appear},
	title = {The {Oxford} Handbook of the History of Phonology}}

@book{newmeyer:ltia2,
	address = {Orlando},
	author = {Frederick J. Newmeyer},
	date-added = {2020-07-09 15:21:16 -0400},
	date-modified = {2020-07-09 15:21:16 -0400},
	edition = {2nd},
	publisher = {Academic Press},
	title = {Linguistic Theory in {America}},
	year = {1986}}

@book{hymes.fought81:structuralism,
	address = {The Hague},
	author = {Dell Hymes and John Fought},
	booktitle = {American Structuralism},
	date-added = {2020-07-09 15:17:29 -0400},
	date-modified = {2020-07-09 15:20:07 -0400},
	note = {(First published in 1975)},
	publisher = {Mouton \& Co.},
	title = {American Structuralism},
	year = {1981}}

@incollection{stankiewicz72:intro,
	author = {Edward Stankiewicz},
	crossref = {stankiewicz72:baudouin.anthology},
	date-added = {2020-07-09 15:13:14 -0400},
	date-modified = {2020-07-09 15:14:13 -0400},
	pages = {3--48},
	title = {{Baudouin de Courtenay}: His Life and Work}}

@book{kilbury76:morphophonemics,
	address = {Amsterdam},
	author = {James Kilbury},
	booktitle = {The Development of Morphophonemic Theory},
	date-added = {2020-07-09 15:08:34 -0400},
	date-modified = {2020-07-09 15:10:09 -0400},
	publisher = {Benjamins},
	title = {The Development of Morphophonemic Theory},
	year = {1976}}

@book{hymes74:traditions,
	address = {Bloomington, IN},
	booktitle = {Studies in the History of Linguistics: Traditions and Paradigms},
	date-added = {2020-07-09 15:06:28 -0400},
	date-modified = {2021-02-24 13:41:26 -0500},
	editor = {Dell Hymes},
	publisher = {Indiana University Press},
	title = {Studies in the History of Linguistics: Traditions and Paradigms},
	year = {1974}}

@book{fischer-jorgensen75:trends,
	address = {Copenhagen},
	author = {Eli Fischer-J{\o}rgensen},
	booktitle = {Trends in Phonological Theory},
	date-added = {2020-07-09 15:02:18 -0400},
	date-modified = {2020-07-09 15:04:29 -0400},
	publisher = {Akademisk Verlag},
	title = {Trends in Phonological Theory},
	year = {1975}}

@book{robins67:history,
	address = {London},
	author = {R. H. Robins},
	booktitle = {A Short History of Linguistics},
	date-added = {2020-07-09 15:00:20 -0400},
	date-modified = {2020-07-09 15:01:25 -0400},
	publisher = {Longmans},
	title = {A Short History of Linguistics},
	year = {1967}}

@article{bloomfield1925:why.lsa,
	author = {Leonard Bloomfield},
	date-added = {2020-07-08 11:26:20 -0400},
	date-modified = {2020-07-08 11:28:15 -0400},
	journal = {Language},
	pages = {1--5},
	title = {Why a Linguistic Society?},
	volume = {1},
	year = {1925}}

@book{jespersen24:philosophy-of-grammar,
	address = {New York},
	author = {Otto Jespersen},
	booktitle = {The Philosophy of Grammar},
	date-added = {2020-07-08 11:25:43 -0400},
	date-modified = {2020-07-08 11:25:43 -0400},
	publisher = {Henry Holt and Company},
	title = {The Philosophy of Grammar},
	year = {1924}}

@article{stampe69:acquisition,
	author = {David Stampe},
	date-added = {2020-07-05 14:06:24 -0400},
	date-modified = {2020-07-05 14:08:09 -0400},
	journal = {Proceedings of the Chicago Linguistic Society},
	pages = {443--454},
	title = {The Acquisition of Phonetic Representation},
	volume = {5},
	year = {1969}}

@unpublished{stampe68:yes.virginia,
	author = {David Stampe},
	date-added = {2020-07-05 14:04:22 -0400},
	date-modified = {2020-07-05 14:05:42 -0400},
	note = {Paper read at 4th annual meeting of the Chicago Linguistics Society},
	title = {Yes, {Virginia} \ldots},
	year = {1968}}

@article{sra16:explanations,
	author = {Stephen R. Anderson},
	date-added = {2020-07-05 14:02:32 -0400},
	date-modified = {2020-07-05 14:02:32 -0400},
	journal = {Annual Review of Linguistics},
	pages = {5.1--5.21},
	title = {Synchronic Versus Diachronic Explanation and the Nature of the Language Faculty},
	volume = {2},
	year = {2016}}

@techreport{donegan78:vowels,
	address = {Columbus, {OH}},
	author = {Patricia Donegan},
	date-added = {2020-07-05 13:52:15 -0400},
	date-modified = {2020-07-05 13:54:41 -0400},
	institution = {Ohio State University},
	number = {23},
	title = {On the Natural Phonology of Vowels},
	type = {Working Papers in Linguistics},
	year = {1978}}

@incollection{drachmann:kindersprache,
	address = {The Hague},
	author = {Gaberell Drachmann},
	booktitle = {Recent Developments in Historical Phonology},
	date-added = {2020-07-05 13:43:00 -0400},
	date-modified = {2020-07-05 13:43:00 -0400},
	editor = {Jacek Fisiak},
	pages = {123--144},
	publisher = {Mouton \& Co.},
	title = {Child Language and Language Change: A Conjecture and Some Refutations},
	year = {1976}}

@incollection{dressler74:puzzles,
	address = {Chicago},
	author = {Wolfgang U. Dressler},
	booktitle = {Natural Phonology},
	date-added = {2020-07-05 13:14:28 -0400},
	date-modified = {2020-07-05 13:20:13 -0400},
	editor = {Anthony Bruck and Robert Allen Fox and Michael W. LaGaly},
	pages = {95--102},
	publisher = {Chicago Linguistics Society},
	series = {Parasession Volume of {Chicago Linguistics Society} Proceedings},
	title = {Some Diachronic Puzzles for {Natural Phonology}},
	volume = {10:2},
	year = {1974}}

@book{jakobson:kindersprache,
	author = {Roman Jakobson},
	date-added = {2020-07-05 13:07:01 -0400},
	date-modified = {2020-07-05 13:07:01 -0400},
	note = {[English translation \textsl{Child Language, Aphasia and Phonological Universals}, The Hague, Mouton, 1968]},
	publisher = {Uppsala Universitets Aarskrift},
	title = {Kindersprache, {Aphasie} und algemeine {Lautgesetze}},
	year = {1941}}

@incollection{donegan.stampe79:study.of.np,
	author = {Patricia Donegan and David Stampe},
	crossref = {dinnsen79:current.approaches},
	date-added = {2020-07-05 12:58:54 -0400},
	date-modified = {2020-07-05 13:00:13 -0400},
	pages = {126--173},
	title = {The Study of {Natural Phonology}}}

@book{dinnsen79:current.approaches,
	address = {Bloomington, IN},
	booktitle = {Current Approaches to Phonological Theory},
	date-added = {2020-07-05 12:57:16 -0400},
	date-modified = {2020-07-05 12:58:46 -0400},
	editor = {Daniel A. Dinnsen},
	publisher = {Indiana University Press},
	title = {Current Approaches to Phonological Theory},
	year = {1979}}

@incollection{stampe73:chap9,
	author = {David Stampe},
	crossref = {kents.kiss73:issues},
	date-added = {2020-07-05 12:41:38 -0400},
	date-modified = {2020-07-05 12:42:23 -0400},
	pages = {44--52},
	title = {On Chapter 9}}

@book{kents.kiss73:issues,
	address = {The Hague},
	booktitle = {Issues in Phonological Theory},
	date-added = {2020-07-05 12:39:47 -0400},
	date-modified = {2020-07-05 12:41:31 -0400},
	editor = {Michael Kenstowicz and Charles Kisseberth},
	publisher = {Mouton \& Company},
	title = {Issues in Phonological Theory},
	year = {1973}}

@phdthesis{stampe:thesis,
	author = {David Stampe},
	date-added = {2020-07-05 12:38:20 -0400},
	date-modified = {2020-07-05 12:38:20 -0400},
	school = {University of Chicago},
	title = {A Dissertation on Natural Phonology},
	year = {1973}}

@book{tranel81:french,
	address = {Berkeley and Los Angeles},
	author = {Bernard Tranel},
	booktitle = {Concreteness in Phonology: Evidence from {French}},
	date-added = {2020-07-04 16:51:46 -0400},
	date-modified = {2020-07-04 16:53:21 -0400},
	publisher = {University of California Press},
	title = {Concreteness in Phonology: Evidence from {French}},
	year = {1981}}

@book{gussmann:abstract,
	address = {Lublin},
	author = {Edmund Gussmann},
	date-added = {2020-07-04 16:43:52 -0400},
	date-modified = {2020-07-04 16:43:52 -0400},
	publisher = {Instytut Filologii Angielskij, Uniwersytet Marii Curie-Sk{\l}odowskiej},
	title = {Explorations in Abstract Phonology},
	year = {1978}}

@article{harris78:morphophonology,
	author = {James Harris},
	date-added = {2020-07-04 16:41:35 -0400},
	date-modified = {2020-07-04 16:43:00 -0400},
	journal = {Language},
	pages = {41--60},
	title = {Two Theories of Nonautomatic Morphophonological Alternations},
	volume = {54},
	year = {1978}}

@article{hooper75:archisegment,
	author = {Joan B. Hooper},
	date-added = {2020-07-04 16:30:59 -0400},
	date-modified = {2020-07-04 16:32:02 -0400},
	journal = {Language},
	title = {The Archisegment in {Natural Generative Phonology}},
	volume = {51},
	year = {1975}}

@book{hooper:ngp,
	address = {New York},
	author = {Joan B. Hooper},
	date-added = {2020-07-04 16:19:47 -0400},
	date-modified = {2020-07-05 13:21:26 -0400},
	publisher = {Academic Press},
	title = {An Introduction to Natural Generative Phonology},
	year = {1976}}

@phdthesis{vennemann68:thesis,
	author = {Theo Vennemann},
	date-added = {2020-07-04 16:16:29 -0400},
	date-modified = {2020-07-04 16:17:19 -0400},
	school = {UCLA},
	title = {German Phonology},
	year = {1968}}

@phdthesis{harris:thesis,
	author = {James Harris},
	date-added = {2020-07-04 16:09:35 -0400},
	date-modified = {2020-07-04 16:09:35 -0400},
	school = {MIT},
	title = {{Spanish} Phonology},
	year = {1967}}

@phdthesis{foley65:thesis,
	author = {James Foley},
	date-added = {2020-07-04 16:09:02 -0400},
	date-modified = {2021-03-21 20:19:03 -0400},
	school = {MIT},
	title = {{Spanish} Morphology},
	year = {1965}}

@phdthesis{schane:thesis,
	author = {Sanford Schane},
	date-added = {2020-07-04 16:08:03 -0400},
	date-modified = {2020-07-04 16:08:03 -0400},
	school = {MIT},
	title = {The Phonological and Morphological Structure of {French}},
	year = {1965}}

@phdthesis{lightner:thesis,
	author = {Theodore M. Lightner},
	date-added = {2020-07-04 16:07:11 -0400},
	date-modified = {2020-07-04 16:07:11 -0400},
	school = {MIT},
	title = {Segmental Phonology of Modern Standard {Russian}},
	year = {1965}}

@article{vago73:abstract.vh,
	author = {Robert Vago},
	date-added = {2020-07-03 17:49:58 -0400},
	date-modified = {2020-07-03 17:51:39 -0400},
	journal = {Language},
	pages = {579--605},
	title = {Abstract Vowel Harmony Systems in {Uralic} and {Altaic} Languages},
	volume = {49},
	year = {1973}}

@incollection{brame72:maltese,
	author = {Michael Brame},
	crossref = {brame72:contributions},
	date-added = {2020-07-03 17:47:55 -0400},
	date-modified = {2020-07-03 17:49:04 -0400},
	pages = {22-61},
	title = {On the Abstractness of Phonology: {Maltese} ʕ}}

@book{brame72:contributions,
	address = {Austin, TX},
	booktitle = {Contributions to Generative Phonology},
	date-added = {2020-07-03 17:44:36 -0400},
	date-modified = {2020-07-03 17:47:46 -0400},
	editor = {Michael Brame},
	publisher = {University of Texas Press},
	title = {Contributions to Generative Phonology},
	year = {1972}}

@article{hyman70:concreteness,
	author = {Larry M. Hyman},
	date-added = {2020-07-03 17:43:47 -0400},
	date-modified = {2020-07-03 17:43:47 -0400},
	journal = {Language},
	pages = {58--76},
	title = {How Concrete is Phonology?},
	volume = {46},
	year = {1970}}

@incollection{kiparsky:3dimensions,
	address = {Tokyo},
	author = {Paul Kiparsky},
	booktitle = {Three Dimensions of Linguistic Theory},
	date-added = {2020-07-03 17:08:14 -0400},
	date-modified = {2020-07-03 17:08:14 -0400},
	editor = {Osamu Fujimura},
	pages = {1--136},
	publisher = {{TEC} Company},
	title = {Phonological Representations},
	year = {1973}}

@book{newmeyer80:gram.thy,
	address = {Chicago},
	author = {Frederick J. Newmeyer},
	booktitle = {Grammatical Theory: Its Limits and its Possibilities},
	date-added = {2020-07-03 16:17:48 -0400},
	date-modified = {2020-07-03 16:19:06 -0400},
	publisher = {University of Chicago Press},
	title = {Grammatical Theory: Its Limits and its Possibilities},
	year = {1983}}

@article{mccawley74:review.spe,
	author = {James D. McCawley},
	date-added = {2020-07-03 16:06:34 -0400},
	date-modified = {2020-07-03 16:08:18 -0400},
	journal = {International Journal of American Linguistics},
	pages = {50--88},
	title = {Review of \cite{spe}},
	volume = {40},
	year = {1974}}

@book{bakovic13:blocking,
	address = {London},
	author = {Eric Bakovi{\'c}},
	booktitle = {Blocking and Complementarity in Phonological Theory},
	date-added = {2020-07-03 16:01:13 -0400},
	date-modified = {2020-07-03 16:03:07 -0400},
	publisher = {Equinox Press},
	series = {Advances in Optimality Theory series},
	title = {Blocking and Complementarity in Phonological Theory},
	year = {2013}}

@incollection{kiparsky:elsewhere,
	address = {New York},
	author = {Paul Kiparsky},
	booktitle = {A {Festschrift} for {Morris} {Halle}},
	date-added = {2020-07-03 15:52:45 -0400},
	date-modified = {2020-07-03 15:52:45 -0400},
	editor = {Stephen R. Anderson and Paul Kiparsky},
	pages = {93--106},
	publisher = {Holt, Rinehart and Winston},
	title = {``{E}lsewhere'' in Phonology},
	year = {1973}}

@article{chomsky:genprops,
	author = {Noam Chomsky},
	date-added = {2020-07-01 18:47:16 -0400},
	date-modified = {2020-07-01 18:47:16 -0400},
	journal = {Language},
	pages = {102--128},
	title = {Some General Properties of Phonological Rules},
	volume = {43},
	year = {1967}}

@incollection{lass75:intrinsic,
	author = {Roger Lass},
	crossref = {goyvaerts.pullum75:essays.on.spe},
	date-added = {2020-07-01 18:29:33 -0400},
	date-modified = {2020-07-01 18:30:51 -0400},
	pages = {475--504},
	title = {How Intrinsic is Content? Markedness, Sound Change, and `Family Universals'}}

@book{goyvaerts.pullum75:essays.on.spe,
	address = {Ghent},
	booktitle = {Essays on the {Sound Pattern of English}},
	date-added = {2020-07-01 18:26:45 -0400},
	date-modified = {2020-07-01 18:29:17 -0400},
	editor = {Didier Goyvaerts and Geoffrey K. Pullum},
	publisher = {Story-Scientia},
	title = {Essays on the {Sound Pattern of English}},
	year = {1975}}

@phdthesis{kean75:thesis,
	address = {Cambridge, MA},
	author = {Mary Louise Kean},
	date-added = {2020-07-01 18:19:46 -0400},
	date-modified = {2020-07-01 18:21:15 -0400},
	school = {MIT},
	title = {The Theory of Markedness in Generative Grammar},
	year = {1975}}

@book{whitehead.russell10-13:principia,
	address = {Cambridge},
	author = {Alfred North Whitehead and Bertrand Russell},
	booktitle = {Principia Mathematica},
	date-added = {2020-07-01 17:10:43 -0400},
	date-modified = {2020-07-01 17:10:43 -0400},
	publisher = {Cambridge University Press},
	title = {Principia Mathematica},
	volume = {1--3},
	year = {1910--1913}}

@book{spe,
	address = {New York},
	author = {Noam Chomsky and Morris Halle},
	date-added = {2020-07-01 17:01:32 -0400},
	date-modified = {2020-07-01 17:01:32 -0400},
	publisher = {Harper \& Row},
	title = {The Sound Pattern of {English}},
	year = {1968}}

@article{allen51:sanskrit,
	author = {W. Sidney Allen},
	date-added = {2020-06-28 13:21:26 -0400},
	date-modified = {2020-06-28 13:21:26 -0400},
	journal = {Bulletin of the School of Oriental and African Studies},
	pages = {939--46},
	title = {Some Prosodic Aspects of Retroflexion and Aspiration in {Sanskrit}},
	volume = {13},
	year = {1951}}

@article{sra.browne73:exchange,
	author = {Stephen R. Anderson and Wayles Browne},
	date-added = {2020-06-28 13:21:26 -0400},
	date-modified = {2020-06-28 13:21:26 -0400},
	journal = {Papers in Linguistics},
	pages = {445--482},
	title = {On Keeping Exchange Rules in {Czech}},
	volume = {6},
	year = {1973}}

@article{sra73:english-inflection,
	author = {Stephen R. Anderson},
	date-added = {2020-06-28 13:21:26 -0400},
	date-modified = {2020-06-28 13:21:26 -0400},
	journal = {Language \& Literature ({Copenhagen})},
	number = {4},
	pages = {133--52},
	title = {Remarks on the Phonology of {English} Inflection},
	volume = {1},
	year = {1973}}

@book{sra74:orgphon,
	address = {New York},
	author = {Stephen R. Anderson},
	date-added = {2020-06-28 13:21:26 -0400},
	date-modified = {2020-06-28 13:21:26 -0400},
	publisher = {Academic Press},
	title = {The Organization of Phonology},
	year = {1974}}

@incollection{sra78:tone_features,
	author = {Stephen R. Anderson},
	crossref = {fromkin78:tone},
	date-added = {2020-06-28 13:21:26 -0400},
	date-modified = {2020-06-28 13:21:26 -0400},
	pages = {133--175},
	title = {Tone Features},
	Bdsk-File-1 = {YnBsaXN0MDDSAQIDBFxyZWxhdGl2ZVBhdGhZYWxpYXNEYXRhXxAuLi4vLi4vLi4vLi4vLi4vLlRyYXNoL0RvbmVnYW4wOS1oeXBvdGhlc2VzLmJpYk8RAWIAAAAAAWIAAgAADE1hY2ludG9zaCBIRAAAAAAAAAAAAAAAAAAAAAAAAABCRAAB/////xhEb25lZ2FuMDktaHlwb3RoZXNlcy5iaWIAAAAAAAAAAAAAAAAAAAAAAAAAAAAAAAAAAAAAAAAAAAAAAAAAAAD/////AAAAAAAAAAAAAAAAAAUAAgAACiBjdQAAAAAAAAAAAAAAAAAGLlRyYXNoAAIAKy86VXNlcnM6c3JhOi5UcmFzaDpEb25lZ2FuMDktaHlwb3RoZXNlcy5iaWIAAA4AMgAYAEQAbwBuAGUAZwBhAG4AMAA5AC0AaAB5AHAAbwB0AGgAZQBzAGUAcwAuAGIAaQBiAA8AGgAMAE0AYQBjAGkAbgB0AG8AcwBoACAASABEABIAKVVzZXJzL3NyYS8uVHJhc2gvRG9uZWdhbjA5LWh5cG90aGVzZXMuYmliAAATAAEvAAAVAAIACv//AAAACAANABoAJABVAAAAAAAAAgEAAAAAAAAABQAAAAAAAAAAAAAAAAAAAbs=},
	Bdsk-File-2 = {YnBsaXN0MDDSAQIDBFxyZWxhdGl2ZVBhdGhZYWxpYXNEYXRhXxAuLi4vLi4vLi4vLi4vLi4vLlRyYXNoL0RvbmVnYW4wOS1oeXBvdGhlc2VzLmJpYk8RAWIAAAAAAWIAAgAADE1hY2ludG9zaCBIRAAAAAAAAAAAAAAAAAAAAAAAAABCRAAB/////xhEb25lZ2FuMDktaHlwb3RoZXNlcy5iaWIAAAAAAAAAAAAAAAAAAAAAAAAAAAAAAAAAAAAAAAAAAAAAAAAAAAD/////AAAAAAAAAAAAAAAAAAUAAgAACiBjdQAAAAAAAAAAAAAAAAAGLlRyYXNoAAIAKy86VXNlcnM6c3JhOi5UcmFzaDpEb25lZ2FuMDktaHlwb3RoZXNlcy5iaWIAAA4AMgAYAEQAbwBuAGUAZwBhAG4AMAA5AC0AaAB5AHAAbwB0AGgAZQBzAGUAcwAuAGIAaQBiAA8AGgAMAE0AYQBjAGkAbgB0AG8AcwBoACAASABEABIAKVVzZXJzL3NyYS8uVHJhc2gvRG9uZWdhbjA5LWh5cG90aGVzZXMuYmliAAATAAEvAAAVAAIACv//AAAACAANABoAJABVAAAAAAAAAgEAAAAAAAAABQAAAAAAAAAAAAAAAAAAAbs=}}

@article{sra80:copenhagen,
	author = {Stephen R. Anderson},
	date-added = {2020-06-28 13:21:26 -0400},
	date-modified = {2020-06-28 13:21:26 -0400},
	journal = {Language and Speech},
	pages = {115--23},
	title = {Remarks on the Development of Phonological Theory},
	volume = {23},
	year = {1980}}

@article{sra81:unnatural,
	author = {Stephen R. Anderson},
	date-added = {2020-06-28 13:21:26 -0400},
	date-modified = {2020-06-28 13:21:26 -0400},
	journal = {Linguistic Inquiry},
	pages = {493--539},
	title = {Why Phonology isn't `Natural'},
	volume = {12},
	year = {1981}}

@incollection{sra82:ruletypes,
	author = {Stephen R. Anderson},
	crossref = {vanderhulst_smith82:struct_phon_rep_II},
	date-added = {2020-06-28 13:21:26 -0400},
	date-modified = {2020-06-28 13:21:26 -0400},
	pages = {1--25},
	title = {Differences in Rule Types and their Structural Basis}}

@article{sra82:wheresmorphology,
	author = {Stephen R. Anderson},
	date-added = {2020-06-28 13:21:26 -0400},
	date-modified = {2020-06-28 13:21:26 -0400},
	journal = {Linguistic Inquiry},
	pages = {571-612},
	title = {Where's Morphology?},
	volume = {13},
	year = {1982}}

@incollection{sra84:halle-fest-II,
	author = {Stephen R. Anderson},
	crossref = {aronoff_oehrle84:halle_fest_II},
	date-added = {2020-06-28 13:21:26 -0400},
	date-modified = {2020-06-28 13:21:26 -0400},
	pages = {83--106},
	title = {A Metrical Interpretation of Some Traditional Claims about Quantity and Stress}}

@incollection{bach:harms72:crazy_rules,
	author = {Emmon Bach and Robert Harms},
	crossref = {stockwell:macaulay72:change},
	date-added = {2020-06-28 13:21:26 -0400},
	date-modified = {2020-06-28 13:21:26 -0400},
	pages = {1--21},
	title = {How do Languages Get Crazy Rules?}}

@article{basboll71:hjelmslev1,
	author = {Hans Basb{\o}ll},
	date-added = {2020-06-28 13:21:26 -0400},
	date-modified = {2021-01-31 10:50:56 -0500},
	journal = {Acta Linguistica Hafniensia},
	pages = {173--211},
	title = {A Commentary on {Hjelmslev's} Outline of the {Danish} Expression System (1)},
	volume = {13},
	year = {1971}}

@article{basboll72:hjelmslev2,
	author = {Hans Basb{\o}ll},
	date-added = {2020-06-28 13:21:26 -0400},
	date-modified = {2021-01-31 10:51:14 -0500},
	journal = {Acta Linguistica Hafniensia},
	pages = {1--24},
	title = {A Commentary on {Hjelmslev's} Outline of the {Danish} Expression System (2)},
	volume = {14},
	year = {1972}}

@article{basboll80:copenhagen,
	author = {Hans Basb{\o}ll},
	date-added = {2020-06-28 13:21:26 -0400},
	date-modified = {2020-06-28 13:21:26 -0400},
	journal = {Language and Speech},
	pages = {91--113},
	title = {Phonology},
	volume = {23},
	year = {1980}}

@article{baudouin88.9:kruszewski1,
	author = {Jan {Baudouin de Courtenay}},
	date-added = {2020-06-28 13:21:26 -0400},
	date-modified = {2020-06-28 13:21:26 -0400},
	journal = {Prace Filologiczne},
	number = {3},
	pages = {837--49},
	title = {{Miko{\l}aj Kruszewski}, jego zycie i prace naukowe (1)},
	volume = {2},
	year = {1888}}

@article{baudouin88.9:kruszewski2,
	author = {Jan {Baudouin de Courtenay}},
	date-added = {2020-06-28 13:21:26 -0400},
	date-modified = {2020-06-28 13:21:26 -0400},
	journal = {Prace Filologiczne},
	number = {1},
	pages = {116--75},
	title = {{Miko{\l}aj Kruszewski}, jego zycie i prace naukowe (2)},
	volume = {3},
	year = {1888}}

@incollection{baudouin95:attempt,
	address = {Bloomington, IN},
	author = {Jan {Baudouin de Courtenay}},
	crossref = {stankiewicz72:baudouin.anthology},
	date-added = {2020-06-28 13:21:26 -0400},
	date-modified = {2021-03-15 14:17:34 -0400},
	pages = {144--212},
	title = {An Attempt at a Theory of Phonetic Alternations},
	year = {1895}}

@book{chomsky81:rules.and.representations,
	address = {New York},
	author = {Noam Chomsky},
	date-added = {2020-06-28 13:21:26 -0400},
	date-modified = {2020-06-28 13:21:26 -0400},
	publisher = {Columbia University Press},
	title = {Rules and Representations},
	year = {1980}}

@book{jakobson18:remarks,
	address = {Cambidge},
	author = {Roman Jakobson},
	booktitle = {Remarks on the Phonological Evolution of {Russian} in Comparison with the Other {Slavic} Languages},
	date-added = {2020-06-28 13:21:26 -0400},
	date-modified = {2020-06-28 13:21:26 -0400},
	note = {Translation by Ronald F. Feldstein of \cite{jakobson29:remarks}},
	publisher = {MIT Press},
	title = {Remarks on the Phonological Evolution of {Russian} in Comparison with the Other {Slavic} Languages},
	year = {2018}}

@article{jakobson23:o.cesskom.stixe,
	address = {Berlin, Moscow},
	author = {Roman Jakobson},
	date-added = {2020-06-28 13:21:26 -0400},
	date-modified = {2020-06-28 13:21:26 -0400},
	journal = {Sbornik po teorii poeti{\v c}eskogo jazyka},
	title = {O {\v c}e{\v s}{\v s}kom stixe, preimu{\v s}{\v c}estvenno v sopostavlennii russkim},
	volume = {V},
	year = {1923}}

@incollection{jakobson28:first.icl,
	author = {Roman Jakobson},
	crossref = {jakobson62:sel.wr.1},
	date-added = {2020-06-28 13:21:26 -0400},
	date-modified = {2020-06-28 13:21:26 -0400},
	note = {Reprinted from \emph{Actes du ler Congr{\`e}s Internationale de Linguistes du 10-15 avril, 1928}},
	pages = {3--6},
	title = {Quelles sont les m{\'e}thodes les mieux appropri{\'e}es {\`a} un expos{\'e} complet et pratique d'une langue quelconque?}}

@book{jakobson29:remarks,
	author = {Roman Jakobson},
	booktitle = {Remarques sur l'{\'e}volution phonologique du russe compar{\'e}e {\`a} celle des autres langues slaves},
	date-added = {2020-06-28 13:21:26 -0400},
	date-modified = {2020-06-28 13:21:26 -0400},
	publisher = {{}},
	series = {Travaux du cercle linguistique de {Prague}},
	title = {Remarques sur l'{\'e}volution phonologique du russe compar{\'e}e {\`a} celle des autres langues slaves},
	volume = {2},
	year = {1929}}

@inproceedings{jakobson39:classement,
	author = {Roman Jakobson},
	booktitle = {Proceedings of the 3rd International Congress of Phonetic Sciences},
	date-added = {2020-06-28 13:21:26 -0400},
	date-modified = {2020-06-28 13:21:26 -0400},
	pages = {34--41},
	title = {Observations sur le classment phonologique des consonnes},
	year = {1939}}

@article{jakobson48:russian.conjugation,
	author = {Roman Jakobson},
	date-added = {2020-06-28 13:21:26 -0400},
	date-modified = {2020-06-28 13:21:26 -0400},
	journal = {Word},
	pages = {155--67},
	title = {Russian Conjugation},
	volume = {4},
	year = {1948}}

@incollection{Jakobson60:kazan.school,
	crossref = {jakobson71:sel.wr.2},
	date-added = {2020-06-28 13:21:26 -0400},
	date-modified = {2020-12-19 16:17:55 -0500},
	note = {Translation of Polish original},
	pages = {394--428},
	title = {The {Kazan'} School of {Polish} Linguistics and Its Place in the International Development of Phonology}}

@incollection{jakobson61:means-ends,
	author = {Roman Jakobson},
	booktitle = {Trends in {European} and {American} Linguistics 1930-1960},
	date-added = {2020-06-28 13:21:26 -0400},
	date-modified = {2020-06-28 13:21:26 -0400},
	editor = {Christine Mohrmann and Alf Sommerfelt and Joshua Whatmough},
	pages = {104--8},
	publisher = {Spectrum},
	title = {Efforts towards a Means-Ends Model in {European} Linguistics in the Interwar Period},
	year = {1961}}

@incollection{jakobson62:retrospect,
	author = {Roman Jakobson},
	crossref = {jakobson62:sel.wr.1},
	date-added = {2020-06-28 13:21:26 -0400},
	date-modified = {2020-06-28 13:21:26 -0400},
	pages = {631--58},
	title = {Retrospect}}

@book{jakobson62:sel.wr.1,
	address = {The Hague},
	author = {Roman Jakobson},
	booktitle = {Selected Writings},
	date-added = {2020-06-28 13:21:26 -0400},
	date-modified = {2020-06-28 13:21:26 -0400},
	publisher = {Mouton \& Co.},
	title = {Selected Writings},
	volume = {1},
	year = {1962}}

@incollection{jakobson65:terms,
	author = {Roman Jakobson},
	crossref = {jakobson71:sel.wr.2},
	date-added = {2020-06-28 13:21:26 -0400},
	date-modified = {2020-06-28 13:21:26 -0400},
	pages = {527--38},
	title = {An Example of Migratory Terms and Institutional Models},
	year = {1965}}

@article{jakobson70:saussure,
	author = {Roman Jakobson},
	date-added = {2020-06-28 13:21:26 -0400},
	date-modified = {2020-06-28 13:21:26 -0400},
	journal = {Cahiers {Ferdinand de Saussure}},
	pages = {5--14},
	title = {Saussure's Unpublished Reflections on Phonemes},
	volume = {26},
	year = {1970}}

@incollection{jakobson70:whitney,
	author = {Roman Jakobson},
	crossref = {silverstein71:whitney},
	date-added = {2020-06-28 13:21:26 -0400},
	date-modified = {2020-06-28 13:21:26 -0400},
	pages = {xxv--xlv},
	title = {The World Response to {Whitney}'s Principles of Linguistic Science}}

@book{jakobson71:sel.wr.2,
	address = {The Hague},
	author = {Roman Jakobson},
	booktitle = {Selected Writings},
	date-added = {2020-06-28 13:21:26 -0400},
	date-modified = {2020-06-28 13:21:26 -0400},
	publisher = {Mouton \& Co.},
	title = {Selected Writings},
	volume = {2},
	year = {1971}}

@book{kuhn62:revolutions,
	address = {Chicago},
	author = {Thomas Kuhn},
	booktitle = {The Structure of Scientific Revolutions},
	date-added = {2020-06-28 13:21:26 -0400},
	date-modified = {2020-06-28 13:21:26 -0400},
	publisher = {University of Chicago Press},
	title = {The Structure of Scientific Revolutions},
	year = {1962}}

@book{lehiste70:suprasegmentals,
	address = {Cambridge, MA},
	author = {Ilse Lehiste},
	booktitle = {Suprasegmentals},
	date-added = {2020-06-28 13:21:26 -0400},
	date-modified = {2020-06-28 13:21:26 -0400},
	publisher = {MIT Press},
	title = {Suprasegmentals},
	year = {1970}}

@article{lightner71:swadesh.and.voegelin,
	author = {Theodore M. Lightner},
	date-added = {2020-06-28 13:21:26 -0400},
	date-modified = {2020-06-28 13:21:26 -0400},
	journal = {International Journal of American Linguistics},
	pages = {227--237},
	title = {On {Swadesh} and {Voegelin}'s ``A Problem in Phonological Alternation''},
	volume = {37},
	year = {1971}}

@book{linell79:psych.reality,
	address = {Cambidge},
	author = {Per Linell},
	booktitle = {Psychological Reality in Phonology},
	date-added = {2020-06-28 13:21:26 -0400},
	date-modified = {2020-06-28 13:21:26 -0400},
	publisher = {Cambridge University Press},
	title = {Psychological Reality in Phonology},
	year = {1979}}

@book{martinet55:economie,
	address = {Berne},
	author = {Andr{\'e} Martinet},
	booktitle = {{\'E}conomie des changements phon{\'e}tiques},
	date-added = {2020-06-28 13:21:26 -0400},
	date-modified = {2020-06-28 13:21:26 -0400},
	publisher = {A. Francke},
	title = {{\'E}conomie des changements phon{\'e}tiques},
	year = {1955}}

@article{postal64:boas,
	author = {Paul M. Postal},
	date-added = {2020-06-28 13:21:26 -0400},
	date-modified = {2020-06-28 13:21:26 -0400},
	journal = {International Journal of American Linguistics},
	pages = {269--280},
	title = {Boas and the Development of Phonology: Some Comments Based on {Iroquoian}},
	volume = {30},
	year = {1964}}

@book{prince:smolensky04:ot,
	address = {Oxford},
	author = {Alan Prince and Paul Smolensky},
	date-added = {2020-06-28 13:21:26 -0400},
	date-modified = {2020-06-28 13:21:26 -0400},
	publisher = {Blackwell},
	title = {Optimality Theory: Constraint Interaction in Generative Grammar},
	year = 2004}

@article{scott48:monosyllable,
	author = {N. C. Scott},
	date-added = {2020-06-28 13:21:26 -0400},
	date-modified = {2020-06-28 13:21:26 -0400},
	journal = {Bulletin of the School of Oriental and African Studies},
	pages = {197--213},
	title = {The Monosyllable in {Szechuanese}},
	volume = {12},
	year = {1948}}

@article{scott56:szechuanese,
	author = {N. C. Scott},
	date-added = {2020-06-28 13:21:26 -0400},
	date-modified = {2021-01-16 11:58:24 -0500},
	journal = {Bulletin of the School of Oriental and African Studies},
	pages = {556--560},
	title = {A Phonological Analysis of the {Szechuanese} Monosyllable},
	volume = {18},
	year = {1956}}

@article{swadesh.voegelin39:alternation,
	author = {Morris Swadesh and Carl Voegelin},
	date-added = {2020-06-28 13:21:26 -0400},
	date-modified = {2021-03-19 15:07:10 -0400},
	journal = {Language},
	note = {Reprinted in \cite{joos57:readings}, pp. 88--92.},
	title = {A Problem in Phonological Alternation},
	volume = {15:1--10},
	year = {1939}}

@book{Toman95:prague,
	address = {Cambridge},
	author = {Jind{\v r}ich Toman},
	booktitle = {The Magic of a Common Language: {Jakobson}, {Mathesius}, {Trubetzkoy} and the {Prague Linguistic Circle}},
	date-added = {2020-06-28 13:21:26 -0400},
	date-modified = {2020-06-28 13:21:26 -0400},
	publisher = {MIT Press},
	title = {The Magic of a Common Language: {Jakobson}, {Mathesius}, {Trubetzkoy} and the {Prague Linguistic Circle}},
	year = {1995}}

@article{trubetzkoy29:vowel.systems,
	author = {N{[icolai]} S{[ergeevi{\v c}]} Trubetzkoy},
	date-added = {2020-06-28 13:21:26 -0400},
	date-modified = {2020-06-28 13:21:26 -0400},
	journal = {Travaux du cercle linguistique de Prague},
	pages = {39--67},
	title = {Zur allgemeinen Theorie des phonologischen Vokalsystems},
	volume = {1},
	year = {1929}}

@book{trubetzkoy39:grundzuge,
	address = {Prague},
	author = {N{[icolai]} S{[ergeevi{\v c}]} Trubetzkoy},
	date-added = {2020-06-28 13:21:26 -0400},
	date-modified = {2020-06-28 13:21:26 -0400},
	journal = {Travaux du cercle linguistique de Prague},
	series = {Travaux du cercle linguistique de {Prague}},
	title = {Grundz{\"u}ge der {P}honologie},
	volume = {7},
	year = {1939}}

@book{trubetzkoy68:principles,
	address = {The Hague},
	author = {N{[icolai]} S{[ergeevi{\v c}]} Trubetzkoy},
	booktitle = {Introduction to the Principles of Phonological Description},
	date-added = {2020-06-28 13:21:26 -0400},
	date-modified = {2020-06-28 13:21:26 -0400},
	editor = {H. Bluhme},
	note = {English translation by L. A. Murray of Trubetzkoy 1935, \emph{Anleitung zu phonologischen Beschreibungen}},
	publisher = {Martinus Nijhoff},
	title = {Introduction to the Principles of Phonological Description},
	year = {1968}}

@article{twaddell35:on.defining,
	author = {W. Freeman Twaddell},
	date-added = {2020-06-28 13:21:26 -0400},
	date-modified = {2021-03-19 15:08:26 -0400},
	journal = {Language},
	note = {Reprinted in \citealt[55--80]{joos57:readings}},
	title = {On Defining the Phoneme},
	volume = {11 \textsl{Language Monograph} 16:5--62},
	year = {1935}}

@article{voegelins63:history,
	author = {Carl Voegelin and F. M. Voegelin},
	date-added = {2020-06-28 13:21:26 -0400},
	date-modified = {2020-06-28 13:21:26 -0400},
	journal = {Anthropological Linguistics},
	number = {1},
	pages = {12--35},
	title = {On the History of Structuralizing in 20th Century {America}},
	volume = {5},
	year = {1963}}

@book{aronoff_oehrle84:halle_fest_II,
	address = {Cambridge},
	booktitle = {Language Sound Structure},
	date-added = {2020-06-28 13:21:26 -0400},
	date-modified = {2020-06-28 13:21:26 -0400},
	editor = {Mark Aronoff and Richard Oehrle},
	publisher = {MIT Press},
	title = {Language Sound Structure},
	year = {1984}}

@book{fromkin78:tone,
	address = {New York},
	booktitle = {Tone: A Linguistic Survey},
	date-added = {2020-06-28 13:21:26 -0400},
	date-modified = {2020-06-28 13:21:26 -0400},
	editor = {Victoria Fromkin},
	publisher = {Academic Press},
	title = {Tone: A Linguistic Survey},
	year = {1978}}

@book{jakobson41:kindersprache,
	booktitle = {Kindersprache, {Aphasie} und algemeine {Lautgesetze}},
	date-added = {2020-06-28 13:21:26 -0400},
	date-modified = {2020-06-28 13:21:26 -0400},
	publisher = {Uppsala Universitets Aarskrift},
	title = {Kindersprache, {Aphasie} und algemeine {Lautgesetze}},
	year = {1941}}

@book{jakobson75:trubetzkoy.letters,
	address = {The Hague},
	booktitle = {{N. S. Trubetzkoy}'s Letters and Notes},
	date-added = {2020-06-28 13:21:26 -0400},
	date-modified = {2020-06-28 13:21:26 -0400},
	editor = {Roman Jakobson},
	number = {47},
	publisher = {Mouton},
	series = {Janua Linguaram, Series Major},
	title = {{N. S. Trubetzkoy}'s Letters and Notes},
	year = {1975}}

@book{joos57:readings,
	address = {Washington},
	booktitle = {Readings in Linguistics},
	date-added = {2020-06-28 13:21:26 -0400},
	date-modified = {2020-06-28 13:21:26 -0400},
	editor = {Martin Joos},
	publisher = {American Council of Learned Societies},
	title = {Readings in Linguistics},
	volume = {I},
	year = {1957}}

@book{liberman01:trubetzkoy.anthology,
	address = {Durham and London},
	booktitle = {{N. S. Trubetzkoy}: Studies in General Linguistics and Language Structure},
	date-added = {2020-06-28 13:21:26 -0400},
	date-modified = {2021-03-06 14:58:49 -0500},
	editor = {Anatoly Liberman},
	note = {Translated by Marvin Taylor and Anatoly Liberman},
	publisher = {Duke University Press},
	title = {{N. S. Trubetzkoy}: Studies in General Linguistics and Language Structure},
	year = {2001}}

@book{silverstein71:whitney,
	address = {Cambridge},
	booktitle = {Whitney on Language},
	date-added = {2020-06-28 13:21:26 -0400},
	date-modified = {2020-06-28 13:21:26 -0400},
	editor = {Michael Silverstein},
	publisher = {MIT Press},
	title = {Whitney on Language},
	year = {1971}}

@book{stankiewicz72:baudouin.anthology,
	booktitle = {A {Baudouin de Courtenay} Anthology},
	date-added = {2020-06-28 13:21:26 -0400},
	date-modified = {2020-06-28 13:21:26 -0400},
	editor = {Edward Stankiewicz},
	publisher = {Indiana University Press},
	title = {A {Baudouin de Courtenay} Anthology},
	year = {1972}}

@book{stockwell:macaulay72:change,
	address = {Bloomington},
	booktitle = {Linguistic Change and Generative Theory},
	date-added = {2020-06-28 13:21:26 -0400},
	date-modified = {2020-06-28 13:21:26 -0400},
	editor = {Robert P. Stockwell and Ronald Macaulay},
	publisher = {Indiana University Press},
	title = {Linguistic Change and Generative Theory},
	year = {1972}}

@book{vanderhulst_smith82:struct_phon_rep_II,
	address = {Dordrecht},
	booktitle = {The Structure of Phonological Representations},
	date-added = {2020-06-28 13:21:26 -0400},
	date-modified = {2020-06-28 13:21:26 -0400},
	editor = {Harry van der Hulst and Norval Smith},
	publisher = {Foris},
	title = {The Structure of Phonological Representations},
	volume = {II},
	year = {1982}}
