@Misc{OED.key,
  title      = {{Oxford English Dictionary: Key to frequency}. \normalfont{\url{https://public.oed.com/how-to-use-the-oed/key-to-frequency/} (\uppercase{A}pril 12, 2023)}},
  publisher  = {Oxford University Press},
  shorthand  = {OED Key to Frequency},
  shorttitle = {OED Key to Frequency},
  year       = {2021},
}

@InCollection{Renouf.2006,
  author    = {Renouf, Antoinette and Kehoe, Andrew and Banerjee, Jayeeta},
  booktitle = {Corpus linguistics and the web},
  title     = {{WebC}orp: {A}n integrated system for web text search},
  doi       = {10.1163/9789401203791_005},
  editor    = {Hundt, Marianne and Nesselhauf, Nadja and Biewer, Carolin},
  number    = {59},
  pages     = {47--67},
  publisher = {Rodopi},
  series    = {Language and Computers},
  address   = {Amsterdam},
  year      = {2006},
}

@Article{Pustejovsky.1998,
  author  = {Pustejovsky, James},
  title   = {{The semantics of lexical underspecification}},
  doi     = {10.1515/flin.1998.32.3-4.323},
  number  = {3-4},
  pages   = {323--347},
  volume  = {32},
  journal = {{Folia Linguistica}},
  year    = {1998},
}

@Book{Loebner.2013,
  author    = {L{ö}bner, Sebastian},
  title     = {Understanding semantics},
  publisher = {Routledge},
  address   = {2nd edn. London},
  sortname  = {L{o}bner, Sebastian},
  year      = {2013},
}

@Misc{Barque.2011,
  author       = {Barque, Lucie and Fábregas, Antonio and Marín, Rafael},
  date         = {2011},
  title        = {On the (un)countability of stative deverbal nouns},
  howpublished = {Chronos X, Aston University, Birmingham, August 18--20, 2011.},
  url          = {https://www.academia.edu/2630611/On_the_un_countability_of_stative_deverbal_nouns},
  urldate      = {2020-09-14},
  year         = {2011},
}

@InCollection{Loebner.2017,
  author    = {L{ö}bner, Sebastian},
  booktitle = {{{Proceedings of the Eleventh International {Tbilisi} Symposium on Language, Logic, and Information}}},
  title     = {{Frame theory with first-order comparators: {{M}}odeling the lexical meaning of punctual verbs of change with frames}},
  doi       = {10.1007/978-3-662-54332-0_7},
  editor    = {Hansen, Helle Hvid and Murray, Sarah E. and Sadrzadeh, Mehrnoosh and Zeevat, Henk},
  number    = {10148},
  pages     = {98--117},
  publisher = {Springer},
  series    = {Lecture Notes in Computer Science},
  address   = {Berlin},
  sortname  = {L{o}bner, Sebastian},
  year      = {2017},
}

@InProceedings{Diemer.2008,
  author    = {Diemer, Stefan},
  booktitle = {{{Proceedings of {ISLE} 2 {Boston} (2008)}}},
  title     = {{{Corpus linguistics with Google?}}},
  publisher = {\url{https://www.bu.edu/isle/files/2012/01/Stefan-Diemer-Corpus-Linguistics-with-Google.pdf} (17 August, 2020)},
  year      = {2011},
}

@Book{Pustejovsky.1995,
  author    = {Pustejovsky, James},
  title     = {The generative lexicon},
  publisher = {Cambridge University Press},
  address   = {Cambridge},
  year      = {1995},
}

@Book{Bauer.2015,
  title     = {Semantics of complex words},
  doi       = {10.1007/978-3-319-14102-2},
  editor    = {Bauer, Laurie and {\v{S}}tekauer, Pavol and K{ö}rtvélyessy, Lívia},
  publisher = {Springer},
  series    = {Studies in Morphology 3},
  address   = {Dordrecht},
  booktitle = {Semantics of complex words},
  sortname  = {Bauer, Laurie and Stekauer, Pavol and K{o}rtv{e}lyessy, L{i}via},
  year      = {2015},
}

@Article{Varchetta.2010,
  author    = {Varchetta, Nicola},
  title     = {Psych-verbs: {{A}} locative derivation},
  editor    = {Brug{\`e}, Laure},
  pages     = {113--155},
  volume    = {20},
  address   = {Venice},
  journal   = {University of {V}enice Working Papers in Linguistics},
  publisher = {Ca' Foscari University},
  year      = {2010},
}

@Book{Bartlett.1932,
  author    = {Bartlett, Frederick C.},
  title     = {Remembering: {{A}} study in experimental and social psychology},
  publisher = {{Cambridge University Press}},
  address   = {Cambridge},
  year      = {1932},
}

@Book{VanValinJr.1997,
  author    = {{Van Valin}, {Robert D., Jr.} and LaPolla, Randy},
  title     = {{Syntax: {{S}}tructure, meaning, and function}},
  doi       = {10.1017/CBO9781139166799},
  publisher = {{Cambridge University Press}},
  address   = {Cambridge},
  year      = {1997},
}

@Book{Bauer.2013,
  author    = {Bauer, Laurie and Lieber, Rochelle and Plag, Ingo},
  title     = {{{{Oxford} reference guide to {English} morphology}}},
  doi       = {10.1093/acprof:oso/9780198747062.001.0001},
  publisher = {Oxford University Press},
  address   = {Oxford},
  year      = {2013},
}

@InCollection{Plag.2018,
  author    = {Plag, Ingo and Andreou, Marios and Kawaletz, Lea},
  booktitle = {{The lexeme in descriptive and theoretical morphology}},
  title     = {{A frame-semantic approach to polysemy in affixation}},
  doi       = {10.5281/zenodo.1407021},
  editor    = {Bonami, Olivier and Boyé, Gilles and Dal, Georgette and Giraudo, Hél{\`e}ne and Namer, Fiammetta},
  pages     = {467--486},
  publisher = {{Language Science Press}},
  address   = {Berlin},
  year      = {2018},
}

@PhdThesis{Geuder.2000,
  author  = {Geuder, Wilhelm},
  title   = {Oriented adverbs: {{I}}ssues in the lexical semantics of event adverbs},
  address = {Tübingen},
  school  = {Eberhard Karls Universität Tübingen},
  year    = {2000},
}

@InCollection{Haugereid.2011,
  author    = {Haugereid, Petter},
  booktitle = {{{Proceedings of the 25th {Pacific} {Asia} Conference on Language, Information and Computation}}},
  title     = {{A grammar design accommodating packed argument frame information on verbs}},
  editor    = {Hong Gao, Helena and Dong, Minghui},
  pages     = {31--40},
  publisher = {Institute of Digital Enhancement of Cognitive Processing, Waseda University},
  address   = {Singapore},
  year      = {2011},
}

@PhdThesis{McGlashan.1992,
  author  = {McGlashan, G. Scott},
  title   = {{Towards a cognitive linguistic approach to language comprehension}},
  address = {Edinburgh},
  school  = {The University of Edinburgh},
  year    = {1992},
}

@Article{Marelli.2015,
  author  = {Marco Marelli and Marco Baroni},
  title   = {Affixation in semantic space: {{M}}odeling morpheme meanings with compositional distributional semantics},
  doi     = {10.1037/a0039267},
  number  = {3},
  pages   = {485--515},
  volume  = {122},
  journal = {Psychological Review},
  year    = {2015},
}

@Book{Ungerer.2006,
  author    = {Ungerer, Friedrich and Schmid, Hans-J{ö}rg},
  title     = {An Introduction to Cognitive Linguistics},
  publisher = {{Pearson Education}},
  address   = {2nd edn. Harlow},
  sortname  = {Ungerer, Friedrich and Schmid, Hans-J{o}rg},
  year      = {2006},
}

@Misc{Levin.2006b,
  author       = {Levin, Beth},
  title        = {{English} object alternations: {{A}} unified account},
  howpublished = {\url{https://web.stanford.edu/~bclevin/alt06.pdf} (21 August, 2020)},
  year         = {2006},
}

@Article{Fillmore.2003,
  author  = {Fillmore, Charles L. and Christopher R. Johnson, and Miriam R. L. Petruck},
  title   = {Background to {{FrameN}et}},
  doi     = {10.1093/ijl/16.3.235},
  number  = {3},
  pages   = {235--250},
  volume  = {16},
  journal = {International Journal of Lexicography},
  year    = {2003},
}

@Book{Lieber.2004,
  author    = {Lieber, Rochelle},
  title     = {Morphology and lexical semantics},
  doi       = {10.1002/9781405166348.ch12},
  number    = {104},
  publisher = {Cambridge University Press},
  series    = {Cambridge Studies in Linguistics},
  address   = {Cambridge},
  year      = {2004},
}

@InCollection{Desmets.2009,
  author    = {Desmets, Marianne and Villoing, Florence},
  booktitle = {Proceedings of the 16th International Conference on Head-Driven Phrase Structure Grammar},
  title     = {{{French} {VN} lexemes: {{M}}orphological compounding in {HPSG}}},
  doi       = {10.21248/hpsg.2009.5},
  editor    = {Müller, Stefan},
  pages     = {89--109},
  publisher = {{CSLI Publications}},
  address   = {Stanford, CA},
  year      = {2009},
}

@InCollection{Schulzek.2014,
  author    = {Schulzek, Daniel},
  booktitle = {Frames and concept types},
  title     = {A frame approach to metonymical processes in some common types of {G}erman word formation},
  doi       = {10.1007/978-3-319-01541-5_10},
  editor    = {Gamerschlag, Thomas and Gerland, Doris and Osswald, Rainer and Petersen, Wiebke},
  pages     = {221--242},
  publisher = {Springer},
  address   = {Dordrecht},
  year      = {2014},
}

@Misc{Davies.2010,
  author       = {Davies, Mark},
  title        = {{The Corpus of Historical {American} {English} ({COHA})}},
  howpublished = {\url{https://www.english-corpora.org/coha/} (15 September, 2020)},
  year         = {2010},
}

@Article{Loebner.2021,
  author   = {L{ö}bner, Sebastian},
  title    = {Frames at the Interface of Language and Cognition},
  doi      = {10.1146/annurev-linguistics-042920-030620},
  number   = {1},
  pages    = {261--284},
  volume   = {7},
  journal  = {Annual Review of Linguistics},
  sortname = {L{o}bner, Sebastian},
  year     = {2021},
}

@Book{Koenig.1999,
  author    = {Koenig, Jean-Pierre},
  title     = {{Lexical relations}},
  publisher = {{CSLI Publications}},
  address   = {Stanford},
  year      = {1999},
}

@Misc{Davies.2011,
  author       = {Davies, Mark},
  title        = {{Corpus of {American} Soap Operas}},
  howpublished = {\url{https://www.english-corpora.org/soap/} (15 September, 2020)},
  year         = {2011},
}

@Book{Alexiadou.2015,
  author    = {Alexiadou, Artemis and Anagnostopoulou, Elena and Schäfer, Florian},
  title     = {{External arguments in transitivity alternations: {{A}} layering approach}},
  doi       = {10.1093/acprof:oso/9780199571949.001.0001},
  publisher = {{Oxford University Press}},
  series    = {Oxford Studies in Theoretical Linguistics},
  address   = {Oxford},
  nummer    = {55},
  sortname  = {Alexiadou, Artemis and Anagnostopoulou, Elena and Sch{a}fer, Florian},
  year      = {2015},
}

@InCollection{Lakoff.1966,
  author    = {Lakoff, George},
  booktitle = {Mathematical Linguistics and Automatic Translation},
  title     = {Stative Adjectives and Verbs in {{E}}nglish},
  editor    = {Oettinger, Anthony Gervin},
  pages     = {I/1--I/16},
  publisher = {{The Computation Laboratory, Harvard University}},
  address   = {Cambridge},
  year      = {1966},
}

@Book{Pesetsky.1995,
  author    = {Pesetsky, David},
  title     = {Zero syntax: {{{E}}}xperiencers and cascades},
  publisher = {MIT Press},
  address   = {Cambridge},
  year      = {1995},
}

@Book{Zinova.2016,
  author    = {Zinova, Yulia},
  title     = {Russian verbal prefixation: {A} frame semantic analysis},
  doi       = {10.5281/zenodo.4446717},
  number    = {7},
  publisher = {Language Science Press},
  series    = {Empirically Oriented Theoretical Morphology and Syntax},
  address   = {Berlin},
  year      = {2021},
}

@PhdThesis{Wauquier.2020,
  author  = {Wauquier, Marine},
  title   = {Confrontation des procédés dérivationnels et des catégories sémantiques dans les modèles distributionnels},
  address = {Toulouse},
  school  = {Université Toulouse Jean Jaurès},
  year    = {2020},
}

@Article{Alexiadou.2014,
  author   = {Alexiadou, Artemis and Iord\u{a}chioaia, Gianina},
  title    = {The psych causative alternation},
  doi      = {10.1016/j.lingua.2014.05.010},
  pages    = {53--79},
  volume   = {148},
  journal  = {Lingua},
  sortname = {Alexiadou, Artemis and Iordachioaia, Gianina},
  year     = {2014},
}

@InCollection{Zinova.2012,
  author    = {Zinova, Yulia and Kallmeyer, Laura},
  booktitle = {{Proceedings of the 11th International Workshop on Tree Adjoining Grammars and Related Formalisms ({{TAG}}+11)}},
  title     = {A Frame-Based Semantics of Locative Alternation in {{LTAG}}},
  editor    = {Satta, Giorgio and Han, Chung-Hye},
  pages     = {28--36},
  year      = {2012},
}

@InCollection{Gamerschlag.2014a,
  author    = {Gamerschlag, Thomas and Gerland, Doris and Osswald, Rainer and Petersen, Wiebke},
  booktitle = {{Frames and concept types}},
  title     = {{General introduction}},
  editor    = {Gamerschlag, Thomas and Gerland, Doris and Osswald, Rainer and Petersen, Wiebke},
  pages     = {3--21},
  publisher = {Springer},
  address   = {Dordrecht},
  year      = {2014},
}

@InCollection{Minsky.1975,
  author    = {Minsky, Marvin},
  booktitle = {The Psychology of Computer Vision},
  title     = {A Framework for Representing Knowledge},
  editor    = {Winston, Patrick Henry},
  pages     = {211--277},
  publisher = {McGraw-Hill},
  address   = {New York},
  year      = {1975},
}

@InCollection{Gamerschlag.2014b,
  author    = {Gamerschlag, Thomas and Geuder, Wilhelm and Petersen, Wiebke},
  booktitle = {{Meaning and grammar of nouns and verbs}},
  title     = {{Glück auf, der {S}teiger kommt: {{A}} frame account of extensional and intensional \textit{steigen}}},
  doi       = {10.1515/9783110720075-006},
  editor    = {Gerland, Doris and Horn, Christian and Latrouite, Anja and Ortmann, Albert},
  pages     = {115--144},
  publisher = {Düsseldorf University Press},
  address   = {Düsseldorf},
  year      = {2014},
}

@InCollection{Loebner.toappear,
  author    = {L{ö}bner, Sebastian},
  booktitle = {Wortschätze: {{D}}ynamik, {Muster}, Komplexität},
  title     = {{Barsalou-Frames in {Wort}- und Satzsemantik}},
  doi       = {10.1515/9783110579963-011},
  editor    = {Engelberg, Stefan and Lobin, Henning and Steyer, Kathrin and Wolfer, Sascha},
  pages     = {189--212},
  publisher = {{Mouton de Gruyter}},
  series    = {Jahrbuch des Instituts für Deutsche Sprache},
  address   = {Berlin},
  langid    = {german},
  sortname  = {L{o}bner, Sebastian},
  year      = {2018},
}

@Book{Jackendoff.1990,
  author    = {Jackendoff, Ray},
  title     = {Semantic Structures},
  publisher = {MIT Press},
  address   = {Cambridge},
  year      = {1990},
}

@Misc{OED,
  title      = {{Oxford English Dictionary Online}. \normalfont{\url{https://www.oed.com} (\uppercase{A}pril 12, 2023)}},
  publisher  = {Oxford University Press},
  shorthand  = {OED},
  shorttitle = {OED},
  year       = {2021},
}

@Misc{Webster,
  title   = {Merriam-Webster.com Dictionary},
  url     = {https://www.merriam-webster.com/},
  urldate = {2021-01-12},
  options = {indexing=false},
}

@Misc{Levin.2011b,
  author       = {Levin, Beth and {Rappaport Hovav}, Malka},
  title        = {Conceptual categories and linguistic categories {{IV}}: {{P}}art 2: {{T}}he Causative Alternation: {{A}} First Look},
  howpublished = {\url{http://web.stanford.edu/~bclevin/lsa11caus1.pdf} (17 August, 2020)},
  institutions = {{CU Boulder}},
  series       = {{Conceptual Categories and Linguistic Categories IV}},
  year         = {2011},
}

@InCollection{Schurz.2014,
  author    = {Schurz, Gerhard and Votsis, Ioannis},
  booktitle = {{Frames and concept types}},
  title     = {{Reconstructing scientific theory change by means of frames}},
  doi       = {10.1007/978-3-319-01541-5_4},
  editor    = {Gamerschlag, Thomas and Gerland, Doris and Osswald, Rainer and Petersen, Wiebke},
  pages     = {93--109},
  publisher = {Springer},
  address   = {Dordrecht},
  year      = {2014},
}

@Book{Kailuweit.2005,
  author    = {Kailuweit, Rolf},
  title     = {Linking: {S}yntax und {S}emantik franz{ö}sischer und italienischer {G}efühlsverben},
  doi       = {10.1515/9783110943351},
  number    = {493},
  publisher = {Mouton de Gruyter},
  series    = {Linguistische Arbeiten},
  address   = {Berlin},
  year      = {2005},
}

@Article{Michaelis.2004,
  author  = {Michaelis, Laura A.},
  title   = {Type shifting in construction grammar: {{A}}n integrated approach to aspectual coercion},
  doi     = {10.1515/cogl.2004.001},
  number  = {1},
  pages   = {1--68},
  volume  = {15},
  journal = {Cognitive Linguistics},
  year    = {2004},
}

@PhdThesis{Kipper.2005,
  author      = {Kipper-Schuler, Karin},
  title       = {{VerbN}et: {{A}} broad-coverage, comprehensive verb lexicon},
  address     = {Philadelphia, PA},
  indexauthor = {Kipper, Karin},
  school      = {University of Pennsylvania},
  year        = {2005},
}

@Misc{Levin.2013,
  author       = {Levin, Beth},
  title        = {Resultatives Revisited},
  howpublished = {\url{http://web.stanford.edu/~bclevin/utr13res.pdf} (17 August, 2020)},
  note         = {Symposium on secondary predication in formal frameworks, University of Utrecht, {May} 27, 2013.},
  year         = {2013},
}

@Article{Kipper.2008,
  author  = {Kipper, Karin and Korhonen, Anna and Ryant, Neville and Palmer, Martha},
  title   = {{A large-scale classification of {English} verbs}},
  doi     = {10.1007/s10579-007-9048-2},
  number  = {1},
  pages   = {21--40},
  volume  = {42},
  journal = {Language Resources and Evaluation},
  year    = {2008},
}

@Misc{Davies.2018,
  author       = {Davies, Mark},
  title        = {{The iWeb Corpus}},
  howpublished = {\url{https://www.english-corpora.org/iWeb/} (03 February, 2020)},
  year         = {2018},
}

@Misc{Davies.2013,
  author       = {Davies, Mark},
  title        = {Corpus of {G}lobal {W}eb-{B}ased {English}},
  howpublished = {\url{https://www.english-corpora.org/glowbe/} (15 September, 2020)},
  year         = {2013},
}

@Book{Hartl.2001book,
  author    = {Härtl, Holden},
  title     = {Cause und Change: {{T}}hematische {R}elationen und {{E}}reignisstrukturen in {K}onzeptualisierung und {G}rammatikalisierung},
  doi       = {10.1515/9783050079714},
  number    = {50},
  publisher = {Mouton de Gruyter},
  series    = {Studia grammatica},
  address   = {Berlin},
  sortname  = {H{a}rtl, Holden},
  year      = {2001},
}

@Misc{Davies.2015,
  author       = {Davies, Mark},
  title        = {{The {Wikipedia} Corpus}},
  howpublished = {\url{https://www.english-corpora.org/wiki/} (15 September, 2020)},
  year         = {2015},
}

@Misc{Davies.2016,
  author       = {Davies, Mark},
  title        = {Corpus of {N}ews on the {W}eb ({NOW})},
  howpublished = {\url{https://www.english-corpora.org/now/} (15 September, 2020)},
  year         = {2016},
}

@Misc{Levin.2011a,
  author       = {Levin, Beth and {Rappaport Hovav}, Malka},
  title        = {{Distinguishing lexicalized meaning from context: {{A}} monadic analysis of the causative alternation}},
  howpublished = {\url{http://web.stanford.edu/~bclevin/lsa11caus2.pdf} (17 August, 2020)},
  institutions = {{LSA Linguistic Institute, University of Colorado, Boulder}},
  series       = {{Conceptual Categories and Linguistic Categories IV}},
  year         = {2011},
}

@Misc{Iordachioaia.2020,
  author       = {Iord\u{a}chioaia, Gianina},
  title        = {Categorization and nominalization in zero-derived nouns},
  howpublished = {{Generative Linguistics in the Old World 43. April 8 to 20, 2020. Berlin, Germany. \url{https://osf.io/y6azx/} (21 January, 2021)}},
  address      = {HU Berlin},
  series       = {Talk given at GLOW 43},
  year         = {2020},
}

@Article{Arndt-Lappe.2014,
  author  = {Arndt-Lappe, Sabine},
  title   = {Analogy in suffix rivalry: {{T}}he case of {{E}}nglish -\textit{ity} and -\textit{ness}},
  doi     = {10.1017/S136067431400015X},
  number  = {3},
  pages   = {497--548},
  volume  = {18},
  journal = {English Language and Linguistics},
  year    = {2014},
}

@Article{Ehrich.2000,
  author  = {Ehrich, Veronika and Rapp, Irene},
  title   = {{Sortale {Bedeutung} und Argumentstruktur: {{{U}}}ng-Nominalisierungen im {Deutschen}}},
  doi     = {10.1515/zfsw.2000.19.2.245},
  number  = {2},
  pages   = {245--303},
  volume  = {19},
  journal = {Zeitschrift für Sprachwissenschaft},
  year    = {2000},
}

@Misc{Nam.2009,
  author       = {Nam, Seungho},
  title        = {Event structures of Experiencer Predicates in {K}orean: {T}heir causal, temporal, and focal sub-structure},
  howpublished = {5th International Conference on {Generative} approaches to the lexicon. {September} 17–19, 2009. Pisa, Italy. \url{http://www.flarenet.eu/sites/default/files/S7_01_Nam.pdf} (21 August, 2020)},
  address      = {Pisa, Italy},
  year         = {2009},
}

@InProceedings{Bredenkamp.1996,
  author    = {Bredenkamp, Andrew and Markantonatou, Stella and Sadler, Louisa},
  booktitle = {{Proceedings of the 16th conference on computational linguistics}},
  title     = {{Lexical rules: {{W}}hat are they?}},
  doi       = {10.3115/992628.992659},
  editor    = {Tsujii, Jun'ichi},
  pages     = {163--168},
  publisher = {{Association for Computational Linguistics}},
  address   = {Morristown, NJ},
  year      = {1996},
}

@InCollection{AndreouPetitjean.submitted,
  author    = {Andreou, Marios and Petitjean, Simon},
  booktitle = {Concepts, Frames and Cascades in Semantics, Cognition and Ontology},
  title     = {An {{XMG}} account of multiplicity of meaning in derivation},
  doi       = {10.1007/978-3-030-50200-3_9},
  editor    = {L{ö}bner, Sebastian and Gamerschlag, Thomas and Kalenscher, Tobias and Schrenk, Markus and Zeevat, Henk},
  number    = {7},
  pages     = {181--199},
  publisher = {Springer},
  series    = {Language, Cognition, and Mind},
  address   = {Dordrecht},
  ids       = {Andreou.inpress},
  year      = {2021},
}

@Book{Alexiadou.2001,
  author    = {Alexiadou, Artemis},
  title     = {Functional structure in nominals: {Nominalization} and ergativity},
  doi       = {10.1017/S0022226702211986},
  number    = {42},
  publisher = {John Benjamins},
  series    = {Linguistik Aktuell/Linguistics Today},
  address   = {Amsterdam},
  owner     = {Kawaletz},
  timestamp = {2014.05.05},
  year      = {2001},
}

@InCollection{Osswald.toappear,
  author    = {Osswald, Rainer and Kallmeyer, Laura},
  booktitle = {Applying and Expanding {Role and Reference Grammar}},
  title     = {{Towards a formalization of Role and~Reference Grammar}},
  editor    = {Kailuweit, Rolf and Künkel, Lisann and Staudinger, Eva},
  pages     = {355--379},
  publisher = {{Freiburg Institute for Advanced Studies}},
  address   = {Freiburg},
  year      = {2018},
}

@InCollection{Petersen.2015,
  author    = {Petersen, Wiebke},
  booktitle = {Meaning, Frames, and Conceptual Representation},
  title     = {Representation of Concepts as Frames},
  doi       = {10.1515/9783110720129-003},
  editor    = {Gamerschlag, Thomas and Gerland, Doris and Osswald, Rainer and Petersen, Wiebke},
  pages     = {43--68},
  publisher = {De Gruyter},
  address   = {Berlin},
  year      = {2015},
}

@Misc{Kunter.2015,
  author       = {Kunter, Gero},
  title        = {{Coquery: {{A}} querying tool for linguistic corpora}},
  howpublished = {\url{http://coquery.org/index.html} (17 August, 2020)},
  year         = {2015},
}

@InCollection{Bonami.2016,
  author    = {Bonami, Olivier and Crysmann, Berthold},
  booktitle = {{Cambridge} Handbook of Morphology},
  title     = {{Morphology in constraint-based lexicalist approaches to grammar}},
  doi       = {10.1017/9781139814720.022},
  editor    = {Hippisley, Andrew and Stump, Gregory T.},
  pages     = {609--656},
  publisher = {{Cambridge University Press}},
  address   = {Cambridge},
  year      = {2016},
}

@InProceedings{Sil.2010,
  author    = {Sil, Avirup and Huang, Fei and Yates, Alexander},
  booktitle = {{Papers from the 2010 {AAAI} Fall Symposium}},
  title     = {Extracting action and event semantics from web text},
  editor    = {Havasi, Catherine and Lentat, Doug and {V}an Durme, Benjamin},
  pages     = {108--113},
  publisher = {The AAAI Press},
  address   = {Menlo Park, CA},
  year      = {2010},
}

@Book{Hundt.2006,
  title     = {Corpus linguistics and the web},
  editor    = {Hundt, Marianne and Nesselhauf, Nadja and Biewer, Carolin},
  number    = {59},
  publisher = {Rodopi},
  series    = {Language and Computers},
  address   = {Amsterdam},
  booktitle = {Corpus linguistics and the web},
  year      = {2006},
}

@InCollection{Loebner.2014a,
  author    = {L{ö}bner, Sebastian},
  booktitle = {{Frames and concept types}},
  title     = {{Evidence for frames from human language}},
  doi       = {10.1007/978-3-319-01541-5_2},
  editor    = {Gamerschlag, Thomas and Gerland, Doris and Osswald, Rainer and Petersen, Wiebke},
  pages     = {23--67},
  publisher = {Springer},
  address   = {Dordrecht},
  sortname  = {L{o}bner, Sebastian},
  year      = {2014},
}

@InCollection{Tribout.2010,
  author    = {Tribout, Delphine},
  booktitle = {{{Proceedings of the 17th International Conference on Head-Driven Phrase Structure Grammar, Université {{Paris}} Diderot, {{Paris}} 7, {France}}}},
  title     = {{How many conversions from verb to noun are there in {French}?}},
  editor    = {Müller, Stefan},
  pages     = {341--357},
  publisher = {{CSLI Publications}},
  year      = {2010},
}

@Proceedings{Rainer.2014coll,
  title     = {Morphology and Meaning: {{S}}elected papers from the 15\textsuperscript{th} {I}nternational {M}orphology {M}eeting, {V}ienna, {F}ebruary 2012},
  editor    = {Rainer, Franz AND Gardani, Francesco AND Luschützky, Hans Christian AND Dressler, Wolfgang U.},
  number    = {327},
  publisher = {John Benjamins},
  series    = {Current Issues in Linguistic Theory},
  address   = {Amsterdam},
  booktitle = {Morphology and meaning: {{S}}elected papers from the 15\textsuperscript{th} {I}nternational {M}orphology {M}eeting, {V}ienna, {F}ebruary 2012},
  year      = {2014},
}

@Book{Lloyd.2011,
  author    = {Lloyd, Cynthia},
  title     = {{Semantics and word formation: {{T}}he semantic development of five {French} suffixes in {Middle English}}},
  publisher = {{Peter Lang}},
  address   = {Oxford},
  year      = {2011},
}

@Book{Busse.2012,
  author    = {Busse, Dietrich},
  title     = {{Frame-{Semantik}}},
  doi       = {10.1515/9783110269451},
  publisher = {{Mouton de Gruyter}},
  address   = {Berlin},
  year      = {2012},
}

@InCollection{Kawaletz.2015,
  author    = {Kawaletz, Lea and Plag, Ingo},
  booktitle = {Semantics of complex words},
  title     = {Predicting the semantics of {{E}}nglish nominalizations: {{A}} frame-based analysis of \textit{-ment} suffixation},
  doi       = {10.1007/978-3-319-14102-2_14},
  editor    = {Bauer, Laurie and {\v{S}}tekauer, Pavol and K{ö}rtvelyéssy, Livia},
  pages     = {289--319},
  publisher = {Springer},
  address   = {Dordrecht},
  year      = {2015},
}

@PhdThesis{Hirsch.2018,
  author  = {Hirsch, Nils},
  title   = {{German} psych verbs: {{I}}nsights from a decompositional perspective},
  address = {Berlin},
  school  = {Humboldt-Universität zu Berlin},
  year    = {2018},
}

@Book{Dowty.1979,
  author    = {Dowty, David R.},
  title     = {{Word meaning and Montague grammar: {{T}}he semantics of verbs and times in generative semantics and in Montague's {PTQ}}},
  doi       = {10.1007/978-94-009-9473-7},
  number    = {7},
  publisher = {Springer},
  series    = {Studies in Linguistics and Philosophy},
  address   = {Dordrecht},
  year      = {1979},
}

@InCollection{Busse.2017,
  author    = {Busse, Dietrich},
  booktitle = {Classification from Antiquity to Modern Times},
  title     = {Frames as a model for the analysis and description of concepts, conceptual structures, conceptual change and concept hierarchies},
  doi       = {10.1515/9783110538779-011},
  editor    = {Pommerening, Tanja and Bisang, Walter},
  pages     = {281--310},
  publisher = {{Mouton de Gruyter}},
  address   = {Berlin},
  year      = {2017},
}

@Book{Trips.2009,
  author    = {Trips, Carola},
  title     = {{{Lexical semantics and diachronic morphology: {{T}}he development of -hood, -dom and -ship in the history of {English}}}},
  doi       = {10.1515/9783484971318},
  publisher = {Niemeyer},
  address   = {Tübingen},
  year      = {2009},
}

@InCollection{Baayen.2009,
  author    = {Baayen, R. Harald},
  booktitle = {Corpus Linguistics},
  title     = {Corpus linguistics in morphology: {{M}}orphological productivity},
  doi       = {10.1515/9783110213881.2.899},
  editor    = {Lüdeling, Anke and Kyt{ö}, Merja},
  pages     = {900--919},
  publisher = {Mouton de Gruyter},
  address   = {Berlin},
  year      = {2009},
}

@InCollection{Loebner.2008,
  author    = {L{ö}bner, Sebastian},
  booktitle = {Unity and Diversity of Languages},
  title     = {Lexical~Semantics},
  editor    = {{van Sterkenburg}, Piet},
  pages     = {189--200},
  publisher = {John Benjamins},
  address   = {Amsterdam},
  sortname  = {L{o}bner, Sebastian},
  year      = {2008},
}

@InCollection{Rainer.2014poly,
  author    = {Rainer, Franz},
  booktitle = {The {O}xford handbook of derivational morphology.},
  title     = {Polysemy in Derivation},
  doi       = {10.1093/oxfordhb/9780199641642.013.0019},
  editor    = {Lieber, Rochelle and {\v{S}}tekauer, Pavol},
  pages     = {338--353},
  publisher = {{Oxford University Press}},
  series    = {Oxford {H}andbooks in {L}inguistics},
  address   = {Oxford},
  year      = {2014},
}

@Book{Aarts.2007,
  author    = {Aarts, Bas},
  title     = {Syntactic gradience: {{T}}he nature of grammatical indeterminacy},
  doi       = {10.1017/S0022226708005197},
  publisher = {Oxford University Press},
  address   = {Oxford},
  year      = {2007},
}

@InCollection{Osswald.2014,
  author    = {Osswald, Rainer and {Van Valin}, {Robert D., Jr.}},
  booktitle = {Frames and concept types},
  title     = {{{FrameN}et}, frame structure, and the syntax-semantics interface},
  editor    = {Gamerschlag, Thomas and Gerland, Doris and Osswald, Rainer and Petersen, Wiebke},
  pages     = {125--156},
  publisher = {Springer},
  address   = {Dordrecht},
  year      = {2014},
}

@Book{Pinker.1989,
  author    = {Pinker, Steven},
  title     = {Learnability and cognition: {{T}}he acquisition of argument structure},
  publisher = {The MIT Press},
  address   = {Cambridge},
  year      = {1989},
}

@InCollection{Petersen.2007,
  author    = {Petersen, Wiebke},
  booktitle = {Complex Cognition and Qualitative Science: {{A}} legacy of {O}swald {K}ulpe},
  title     = {Representation of concepts as frames},
  editor    = {Skilters, Jurgis and Toccafondi, Fiorenza and Stemberger, Gerhard},
  number    = {2},
  pages     = {151--170},
  publisher = {University of Latvia Press},
  series    = {The Baltic International Yearbook of Cognition, Logic and Communication},
  address   = {Riga},
  year      = {2007},
}

@Misc{Davies.2008b,
  author = {Davies, Mark},
  title  = {{The Corpus of Contemporary {American} {English} ({COCA}). {\normalfont\uppercase{DVD} version}}},
  year   = {2014},
}

@InCollection{Petersen.2014,
  author    = {Petersen, Wiebke and Gamerschlag, Thomas},
  booktitle = {{Frames and concept types}},
  title     = {{Why chocolate eggs can taste old but not oval: {{A}} frame-theoretic analysis of inferential evidentials}},
  doi       = {10.1007/978-3-319-01541-5_9},
  editor    = {Gamerschlag, Thomas and Gerland, Doris and Osswald, Rainer and Petersen, Wiebke},
  pages     = {199--218},
  publisher = {Springer},
  address   = {Dordrecht},
  year      = {2014},
}

@InCollection{Osswald.2005,
  author    = {Osswald, Rainer},
  booktitle = {{Proceedings of Sinn und {Bedeutung} 9}},
  title     = {On result nominalization in {G}erman},
  doi       = {10.18148/sub/2005.v9i0.732},
  editor    = {Maier, Emar and Bary, Corien and Huitink, Janneke},
  pages     = {256--270},
  year      = {2019},
}

@Book{Plag.1999,
  author    = {Plag, Ingo},
  title     = {{{Morphological productivity: {{S}}tructural constraints in {English} derivation}}},
  doi       = {10.1515/9783110802863},
  publisher = {Mouton de Gruyter},
  address   = {Berlin},
  year      = {1999},
}

@Article{McKoon.2000,
  author  = {McKoon, Gail and Macfarland, Talke},
  title   = {{Externally and internally caused change of state verbs}},
  doi     = {10.2307/417201},
  number  = {4},
  pages   = {833--858},
  volume  = {76},
  journal = {{Language}},
  year    = {2000},
}

@Article{DiDesidero.1993,
  author    = {{Di Desidero}, Linda},
  title     = {Psych Verbs: {{A}}gency and the Nature of Complex Events},
  editor    = {Smith, Stvan, Laurel AND Ron, Pilar AND Coppolillo, Cathy AND Muehleisen, Victoria},
  pages     = {11--22},
  volume    = {5},
  address   = {Evanston, IL},
  journal   = {Northwestern {{U}}niversity Working Papers in Linguistics},
  publisher = {Northwestern University, Department of Linguistics},
  year      = {1993},
}

@Article{Crabbe.2013,
  author   = {Beno\^{i}t Crabbé AND Denys Duchier AND Claire Gardent AND Joseph Le Roux AND Yannick Parmentier},
  title    = {{{XMG}}. {{EX}}tensible {M}eta{G}rammar},
  doi      = {10.1162/COLI_a_00144},
  number   = {3},
  pages    = {1--66},
  volume   = {39},
  journal  = {Computational Linguistics},
  sortname = {Benoit Crabbe AND Deniys Duchier AND Claire Gardent AND Joseph Le Roux AND Yannick Parmentier},
  year     = {2013},
}

@Book{Pollard.1994,
  author    = {Pollard, Carl and Sag, Ivan A.},
  title     = {Head-Driven Phrase Structure Grammar},
  publisher = {University of Chicago Press},
  address   = {Chicago},
  year      = {1994},
}

@InCollection{Hartl.1999,
  author    = {Härtl, Holden},
  booktitle = {{KogW}is 99},
  title     = {\textit{{Fürchten}} vs. \textit{ängstigen}: {Thematische Rollen und Ereignisstrukturen psychischer {Verben} in einem Modell der Sprachproduktion}},
  editor    = {Wachsmuth, Ipke and Jung, Bernhard},
  pages     = {189--194},
  publisher = {Infix},
  address   = {St. Augustin},
  sortname  = {H{a}rtl, Holden},
  year      = {1999},
}

@Article{Lieber.2015,
  author    = {Lieber, Rochelle},
  title     = {The semantics of transposition},
  doi       = {10.1007/s11525-015-9261-4},
  editor    = {Arndt-Lappe, Sabine and Plag, Ingo},
  note      = {Special issue: {The} semantics of derivational morphology},
  number    = {4},
  pages     = {353--369},
  volume    = {25},
  address   = {Dordrecht},
  journal   = {Morphology},
  publisher = {Springer},
  year      = {2015},
}

@Book{Lieber.2016,
  author    = {Lieber, Rochelle},
  title     = {{{English} nouns: {{T}}he ecology of nominalization}},
  publisher = {{Cambridge University Press}},
  address   = {Cambridge},
  year      = {2016},
}

@Article{Arndt-Lappe.2015,
  author  = {Arndt-Lappe, Sabine and Ingo Plag},
  title   = {Introduction},
  doi     = {10.1007/s11525-015-9272-1},
  note    = {Special issue: {The} semantics of derivational morphology},
  number  = {4},
  pages   = {349--351},
  volume  = {25},
  journal = {Morphology},
  year    = {2015},
}

@Book{Marchand.1969,
  author    = {Marchand, Hans},
  title     = {{{The categories and types of present-day {English} word-formation}}},
  publisher = {Beck},
  address   = {Munich},
  year      = {1969},
}

@Book{Gadde.1910,
  author    = {Gadde, Fredrik},
  title     = {{On the history and use of the suffixes -\textit{ery} (-\textit{ry}), -\textit{age} and -\textit{ment} in {English}}},
  publisher = {{Berlingska Boktryckeriet}},
  address   = {Lund},
  year      = {1910},
}

@Book{Booij.2010,
  author    = {Booij, Geert},
  title     = {{Construction morphology}},
  doi       = {10.1111/j.1749-818X.2010.00213.x},
  publisher = {{Oxford University Press}},
  address   = {Oxford},
  year      = {2010},
}

@Book{Levin.1995,
  author    = {Levin, Beth and {Rappaport Hovav}, Malka},
  title     = {{Unaccusativity: {{A}}t the syntax-lexical semantics interface}},
  publisher = {{MIT Press}},
  address   = {Cambridge},
  year      = {1995},
}

@Article{Gelderen.2014,
  author  = {{van Gelderen}, Elly},
  title   = {Changes in psych-verbs: {{A}} reanalysis of little v},
  doi     = {10.5565/rev/catjl.154},
  pages   = {99--122},
  volume  = {13},
  journal = {Catalan Journal of Linguistics},
  year    = {2014},
}

@PhdThesis{Schulzek.forthcoming,
  author  = {Schulzek, Daniel},
  title   = {A Frame Approach to {G}erman Nominal Word Formation},
  address = {Düsseldorf},
  school  = {Heinrich-Heine-Universität},
  year    = {2019},
}

@InCollection{Levin.1999,
  author    = {Levin, Beth and {Rappaport Hovav}, Malka},
  booktitle = {{Proceedings from {Semantics and Linguistic Theory {IX}}}},
  title     = {{Two structures for compositionally derived events}},
  editor    = {Matthews, Tanya and Strolovitch, Devon},
  pages     = {199--223},
  publisher = {Cornell University Press},
  address   = {Ithaca, NY},
  year      = {1999},
}

@InCollection{Balogh.inpress,
  author    = {Balogh, Kata and Osswald, Rainer},
  booktitle = {Concepts, Frames and Cascades in Semantics, Cognition and Ontology},
  title     = {{A frame-based analysis of verbal particles in {Hungarian}}},
  doi       = {10.1007/978-3-030-50200-3_11},
  editor    = {Löbner, Sebastian and Gamerschlag, Thomas and Kalenscher, Tobias and Schrenk, Markus and Zeevat, Henk},
  number    = {7},
  pages     = {219--237},
  publisher = {Springer},
  series    = {Language, Cognition, and Mind},
  address   = {Dordrecht},
  year      = {2021},
}

@Book{Carpenter.1992,
  author    = {Carpenter, Bob},
  title     = {{The logic of typed feature structures}},
  doi       = {10.1017/CBO9780511530098},
  publisher = {{Cambridge University Press}},
  address   = {Cambridge},
  year      = {1992},
}

@Misc{Asher.2000,
  author  = {Nicholas Asher and James Pustejovsky},
  title   = {The Metaphysics of Words in Context},
  url     = {https://www.researchgate.net/publication/2634729_The_Metaphysics_of_Words_in_Context},
  urldate = {2023-03-29},
  year    = {2000},
}

@Book{Levin.1993,
  author    = {Levin, Beth},
  title     = {{English} verb classes and alternations: {{A}} preliminary investigation},
  publisher = {University of Chicago Press},
  address   = {Chicago},
  year      = {1993},
}

@InCollection{Smith.1970,
  author    = {Smith, Carlota},
  booktitle = {{Linguistic and literary studies in honor of Archibald A. {{H}}ill}},
  title     = {{{Jespersen}'s “move and change” class and causative verbs in {English}}},
  doi       = {10.1515/9783110800432.101},
  editor    = {Jazayery, Mahammad Ali and Polomé, Edgar C. and Winter, Werner},
  pages     = {101--109},
  publisher = {Walter de Gruyter},
  address   = {The Hague},
  year      = {1970},
}

@Unpublished{Klein.2005,
  author = {Klein, Katarina and Kutscher, Silvia},
  title  = {Lexical economy and case selection of psych-verbs in {German}},
  url    = {http://web.archive.org/web/20220726181137/https://ids-pub.bsz-bw.de/frontdoor/deliver/index/docId/3417/file/Klein_Kutscher_Lexical%20Economy_2005.pdf},
  year   = {2005},
}

@Book{Bresnan.1982,
  author    = {Bresnan, Joan},
  title     = {The mental representation of grammatical relations},
  publisher = {MIT Press},
  series    = {MIT Press series on cognitive theory and mental representation},
  address   = {Cambridge},
  year      = {1982},
}

@Article{Booij.2004,
  author  = {Booij, Geert and Rochelle Lieber},
  title   = {On the paradigmatic nature of affixal semantics in {{E}}nglish and {D}utch},
  doi     = {10.1515/ling.2004.011},
  number  = {2},
  pages   = {327--353},
  volume  = {42},
  journal = {Linguistics},
  year    = {2004},
}

@InCollection{Panther.2002,
  author    = {Panther, Klaus-Uwe and Thornburg, Linda L.},
  booktitle = {Metaphor and metonymy in comparison and contrast},
  title     = {{{The roles of metaphor and metonymy in {English} \textit{-er} nominals}}},
  doi       = {10.1515/9783110219197.2.279},
  editor    = {Dirven, René and P{ö}rings, Ralf},
  pages     = {279--322},
  publisher = {{Mouton de Gruyter}},
  address   = {Berlin},
  year      = {2002},
}

@InCollection{Goldschmidt.2017,
  author    = {Goldschmidt, Anja and Gamerschlag, Thomas and Petersen, Wiebke and Gabrovska, Ekaterina and Geuder, Wilhelm},
  booktitle = {{Logic, language, and computation}},
  title     = {{Towards verb modification in frames}},
  doi       = {10.1007/978-3-662-54332-0},
  editor    = {Hansen, Helle Hvid and Murray, Sarah E. and Sadrzadeh, Mehrnoosh and Zeevat, Henk},
  number    = {10148},
  pages     = {18--36},
  publisher = {{Springer}},
  series    = {Lecture Notes in Computer Science},
  address   = {Berlin},
  year      = {2017},
}

@Article{Huyghe.2020,
  author  = {Huyghe, Richard and Wauquier, Marine},
  title   = {What's in an agent? {A} distributional semantics approach to agent nouns in {F}rench},
  doi     = {10.1007/s11525-020-09366-2},
  pages   = {185--218},
  volume  = {30},
  journal = {Morphology},
  year    = {2020},
}

@InCollection{Martin.2013,
  author    = {Martin, Fabienne},
  booktitle = {Studies in the composition and decomposition of event predicates},
  title     = {Oriented adverbs and object experiencer psych-verbs},
  doi       = {10.1007/978-94-007-5983-1_4},
  editor    = {Arsenĳević, Boban and Gehrke, Berit and Marin, Rafael},
  number    = {93},
  pages     = {71--97},
  publisher = {Springer},
  series    = {Studies in Linguistics and Philosophy},
  address   = {Dordrecht},
  year      = {2013},
}

@Book{Motsch.1999,
  author    = {Motsch, Wolfgang},
  title     = {{{Deutsche} {Wortbildung} in Grundzügen}},
  doi       = {10.1515/9783110807189},
  number    = {8},
  publisher = {{Mouton de Gruyter}},
  series    = {{Schriften des Instituts für Deutsche Sprache}},
  address   = {Berlin},
  year      = {1999},
}

@InCollection{Kann.2018,
  author    = {Kann, Christoph and Inderelst, Lars},
  booktitle = {{Frames interdisziplinär: {{M}}odelle, Anwendungsfelder, {Methoden}.}},
  title     = {{Gibt es eine einheitliche Frame-Konzeption? {{H}}istorisch-systematische Perspektiven}},
  editor    = {Ziem, Alexander and Inderelst, Lars and Wulf, Detmar},
  number    = {2},
  pages     = {25--68},
  publisher = {{Düsseldorf University Press}},
  series    = {Proceedings in Language and Cognition},
  address   = {Düsseldorf},
  year      = {2018},
}

@InCollection{Barsalou.1992b,
  author    = {Barsalou, Lawrence W.},
  booktitle = {Frames, fields and contrasts},
  title     = {Frames, concepts, and conceptual fields},
  editor    = {Lehrer, Adrienne and {Eva Feder Kittay}},
  pages     = {21--74},
  publisher = {Lawrence Erlbaum Associates},
  address   = {Hillsdale},
  year      = {1992},
}

@Book{Ziem.2008,
  author    = {Ziem, Alexander},
  title     = {{Frames und sprachliches Wissen}},
  doi       = {10.1515/9783110209419},
  number    = {2},
  publisher = {Mouton de Gruyter},
  series    = {{Sprache und Wissen}},
  address   = {Berlin},
  price     = {print},
  year      = {2008},
}

@InCollection{Hartl.2001,
  author    = {Härtl, Holden},
  booktitle = {Structural aspects of semantically complex verbs},
  title     = {Mapping conceptual onto grammatical structures: {{T}}he case of psych verbs},
  editor    = {Dehé, Nicole and Wanner, Anja},
  pages     = {191--218},
  publisher = {Lang},
  address   = {Frankfurt},
  sortname  = {H{a}rtl, Holden},
  year      = {2001},
}

@Article{Hartshorne.2016,
  author   = {Hartshorne, Joshua K. and O'Donnell, Timothy J. and Sudo, Yasutada and Uruwashi, Miki and Lee, Miseon and Snedeker, Jesse},
  title    = {Psych verbs, the linking problem, and the acquisition of language},
  doi      = {10.1016/j.cognition.2016.08.008},
  pages    = {268--288},
  volume   = {157},
  journal  = {Cognition},
  sortname = {Hartshorne, Joshua K. and O'Donnell, Timothy J. and Sudo, Yasutada and Uruwashi, Miki and Lee, Miseon and Snedeker, Jesse},
  year     = {2016},
}

@Book{Barsalou.1992a,
  author    = {Barsalou, Lawrence W.},
  title     = {Cognitive psychology: {{A}}n overview for cognitive sciences},
  publisher = {Lawrence Erlbaum Associates},
  address   = {Hillsdale},
  year      = {1992},
}

@Article{Hartshorne.2013,
  author  = {Hartshorne, Joshua K. and Snedeker, Jesse},
  title   = {Verb argument structure predicts implicit causality: {{T}}he advantages of finer-grained semantics},
  doi     = {10.1080/01690965.2012.689305},
  number  = {10},
  pages   = {1474--1508},
  volume  = {28},
  journal = {Language and Cognitive Processes},
  year    = {2013},
}

@Article{Hartshorne.2014,
  author  = {Hartshorne, Joshua K.},
  title   = {What is implicit causality?},
  doi     = {10.1080/01690965.2013.796396},
  number  = {7},
  pages   = {804--824},
  volume  = {29},
  journal = {Language, Cognition and Neuroscience},
  year    = {2014},
}

@InCollection{Kallmeyer.2012,
  author    = {Kallmeyer, Laura and Osswald, Rainer},
  booktitle = {{{WoLLIC} 2010}},
  title     = {An Analysis of Directed {Motion} Expressions with {Lexicalized Tree Adjoining Grammars} and Frame Semantics},
  doi       = {10.1007/978-3-642-32621-9_3},
  editor    = {Ong, Luke and de Queiroz, Ruy},
  number    = {7456},
  pages     = {34--55},
  publisher = {Springer},
  series    = {Lecture Notes in Computer Science},
  address   = {Berlin},
  year      = {2012},
}

@Article{Loebner.1985,
  author   = {L{ö}bner, Sebastian},
  title    = {Definites},
  doi      = {10.1093/jos/4.4.279},
  number   = {4},
  pages    = {279--326},
  volume   = {4},
  journal  = {Journal of Semantics},
  sortname = {L{o}bner, Sebastian},
  year     = {1985},
}

@Article{Boleda.2019,
  author  = {Gemma Boleda},
  title   = {Distributional semantics and linguistic theory},
  doi     = {10.1146/annurev-linguistics-011619-030303},
  pages   = {213--234},
  volume  = {6},
  journal = {Annual Review of Linguistics},
  year    = {2020},
}

@Article{Kallmeyer.2013,
  author  = {Kallmeyer, Laura and Osswald, Rainer},
  title   = {Syntax-driven semantic frame composition in {Lexicalized Tree Adjoining Grammars}},
  doi     = {10.15398/jlm.v1i2.61},
  number  = {2},
  pages   = {267--330},
  volume  = {1},
  journal = {Journal of Language Modelling},
  year    = {2013},
}

@Misc{Davies.2015b,
  author       = {Davies, Mark},
  title        = {Hansard {C}orpus},
  howpublished = {\url{https://www.english-corpora.org/hansard/} (15 September, 2020)},
  year         = {2015},
}

@InCollection{Fillmore.1968,
  author    = {Fillmore, Charles L.},
  booktitle = {{Universals in linguistic theory}},
  title     = {{The case for case}},
  doi       = {10.1163/9789004368866_005},
  editor    = {Bach, Emmon and Harms, Robert T.},
  pages     = {1--88},
  publisher = {{Holt, Rinehart, and Winston}},
  address   = {New York},
  year      = {1968},
}

@Book{Wanner.1999,
  author    = {Wanner, Anja},
  title     = {Verbklassifizierung und aspektuelle {A}lternationen im {{E}}ngli\-schen},
  doi       = {10.1515/9783110911381},
  number    = {398},
  publisher = {Niemeyer},
  series    = {Linguistische Arbeiten},
  address   = {Tübingen},
  year      = {1999},
}

@InCollection{RappaportHovav.1998,
  author    = {{Rappaport Hovav}, Malka and Levin, Beth},
  booktitle = {{The projection of arguments}},
  title     = {{Building verb meanings}},
  editor    = {Butt, Miriam and Geuder, Wilhelm},
  pages     = {97--134},
  publisher = {{CSLI Publications}},
  address   = {Stanford, CA},
  year      = {1998},
}

@PhdThesis{Terhalle.2017,
  author  = {Terhalle, Anselm},
  title   = {Metonymy in frames: {{S}}tudies on the role of functional relations in contiguity-based semantic shifts of nouns.},
  address = {Düsseldorf},
  school  = {Heinrich-Heine-Universität},
  year    = {2017},
}

@InCollection{Babonnaud.2016,
  author    = {Babonnaud, William and Kallmeyer, Laura and Osswald, Rainer},
  booktitle = {{Logical aspects of computational linguistics, 9th international conference}},
  title     = {Polysemy and coercion: {{A}} frame-based approach using {{LTAG}} and hybrid logic},
  doi       = {10.1007/978-3-662-53826-5_2},
  editor    = {Amblard, Maxime and de Groote, Philippe and Pogodalla, Sylvain and Retoré, Christian},
  number    = {10054},
  pages     = {19--33},
  publisher = {Springer},
  series    = {Lecture Notes in Computer Science},
  address   = {Berlin},
  year      = {2016},
}

@InCollection{Mueller.2015,
  author    = {Müller, Stefan},
  booktitle = {Syntax: {{T}}heory and analysis},
  title     = {{{HPSG}}: {A} Synopsis},
  doi       = {10.1515/9783110363708},
  editor    = {Kiss, Tibor and Alexiadou, Artemis},
  number    = {42/2},
  pages     = {937--973},
  publisher = {{Mouton de Gruyter}},
  series    = {{H}andbücher zur Sprach- und Kommunikationswissenschaft\slash Handbooks of Linguistics and Communications Science},
  address   = {Berlin},
  sortname  = {M{u}ller, Stefan},
  year      = {2015},
}

@InCollection{Dixon.2000,
  author    = {Dixon, R. M. W.},
  booktitle = {{Changing valency: {{C}}ase studies in transitivity}},
  title     = {{A typology of causatives: {{F}}orm, syntax and meaning}},
  doi       = {10.1017/CBO9780511627750.003},
  editor    = {Dixon, R. M. W. and Aikhenvald, Alexandra Y.},
  pages     = {30--83},
  publisher = {{Cambridge University Press}},
  address   = {Cambridge},
  year      = {2000},
}

@Article{Belletti.1988,
  author  = {Belletti, Adriana and Rizzi, Luigi},
  title   = {Psych-verbs and $\theta$-Theory},
  doi     = {10.1007/BF00133902},
  number  = {3},
  pages   = {291--352},
  volume  = {6},
  journal = {Natural Language {\&} Linguistic Theory},
  year    = {1988},
}

@Misc{Davies.2007,
  author       = {Davies, Mark},
  title        = {{{TIME} {M}agazine {C}orpus}},
  howpublished = {\url{https://www.english-corpora.org/time/} ( 15 September, 2020)},
  year         = {2007},
}

@Misc{Davies.2008,
  author       = {Davies, Mark},
  title        = {{The Corpus of Contemporary {American} {English} ({COCA})}},
  howpublished = {\url{www.corpus.byu.edu/coca/} (03 February, 2020)},
  year         = {2008},
}

@Book{Grimshaw.1990,
  author    = {Grimshaw, Jane B.},
  title     = {Argument structure},
  publisher = {MIT Press},
  series    = {Linguistic Inquiry Monographs 18},
  address   = {Cambridge, MA},
  year      = {1990},
}

@Article{Hay.2005,
  author  = {Hay, Jennifer AND Baayen, R. Harald},
  title   = {Shifting paradigms: {{G}}radient structure in morphology},
  doi     = {10.1016/j.tics.2005.04.002},
  number  = {7},
  pages   = {342--348},
  volume  = {9},
  journal = {Trends in Cognitive Sciences},
  year    = {2005},
}

@InCollection{Fillmore.1970,
  author    = {Fillmore, Charles L.},
  booktitle = {{Readings in {English} transformational grammar}},
  title     = {{The grammar of hitting and breaking}},
  editor    = {Jacobs, Roderick and Rosenbaum, Peter},
  pages     = {120--133},
  publisher = {Blaisdell},
  address   = {Waltham, MA},
  year      = {1970},
}

@Misc{Davies.2004,
  author       = {Davies, Mark},
  title        = {{British} {N}ational {C}orpus {\normalfont (from \uppercase{O}xford \uppercase{U}niversity \uppercase{P}ress)}},
  howpublished = {\url{https://www.english-corpora.org/bnc/} (15 September, 2020)},
  year         = {2004},
}

@Article{Andreou.2020,
  author    = {Andreou, Marios AND Lieber, Rochelle},
  title     = {Aspectual and quantificational properties of deverbal conversion and -\textit{ing} nominalizations: {{T}}he power of context},
  doi       = {10.1017/S1360674319000108},
  number    = {2},
  pages     = {333--363},
  volume    = {24},
  journal   = {English Language and Linguistics},
  publisher = {Cambridge University Press},
  year      = {2020},
}

@InProceedings{Schuster.inpress,
  author    = {Schuster, Annika and Str{ö}ßner, Corina and Sutton, Peter and Zeevat, Henk},
  booktitle = {{Proceedings of the {Probability and Meaning Conference ({PaM} 2020)}}},
  title     = {Stochastic frames},
  publisher = {ACL},
  series    = {ACL Anthology},
  url       = {https://aclanthology.org/2020.pam-1.11},
  year      = {2020},
}

@PhdThesis{Melloni.2007,
  author       = {Melloni, Chiara},
  title        = {Polysemy in word formation: {{T}}he case of deverbal nominals},
  address      = {Verona},
  howpublished = {\url{https://iris.univr.it/retrieve/handle/11562/337830/3289/TESI.pdf} (01 April, 2023)},
  school       = {Università degli studi di Verona},
  year         = {2007},
}

@Article{Riehemann.1998,
  author  = {Riehemann, Susanne},
  title   = {{Type-based derivational morphology}},
  doi     = {10.1023/A:1009746617055},
  number  = {1},
  pages   = {49--77},
  volume  = {2},
  journal = {{The Journal of Comparative Germanic Linguistics}},
  year    = {1998},
}

@Book{Borer.2013,
  author    = {Borer, Hagit},
  title     = {{Taking form}},
  doi       = {10.1093/acprof:oso/9780199263936.001.0001},
  publisher = {{Oxford University Press}},
  address   = {Oxford},
  year      = {2013},
}

@Article{Baayen.1996,
  author  = {Baayen, R. Harald and Renouf, Antoinette},
  title   = {{Chronicling the \textit{Times}: {{P}}roductive lexical innovations in an {English} newspaper}},
  doi     = {10.2307/416794},
  number  = {1},
  pages   = {69--96},
  volume  = {72},
  journal = {Language},
  year    = {1996},
}

@InCollection{Hopper.1985,
  author    = {Hopper, Paul J.},
  booktitle = {Papers of the Parasession on Agency and Causativity of the 21st Annual Meeting of the {Chicago Linguistic Society}},
  title     = {Causes and affects},
  editor    = {Eilfort, William H. and Kroeber, Paul D. and Peterson, Karen L.},
  pages     = {67--88},
  publisher = {Chicago Linguistic Society},
  address   = {Chicago},
  year      = {1986},
}

@InCollection{Tantos.2006,
  author    = {Tantos, Alexandros},
  booktitle = {{Proceedings of the 2004 {Texas Linguistics Society Conference}}},
  title     = {Rhetorical Relations in Verbal {E}ventual Representations? {{E}}vidence from Psych Verbs},
  editor    = {Denis, Pascal and McCready, Eric and Palmer, Alexis and Reese, Brian},
  pages     = {123--136},
  publisher = {{Cascadilla Proceedings Project}},
  address   = {Somerville, MA},
  year      = {2006},
}

@InCollection{Ziem.2015,
  author    = {Ziem, Alexander},
  booktitle = {{Meaning, frames, and conceptual representation}},
  title     = {{Frame{N}et, Barsalou frames and the case of associative anaphora}},
  editor    = {Gamerschlag, Thomas and Gerland, Doris and Osswald, Rainer and Petersen, Wiebke},
  pages     = {93--112},
  publisher = {{Düsseldorf University Press}},
  series    = {Studies in Language and Cognition},
  address   = {Düsseldorf},
  year      = {2015},
}

@InCollection{Lappin.2015,
  author    = {Lappin, Shalom},
  booktitle = {The Handbook of Contemporary Semantic Theory},
  title     = {Curry Typing, Polymorphism, and Fine-Grained Intensionality},
  doi       = {10.1002/9781118882139.ch13},
  editor    = {Lappin, Shalom AND Fox, Chris},
  pages     = {408--428},
  publisher = {Wiley-Blackwell},
  address   = {Oxford},
  year      = {2015},
}

@Article{Lapesa.2018,
  author   = {Lapesa, Gabriella AND Kawaletz, Lea AND Plag, Ingo AND Andreou, Marios AND Kisselew, Max AND Padó, Sebastian},
  title    = {Disambiguation of newly derived nominalizations in context: {{A}} {D}istributional {S}emantics approach},
  doi      = {10.3366/word.2018.0131},
  number   = {3},
  pages    = {277--312},
  volume   = {11},
  journal  = {Word Structure},
  sortname = {Lapesa, Gabriella AND Kawaletz, Lea AND Plag, Ingo AND Andreou, Marios AND Kisselew, Max AND Pado, Sebastian},
  year     = {2018},
}

@InCollection{Hohenhaus.2005,
  author    = {Peter Hohenhaus},
  booktitle = {Handbook of word-formation},
  title     = {Lexicalization and institutionalization},
  doi       = {10.1007/1-4020-3596-9_15},
  editor    = {Pavol {\v{S}}tekauer AND Rochelle Lieber},
  number    = {64},
  pages     = {353--373},
  publisher = {Springer},
  series    = {Studies in Natural Language and Linguistic Theory},
  address   = {Dordrecht},
  year      = {2005},
}

@Misc{Skousen.2007,
  author       = {Royal Skousen and Thereon Stanford},
  title        = {{AM}: {{P}}arallel},
  howpublished = {\url{http://humanities.byu.edu/am/} (17 November, 2020)},
  year         = {2007},
}

@Misc{FrameNet.nd,
  author      = {{International Computer Science Institute (ICSI)}},
  title       = {What is {FrameNet}?},
  url         = {http://web.archive.org/web/20230118150621/https://framenet.icsi.berkeley.edu/fndrupal/WhatIsFrameNet},
  options     = {indexing=false},
  shortauthor = {ICSI},
}

@Book{Plag.2003,
  author    = {Plag, Ingo},
  title     = {{{Word-formation in {English}}}},
  doi       = {10.1017/CBO9780511841323},
  publisher = {Cambridge University Press},
  address   = {Cambridge},
  year      = {2003},
}

@Book{Prakasam.2018,
  author    = {Prakasam, V. and Anvita, Abbi},
  title     = {Semantics, Stylistics {\&} Pedagogics},
  publisher = {{Allied Publishers Private Limited}},
  address   = {New Delhi},
  year      = {2018},
}

@Book{Rapp.1997,
  author    = {Rapp, Irene},
  title     = {Partizipien und semantische {S}truktur: {{Z}}u passivischen {K}onstruktionen mit dem 3. {S}tatus},
  number    = {54},
  publisher = {Stauffenburg},
  series    = {Studien zur deutschen Grammatik},
  address   = {Tübingen},
  year      = {1997},
}

@Article{Garvey.1974,
  author  = {Garvey, Catherine and Caramazza, Alfonso},
  title   = {Implicit causality in verbs},
  number  = {3},
  pages   = {459--464},
  url     = {http://www.jstor.org/stable/4177835},
  volume  = {5},
  journal = {Linguistic Inquiry},
  year    = {1974},
}

@InCollection{Seyffarth.2018,
  author    = {Seyffarth, Esther},
  booktitle = {{Proceedings of the {{NAACL} Student Research Workshop}}},
  title     = {Verb Alternations and Their Impact on Frame Induction},
  doi       = {10.18653/v1/N18-4003},
  editor    = {Silvio Ricardo Cordeiro and Shereen Oraby and Umashanthi Pavalanathan and Kyeongmin Rim},
  pages     = {17--24},
  publisher = {Association for Computational Linguistics.},
  year      = {2018},
}

@Book{Filip.1999,
  author    = {Filip, Hana},
  title     = {Aspect, eventuality types, and nominal reference},
  publisher = {Garland Publishing},
  address   = {New York},
  year      = {1999},
}

@Article{Andreou.2017,
  author  = {Andreou, Marios},
  title   = {{Stereotype negation in frame semantics}},
  doi     = {10.5334/gjgl.293},
  number  = {1},
  pages   = {79: 1--30},
  volume  = {2},
  journal = {{Glossa: A Journal of General Linguistics}},
  year    = {2017},
}

@Book{Melloni.2011,
  author    = {Melloni, Chiara},
  title     = {Event and result nominals: {{A}} morpho-semantic approach},
  publisher = {Peter Lang},
  address   = {Bern},
  year      = {2011},
}

@Book{VanValin.2005,
  author    = {{Van Valin}, {Robert D., Jr.}},
  title     = {{Exploring the syntax-semantics interface}},
  doi       = {10.1017/CBO9780511610578},
  publisher = {{Cambridge University Press}},
  address   = {Cambridge},
  year      = {2005},
}

@Article{Fradin.2011,
  author  = {Fradin, Bernard},
  title   = {Remarks on state denoting nominalizations},
  doi     = {10.4000/rlv.1946},
  pages   = {73--99},
  volume  = {40},
  journal = {Recherches Linguistiques de Vincennes},
  year    = {2011},
}

@Article{Pustejovsky.1991,
  author  = {Pustejovsky, James},
  title   = {The Syntax of Event Structure},
  doi     = {10.1016/0010-0277(91)90032-Y},
  pages   = {47--81},
  volume  = {41},
  journal = {{Cognition}},
  year    = {1991},
}

@InCollection{Palmer.2017,
  author    = {Palmer, Martha and Bonial, Claire and Hwang, Jena D.},
  booktitle = {The {O}xford handbook of cognitive science},
  title     = {{VerbN}et: {{C}}apturing {{E}}nglish verb behavior, meaning, and usage},
  doi       = {10.1093/oxfordhb/9780199842193.013.15},
  editor    = {Chipman, Susan},
  pages     = {315--336},
  publisher = {{Oxford University Press}},
  address   = {Oxford},
  year      = {2017},
}

@InCollection{Lai.2017,
  author    = {Lai, Yao-Ying and Lacadie, Cheryl and Constable, Todd and Deo, Ashwini and Pi{\~{n}}ango, Maria Mercedes},
  booktitle = {Compositionality and Concepts in Linguistics and Psychology},
  title     = {Complement Coercion as the Processing of Aspectual Verbs: {{E}}vidence from Self-paced Reading and {f{MRI}}},
  doi       = {10.1007/978-3-319-45977-6_8},
  editor    = {Hampton, James A. and Winter, Yoad},
  number    = {3},
  pages     = {191--222},
  publisher = {Springer},
  series    = {Language, Cognition, and Mind},
  address   = {Cham},
  sortname  = {Lai, Yao-Ying and Lacadie, Cheryl and Constable, Todd and Deo, Ashwini and Pinango, Maria Mercedes},
  year      = {2017},
}

@Book{Sag.1999,
  author    = {Sag, Ivan A. and Wasow, Thomas},
  title     = {{Syntactic theory: {{A}} formal introduction}},
  number    = {92},
  publisher = {{Center for the Study of Language and Information}},
  series    = {{CSLI lecture notes}},
  address   = {Stanford, CA},
  year      = {1999},
}

@InCollection{Fillmore.2010,
  author    = {Fillmore, Charles L. and Baker, Colin},
  booktitle = {{The {Oxford} handbook of linguistic analysis}},
  title     = {{A frames approach to semantic analysis}},
  doi       = {10.1093/oxfordhb/9780199544004.013.0013},
  editor    = {Heine, Bernd and Narrog, Heiko},
  pages     = {313--340},
  publisher = {{Oxford University Press}},
  address   = {Oxford},
  year      = {2010},
}
