@incollection{Baunaz:2018,
  author    =   {Baunaz, Lena and Lander, Eric},
  title     =   {Nanosyntax: {The} basics},
  year      =   {2018},
  booktitle =   {Exploring {Nanosyntax}},
  pages     =   {3--56},
  editor    =   {Baunaz, Lena and Haegeman, Liliane and De Clercq, Karen and Lander, Eric},
  publisher =   {Oxford University Press},
  address   =   {Oxford},
}

@article{Blix:2022,
  author    =   {Blix, Hagen},
  title     =   {Interface legibility and nominal classification: {A} nanosyntactic account of {Kipsigis} singulatives},
  year      =   {2022},
  journal   =   {Glossa: a journal of general linguistics},
  volume    =   {7},
  number    =   {1},
  pages     =   {1--46},
  doi       =   {10.16995/glossa.5825}
}

@inproceedings{Blumenfeld:2003,
  author    =   {Blumenfeld, Lev},
  year      =   {2003},
  title     =   {Russian palatalization and {Stratal} {OT}: {Morphology} and [back]},
  booktitle =   {{Annual} {Workshop} on {Formal} {Approaches} to {Slavic} {Linguistics}: {The} {Amherst} Meeting, 2002},
  editor    =   {Wayles Brown and Ji-Yung Kim and Barbara Partee and Robert Rothstein},
  series    =   {Formal approaches to Slavic linguistics 11},
  pages     =   {141--158},
  address   =   {Ann Arbor, MI},
  publisher =   {Michigan Slavic Publications}  
}

@book{Bobaljik:2012, 
  author    =   {Bobaljik, Jonathan David},
  title     =   {Universals in comparative morphology: {Suppletion}, superlatives, and the structure of words},
  year      =   {2012},
  address   =   {Cambridge, MA},
  publisher =   {MIT Press}
}

@article{Bobaljik:2018,
  author    =   {Bobaljik, Jonathan David and Sauerland, Uli},
  title     =   {{ABA} and the combinatorics of morphological features},
  year      =   {2018},
  journal   =   {Glossa: a journal of general linguistics},
  volume    =   {3},
  number    =   {1},
  pages     =   {15. 1--34},
  doi       =   {10.5334/gjgl.345}
}

@incollection{Bonet:2012,
  author    =   {Bonet, Eulàlia and Harbour, Daniel},
  title     =   {Contextual allomorphy},
  year      =   {2012},
  booktitle =   {The morphology and phonology of exponence},
  series    =   {Oxford Studies in Theoretical Linguistics},
  pages     =   {195--235},
  editor    =   {Trommer, Jochen},
  publisher =   {Oxford University Press},
  address   =   {Oxford}
}

@phdthesis{Caha:2009,
  author    =   {Caha, Pavel},
  title     =   {The nanosyntax of case},
  year      =   {2009},
  school    =   {University of Tromsø},
  address   =   {Tromsø},
}

@article{Caha:2019,
  author    =   {Caha, Pavel and De Clercq, Karen and Vanden Wyngaerd, Guido},
  title     =   {The fine structure of the comparative},
  year      =   {2019},
  journal   =   {Studia Linguistica},
  volume    =   {73},
  number    =   {3},
  pages     =   {470--521},
  doi       =   {10.1111/stul.12107}
}

@unpublished{Caha:2022b,
  author    =   {Caha, Pavel and Taraldsen Medová, Lucie},
  title     =   {On the feminine singular declension of the {Russian} demonstrative},
  year      =   {2022},
  howpublished = {Conference paper. 15th European Conference on Formal Description of {Slavic} Languages ({FDSL}~15)},
  url   =   {https://is.muni.cz/publication/2222757/fdsl15-dem.pdf}
}

@unpublished{Caha:2023,
  author    =   {Caha, Pavel and Taraldsen Medová, Lucie},
  title     =   {Syncretism and markedness paradoxes in the {Russian} demonstrative declension},
  year      =   {2023},
  url       =   {https://ling.auf.net/lingbuzz/007511},
  howpublished = {Manuscript, Masaryk University}
}

@incollection{Caha:2023b,
  author    =   {Caha, Pavel},
  title     =   {The layered structure of concord},
  year      =   {2023},
  booktitle =   {The many facets of agreement},
  editor    =   {Caha, Pavel and Rudnev, Pavel and Toldova, Svetlana},
  publisher =   {LINCOM GmbH},
  address   =   {München},
  pages     =   {3--36},
  series    =   {LINCOM Studies in Theoretical Linguistics (LSTL)},
  number    =   {68}
}

@article{Davis:2021,
  author    =   {Davis, Colin P.},
  title     =   {Case-sensitive plural suppletion in {Barguzin} {Buryat}: {On} case containment, suppletion typology, and competition in morphology},
  year      =   {2021},
  journal   =   {Glossa: a journal of general linguistics},
  volume    =   {6},
  number    =   {1},
  pages     =   {116. 1--26},
  doi   =   {10.16995/glossa.5885}
}

@book{Embick:2015,
  author    =   {Embick, David},
  title     =   {The Morpheme: {A} theoretical introduction},
  year      =   {2015},  
  publisher =   {De Gruyter Mouton},
  address   =   {Berlin, München, Boston}
}

@phdthesis{Goncharov:2015,
  title     =   {In search of reference: {The} case of the {Russian} adjectival intensifier `samyj'},
  author    =   {Goncharov, Julie},
  year      =   {2015},
  school    =   {University of Toronto},
  address = {Toronto},
}

@unpublished{Gouskova:2020,
  author    =   {Gouskova, Maria and Bobaljik, Jonathan David},
  title     =   {Allomorphy and vocabulary insertion},
  year      =   {2020},
  howpublished =   {Manuscript, NYU and Harvard},
  url       =   {https://ling.auf.net/lingbuzz/005388}
}

@incollection{Halle:1994,
  author    =   {Halle, Morris and Marantz, Alec},
  title     =   {Some key features of {Distributed} {Morphology}},
  year      =   {1994},
  series    =   {{MIT} {Working} {Papers} in {Linguistics}},
  number    =   {21},
  pages     =   {275--288},
  booktitle =   {Papers on Phonology and Morphology},
  publisher =   {MITWPL},
  editor    =   {Andrew Carnie and Heidi Harley and Toby Bures},
  address   =   {Cambridge, MA}
}

@book{Halle:1959,
  author    =   {Halle, Morris},
  title     =   {The sound pattern of {Russian}: {A} linguistic and acoustical investigation},
  year      =   {1959},
  address   =   {The Hague},
  publisher =   {Mouton}
}

@book{Kayne:2005,
  author    =   {Kayne, Richard S.},
  title     =   {Movement and silence},
  year      =   {2005},
  address   =   {Oxford},
  publisher =   {Oxford University Press},
  series    =   {Oxford Studies in Comparative Syntax}
}

@article{Kosheleva:2016,
  title     =   {Rival Forms of Comparatives in {Russian}},
  author    =   {Kosheleva, Daria},
  year      =   {2016},
  journal   =   {Poljarnyj vestnik: Norwegian Journal of Slavic Studies},
  volume    =   {19},
  pages     =   {42--50},
  doi       =   {doi.org/10.7557/6.4059}
}

@unpublished{Marantz:2001,
  author    =   {Marantz, Alec},
  title     =   {Words},
  year      =   {2001},
  howpublished = {Handout, MIT},
  url       =   {https://babel.ucsc.edu/~hank/mrg.readings/Marantz_words.pdf}
}

@inproceedings{Matushansky:2002,
  author    =   {Matushansky, Ora},
  title     =   {More of a good thing: {Russian} synthetic and analytic comparatives},
  year      =   {2002},
  booktitle =   {Formal {Approaches} to {Slavic} {Linguistics} 10: {The} second {Ann} {Arbor} {Meeting} 2001},
  editor    =   {Jindřich Toman},
  pages     =   {143–161},
  address   =   {Ann Arbor, MI},
  publisher =   {Michigan Slavic Publications}
}

@article{Middleton:2021,
  author    =   {Middleton, Jane},
  title     =   {Pseudo-{ABA} patterns in pronominal morphology},
  year      =   {2021},
  journal   =   {Morphology},
  volume    =   {31},
  number    =   {4},
  pages     =   {329--354},
  doi       =   {10.1007/s11525-021-09377-7}
}

@phdthesis{Norris:2014,
  author    =   {Norris, Mark},
  title     =   {A theory of nominal concord},
  year      =   {2014},
  school    =   {University of California},
  address   =   {Santa Cruz, CA}
}

@article{Starke:2009,
  author    =   {Starke, Michal},
  title     =   {Nanosyntax: {A} short primer to a new approach to language},
  year      =   {2009},
  journal   =   {Nordlyd},
  volume    =   {36},
  number    =   {1: Special issue on Nanosyntax},
  pages     =   {1--6},
  doi       =   {10.7557/12.213}
}

@incollection{Starke:2018,
  author    =   {Starke, Michal},
  title     =   {Complex left branches, spellout, and prefixes},
  year      =   {2018},
  booktitle =   {Exploring {Nanosyntax}},
  pages     =   {239--249},
  editor    =   {Baunaz, Lena and Haegeman, Liliane and De Clercq, Karen and Lander, Eric},
  publisher =   {Oxford University Press},
  address   =   {Oxford}
}

@incollection{Sudo:2022,
  author    =   {Sudo, Yasutada and Nevins, Andrew},
  title     =   {No {ABA} patterns with fractionals},
  year      =   {2022},
  series    =   {{QMUL} {Occasional} {Papers} in {Linguistics}},
  number    =   {47},
  booktitle =   {For {Hagit}: {A} celebration},
  editor    =   {Stockall, Linnaea and Martí, Luisa and Adger, David and Roy, Isabelle and Ouwayda, Sarah},
  address   =   {London},
  publisher =   {Department of Linguistics Queen Mary University of London},
  url       =   {https://www.qmul.ac.uk/sllf/media/sllf-new/department-of-linguistics/hagit-borer-celebration/Sudo_and_Nevins.pdf},
  pages    =    {1--10}
}

@article{VandenWyngaerd:2020,
  author    =   {Vanden Wyngaerd, Guido and Starke, Michal and De Clercq, Karen and Caha, Pavel},
  title     =   {How to be positive},
  year      =   {2020},
  journal   =   {Glossa: a journal of general linguistics},
  volume    =   {5},
  number    =   {1},
  pages     =   {23. 1--34},
  doi       =   {10.5334/gjgl.1114}
}