@book{langsci-current-book, editor = {Victoria Beatrix Fendel}, title = {{Support-verb constructions in the corpora of Greek}}, subtitle = {{Between lexicon and grammar?}},year = {2024}, series = {Phraseology and Multiword Expressions}, number = {7}, location = {Berlin}, publisher = {Language Science Press}, options = {dataonly=true} } 
