@book{langsci-current-book, author = {Diana Archangeli and Douglas Pulleyblank}, title = {{Emergent phonology}}, year = {2022}, series = {Conceptual Foundations of Language Science}, number = {7}, location = {Berlin}, publisher = {Language Science Press}, options = {dataonly=true} } 
