@book{langsci-current-book, editor = {Andrew Carnie and Diane Ohala and Dee Hunter and Samantha Prins and Michael Hammond and Luis Irizarry}, title = {{Foundational approaches to Celtic linguistics}}, year = {2025}, series = {Current Issues in Celtic Linguistics}, number = {1}, location = {Berlin}, publisher = {Language Science Press}, options = {dataonly=true} } 
