@incollection{Alpatov1980,
	author={Alpatov, V.M.},
	year={1980},
	title={Sistema ličnych mestoimenij 1-go i 2-go lica v sovremennom japonskom jazyke},
	crossref={Vardul1980},
	pages={3-26},
}

@incollection{Anderson1977,
	author={Anderson, Stephen R.},
	year={1977}, 
	title={On mechanisms by which languages become ergative},
	crossref={Li1977},
	pages={317--363},
}

@book{André1978,
	author={André, Jacques},
	year={1978},
	title={Les mots a redoublement en latin},
	address={Paris},
	publisher={Klincksieck}
}

@book{Arens1969,
	author={Arens, Hans},
	year={1969},
	edition={2},
	title={{Sprachwissenschaft: Der Gang ihrer Entwicklung von der Antike bis zur Gegenwart}},
	address={Freiburg \& München},
	publisher={Karl Alber}
}

@article{Ashby1981,
	author={Ashby, William J.},
	year={1981},
	title={The loss of the negative particle \textit{ne} in {F}rench: a syntactic change in progress},
	journal={Language},
	volume={57},
	number={},
	pages={674-687},
}

@incollection{Austerlitz1980,
	author={Austerlitz, Robert},
	year={1980}, 
	title={Typology and universals on a {E}urasian east-west continuum},
	crossref={BrettschneiderEtAl1980},
	pages={235-244},
}

@article{Bazell1949,
	author={Bazell, Charles E.},
	year={1949},
	title={Syntactic relations and linguistic typology},
	journal={Cahiers Ferdinand de Saussure},
	volume={8},
	number={},
	pages={5-20},
}

@incollection{Benveniste1968,
	author={Benveniste, Emile},
	year={1968}, 
	title={Mutations of linguistic categories},
	editor={Lehmann, W.P. and Malkiel, Y.}, 
	booktitle={Directions for historical linguistics. {A} symposium},
	address={Austin \& London},
	publisher={University of Texas Press},
	pages={83-94},
}

@article{Bloch1954,
	author={Bloch, Jules},
	year={1954},
	title={The grammatical structure of {D}ravidian languages},
	address={Poona},
	publisher={ Deccan College},
	series={Deccan College Hand-Book Series},
	number={3},
}.

@book{Bloomfield1933,
	author={Bloomfield, Leonard},
	year={1933},
	title={Language},
	address={New York etc},
	publisher={Holt, Rinehart \& Winston}
}

@incollection{Bolinger1978,
	author={Bolinger, Dwight L.},
	year={1978}, 
	title={Intonation across languages},
	crossref={Greenberg1978},
	volume={1},
	pages={471-524},
}

@book{Bopp1816,
	author={Bopp, Franz},
	year={1816},
	title={{Über das Conjugationssystem der Sanskritsprache in Vergleichung mit jenem der griechischen, lateinischen, persischen und germanischen Sprache}},
	address={Frankfurt am Main},
	publisher={Andreäsche Buchhandlung},
	series={Documenta semiotica - Serie 1},
	note={Reprint 1975},
}

@book{Bopp1833,
	author={Bopp, Franz},
	year={1833-52}, 
	title={{Vergleichende Grammatik des Sanskrit, Zend, Griechischen, Lateinischen, Litauischen, Altslawischen, Gothischen und Deutschen}},
	address={Berlin}
}

@incollection{BörjarsEtAl2011,
	author={Börjars, Kersti and Nigel, Vincent},
	year={2011},
	title={Grammaticalization and directionality},
	editor={Narrog, Heiko and Heine, Bernd},
	booktitle={The {O}xford handbook of grammaticalization},
	pages={163--176},
	address={Oxford, etc.},
	publisher={Oxford University Press},
	series={Oxford Handbooks in Linguistics}
}

@article{Bossong1979,
	author={Bossong, Georg},
	year={1979},
	title={Typologie der {H}ypotaxe},
	journal={Folia Linguistica},
	volume={13},
	number={},
	pages={33-54},
}

@article{Brettschneider1978,
	author={Brettschneider, Gunter},
	year={1978},
	title={Baskisch},
	journal={Studium Linguistik},
	volume={5},
	number={},
	pages={67-75},
}

@incollection{Brettschneider1980,
	author={Brettschneider, Gunter},
	year={1980},
	title={{Zur Typologie komplexer Sätze}},
	crossref={BrettschneiderEtAl1980},
	pages={192--198},
}

@book{BrettschneiderEtAl1980,
	editor={Brettschneider, Gunter and Lehmann, Christian},
	year={1980},
	booktitle={{Wege zur Universalienforschung. Sprachwissenschaftliche Beiträge zum 60. Geburtstag von Hansjakob Seiler}},
	title={{Wege zur Universalienforschung. Sprachwissenschaftliche Beiträge zum 60. Geburtstag von Hansjakob Seiler}},
	address={Tübingen},
	publisher={G. Narr}
}

@unpublished{Bybee1981,
	author={Bybee, Joan L.},
	year={1981}, 
	title={What's a possible inflectional category},
	note={SUNY at Buffalo}
}

@book{Capell1971,
	author={Capell, Arthur},
	year={1971},
	title={Arosi grammar},
	address={Canberra},
	publisher={Australian National University}
}

@article{Clark1979,
	author={Clark, Marybeth},
	year={1979}, 
	title={Coverbs: evidence for the derivation of prepositions from verbs — New Evidence from {H}mong},
	journal={Working Papers in Linguistic},
	publisher={University of Hawaii},
	volume={11},
	number={2},
	pages={1-12},
}

@book{Cole1955,
	author={Cole, Desmond T.},
	year={1955},
	title={An introduction to {T}swana grammar},
	address={London etc},
	publisher={Longmans, Green \& Co}
}

@book{Cole1982,
	author={Cole, Peter},
	year={1982},
	title={Imbabura {Q}uechua},
	address={Amsterdam},
	publisher={North-Holland},
	series={LDS},
	number={5},
}

@book{Comrie1981a,
	author={Comrie, Bernard},
	year={1981}, 
	title={The languages of the {Soviet Union}},
	address={Cambridge},
	publisher={Cambridge University Press},
	series={Cambridge Language Surveys}
}

@book{Comrie1981b,
	author={Comrie, Bernard},
	year={1981},
	title={Language universals and linguistic typology: {S}yntax and morphology},
	address={Oxford},
	publisher={B. Blackwell}
}

@book{Condillac1746,
	author={{de Condillac}, Étienne Bonnot},
	year={1746}, 
	title={Essai sur l'origine des connaissances humaines},
	address={Paris}
}

@book{Coseriu1974,
	author={Coseriu, Eugenio},
	year={1974},
	title={{Synchronie, Diachronie und Geschichte. Das Problem des Sprachwandels}},
	note={Übersetzt von Helga Sohre},
	address={München},
	publisher={W. Fink}
}

@incollection{Coseriu1979,
	author={Coseriu, Eugenio},
	year={1979},
	title={{Verbinhalt, Aktanten, Diathese. Zur japanischen Ukemi-Bildung}},
	editor={Ezawa, K. \& Rensch, K.H.},
	booktitle={{Sprache und Sprachen. Festschrift für Eberhard Zwirner zum 80. Geburtstag}},
	address={Tübingen},
	publisher={M. Niemeyer},
	pages={35-55},
}

@article{Coulmas1980,
	author={Coulmas, Florian},
	year={1980},
	title={{Zur Personaldeixis im Japanischen}},
	journal={Papiere zur Linguistik},
	volume={23},
	number={2},
	pages={3-19},
}

@book{Davies1981,
	author={Davies, John},
	year={1981},
	title={Kobon},
	address={Amsterdam},
	publisher={North-Holland},
	series={LDS},
	number={3},
}

@book{Delbrück1888,
	author={Delbrück, Berthold},
	year={1888},
	title={Altindische {S}yntax},
	address={Halle},
	publisher={M. Niemeyer},
	series={Syntaktische Forschungen},
	number={5},
	note={Reprint: Tübingen: M. Niemeyer, 1976; Darmstadt: Wissenschaftliche Buchgesellschaft}
}

@book{Dillon1977,
	author={Dillon, George L.},
	year={1977}, 
	title={Introduction to contemporary linguistic semantics},
	address={Englewood Cliffs, NJ},
	publisher={Prentice-Hall},
	series={Foundations of Modern Linguistics}
}

@book{Dixon1972,
	author={Dixon, Robert M.W.},
	year={1972},
	title={The {D}yirbal language of {N}orth {Q}ueensland},
	address={Cambridge \& London},
	publisher={Cambridge University Press},
	series={Cambridge Studies in Linguistics},
	number={9},
}

@article{Dixon1979,
	author={Dixon, Robert M.W.},
	year={1979},
	title={Ergativity},
	journal={Language},
	volume={55},
	pages={59-138},
}

@incollection{Edmondson1978,
	author={Edmondson, Jerrold A.},
	year={1978}, 
	title={Ergative languages, accessibility hierarchies governing reflexives and questions of formal analysis},
	editor={Abraham, W.},
	booktitle={Valence, semantic case, and grammatical relations},
	address={Amsterdam},
	publisher={J. Benjamins},
	pages={633-660},
}

@book{Falkenstein1959,
	author={Falkenstein, A.},
	year={1959}, 
	title={Das {S}umerische},
	address={Leiden},
	publisher={Brill},
	series={Handbuch der Orientalistik, 1. Abteilung, 2. Band, 1. Abschnitt, Lfg. 1},
}

@phdthesis{Faltz1977,
	author={Faltz, Leonard M.},
	year={1977},
	title={Reflexivization. {A} study in universal syntax},
	school={University of California, Berkeley},
	note={University Microfilms 77-31, 345},
}

@article{Foley1980,
	author={Foley, William A.},
	year={1980},
	title={Toward a universal typology of the noun phrase},
	journal={Studies in Language},
	volume={4},
	number={},
	pages={171-199},
}

@book{Frei1929,
	author={Frei, Henri},
	year={1929},
	title={La grammaire des fautes. {I}ntroduction à la linguistique fonctionnelle},
	address={Paris: Geuthner, Genève: Kundig, Leipzig: O. Harrassowitz. Reprint: Genève},
	publisher={Slatkine Reprints, 1971}
}

@book{Gabelentz1891,
	author={{von der Gabelentz}, Georg},
	year={1891},
	title={Die {Sprachwissenschaft. Ihre Aufgaben, Methoden und bisherigen Ergebnisse}},
	address={Leipzig: Weigel Nachf. 2. überarbeitete Aufl.: Leipzig},
	publisher={Tauchnitz, 1901}
}

@book{GaryEtAl1982,
	author={Gary, Judith Olmstedt and Gamal-Eldin, Saad},
	year={1982},
	title={Cairene {E}gyptian colloquial {A}rabic},
	address={Amsterdam},
	publisher={North-Holland}
}

@article{Givón1971,
	author={Givón, Talmy},
	year={1971},
	title={Historical syntax and synchronic morphology: {A}n archaeologist's field trip},
	journal={Chicago Linguistic Society},
	volume={7},
	number={},
	pages={394-415},
}

@article{Givón1973,
	author={Givón, Talmy},
	year={1973},
	title={The time-axis phenomenon},
	journal={Language},
	volume={49},
	number={},
	pages={890-925},
}

@incollection{Givón1975,
	author={Givón, Talmy},
	year={1975},
	title={Serial verbs and syntactic change: {Niger-Congo}},
	crossref={Li1975},
	pages={47-112},
}

@incollection{Givón1978,
	author={Givón, Talmy},
	year={1978},
	title={Definiteness and referentiality},
	crossref={Greenberg1978},
	volume={4},
	pages={291-330},
}

@incollection{Givón1979,
	author={Givón, Talmy},
	year={1979},
	title={From discourse to syntax: grammar as a processing strategy},
	editor={Givón, T.},
	series={Syntax and semantics},
	number={12},
	booktitle={Discourse and syntax},
	address={New York etc},
	publisher={Academic Press},
	pages={81-112},
}

@article{Givón1979a,
	author={Givón, Talmy},
	year={1979},
	title={Language typology in {A}frica: a critical review},
	journal={Journal of African Languages and Linguistics},
	volume={1},
	number={},
	pages={199-224},
}

@book{Givón1979b,
	author={Givón, Talmy},
	year={1979},
	title={On understanding grammar},
	address={New York etc},
	publisher={Academic Press},
	series={Perspectives in Neurolinguistics and Psycholinguistics}
}

@article{Givón1980,
	author={Givón, Talmy},
	year={1980},
	title={The drift away from ergativity: {D}iachronic potentials in {S}herpa},
	journal={Folia Linguistica Historica},
	volume={1},
	number={},
	pages={41-60},
}

@article{Givón1981,
	author={Givón, Talmy},
	year={1981},
	title={On the development of the numeral ‘one’ as an indefinite marker},
	journal={Folia Linguistica Historica},
	volume={2},
	number={},
	pages={35-54},
}

@article{Givón1989,
	author={Givón, Talmy},
	year={1989},
	title={Mind, code and context. {E}ssays in pragmatics},
	address={Hillsdale, NJ},
	publisher={L. Erlbaum},
	pages={Ch. 7}
}

@incollection{Greenberg1954,
	author={Greenberg, Joseph H.},
	year={1954},
	title={A quantitative approach to the morphological typology of language},
	editor={Spencer, R.F.},
	booktitle={Method and perspective in anthropology. {P}apers in honour of {W}ilson {D}. {W}allis},
	address={Minneapolis},
	publisher={University of Minnesota Press},
	pages={192-220},
}

@incollection{Greenberg1975,
	author={Greenberg, Joseph H.},
	year={1975},
	title={Dynamic aspects of word order in the numeral classifier},
	crossref={Li1975},
	pages={27-45},
}

@incollection{Greenberg1978a,
	 author={Greenberg, Joseph H.},
	 year={1978},
	 title={How does a language acquire gender markers?},
	 crossref={Greenberg1978},
	 volume={3},
	 pages={47-82},
}

@incollection{Greenberg1980,
	author={Greenberg, Joseph H.},
	year={1980},
	title={Circumfixes and typological change},
	crossref={TraugottEtAl1980},
	pages={233-241},
}

@book{Greenberg1978,
	editor={Greenberg, Joseph H.},
	year={1978},
	title={Universals of human language},
	address={Stanford},
	note={4 vols},
	publisher={Stanford University Press}
}

@article{Guiraud1966,
	author={Guiraud, Pierre},
	year={1966},
	title={Le système du relatif en français populaire},
	journal={Langages},
	volume={3},
	number={},
	pages={40-48},
}

@book{Haas1941,
	author={Haas, Mary R.},
	year={1941},
	title={Tunica},
	address={New York},
	publisher={J. J. Augustin (Extract from \textit{Handbook of American Indian Languages}, IV)}
}

@incollection{Haas1977,
	author={Haas, Mary R.},
	year={1977},
	title={From auxiliary verb phrase to inflectional suffix},
	crossref={Li1977},
	pages={525-537},
}

@article{Hagège1975,
	author={Hagège, Claude},
	year={1975},
	title={Le problème linguistique des prépositions et la solution chinoise},
	address={Paris},
	publisher={Société Linguistique de Paris},
	series={Collection Linguistique},
	number={71},
}

@article{Hagège1978,
	author={Hagège, Claude},
	year={1978},
	title={Du thème au thème en passant par le sujet. {P}our une théorie cyclique},
	journal={La linguistique},
	volume={14},
	number={2},
	pages={3-38},
}

@book{Haiman1980,
	author={Haiman, John},
	year={1980},
	title={Hua. {A Papuan language of Eastern Highlands of New Guinea}},
	address={Amsterdam},
	publisher={J. Benjamins},
	series={Studies in Language Companion Series},
	number={5},
}

@incollection{Hale1976,
	author={Hale, Kenneth L.},
	year={1976},
	title={The adjoined relative clause in {A}ustralia},
	editor={Dixon, R.M.W.},
	booktitle={Grammatical categories in {A}ustralian languages},
	address={Canberra},
	publisher={Australian Institute of Aboriginal Studies},
	pages={78-105},
}

@article{Haudry1980,
	author={Haudry, Jean},
	year={1980},
	title={La ‘syntaxe des désinences’ en indo-européen},
	journal={Bulletin de la Société de Linguistique de Paris},
	volume={75},
	number={},
	pages={131-166},
}

@article{Haspelmath1999,
	author={Haspelmath, Martin},
	year={1999},
	title={Why is grammaticalization irreversible?},
	journal={Linguistics},
	volume={37},
	number={6},
	pages={1043--1068}
}

@article{Heine1980,
	author={Heine, Bernd},
	year={1980},
	title={Language typology and linguistic reconstruction: {The Niger-Congo} case},
	journal={Journal of African Languages and Linguistics},
	volume={2},
	number={},
	pages={95-112},
}

@book{HeineEtAl1984,
	author={Heine, Bernd and Reh, Mechthild},
	year={1984},
	title={Grammaticalization and reanalysis in {A}frican languages},
	address={Hamburg},
	publisher={H. Buske}
}

@book{HeineEtAl1981,
	editor={Heine, Bernd and Schadeberg, Thilo C. and Wolff, Ekkehard},
	year={1981},
	title={{Die Sprachen Afrikas}},
	address={Hamburg},
	publisher={H. Buske}
}

@book{Hewitt1979,
	author={Hewitt, B. George},
	year={1979},
	title={Abkhaz},
	address={Amsterdam},
	publisher={North-Holland},
	series={LDS},
	number={2},
}

@article{Hjelmslev1928,
	author={Hjelmslev, Louis},
	year={1928},
	title={Principes de grammaire générale},
	address={K$\varphi $benhavn},
	publisher={ E. Munksgaard (Kommiss.)},
	series={Det Kongelige Danske Videnskabernes Selskab, Historisk-filosofiske Meddelelser 16},
	number={1},
}.

@article{Hodge1970,
	author={Hodge, Carleton T.},
	year={1970},
	title={The linguistic cycle},
	journal={Language Sciences},
	volume={13},
	number={},
	pages={1-7},
}

@book{HorneTooke1786,
	author={Horne Tooke, John},
	year={1786/1805},
	title={'Έπεα πτερόεντα or: {T}he diversion of {P}urley},
	address={London},
	note={2 vols}
}

@article{Howe2010,
	author={Howe, Chad},
	year={2010},
	title={Review of {Muriel Norde. 2009. Degrammaticalization. Oxford: Oxford University Press}},
	journal={Folia Linguistica},
	volume={44},
	number={2},
	pages={569--577}
}

@article{Huang1978,
	author={Huang, Shuan-fan},
	year={1978},
	title={Historical change of prepositions and emergence of {SOV} order},
	journal={Canadian Journal of Chinese Linguistics},
	volume={6},
	number={},
	pages={212-242},
}

@article{Humboldt1822,
	author={{von Humboldt}, Wilhelm},
	year={1822},
	title={{Über das Entstehen der grammatischen Formen und ihren Einfluß auf die Ideenentwicklung}},
	journal={Abhandlungen der Akademie der Wissenschaften zu Berlin},
	note={Reprint: Humboldt 1972:31-63},
}

@book{Humboldt1836,
	author={{von Humboldt}, Wilhelm},
	year={1836},
	title={{Über die Verschiedenheit des menschlichen Sprachbaues und ihren Einfluß auf die geistige Entwicklung des Menschengeschlechtes}},
	note={Reprint: Humboldt 1972:368-756},
}

@book{Humboldt1972,
	author={{von Humboldt}, Wilhelm},
	year={1972},
	edition={4},
	title={Schriften zur {S}prachphilosophie},
	series={Werke in fünf Bänden},
	editor={Flitner, A. and Giel, K.},
	volume={3},
	address={Darmstadt},
	publisher={Wissenschaftliche Buchgesellschaft}
}

@incollection{Hyman1975,
	author={Hyman, Larry M.},
	year={1975},
	title={On the change from {SOV} to {SVO}: evidence from {Niger-Congo}},
	crossref={Li1975},
	pages={113-147},
}

@incollection{Hyman1978,
	author={Hyman, Larry M.},
	year={1978},
	title={Word demarcation},
	crossref={Greenberg1978},
	pages={1:443--470},
}

@incollection{Ineichen1980,
	author={Ineichen, Gustav},
	year={1980},
	title={{Zur Beurteilung der lateinischen \textit{habeo}-Periphrasen}},
	crossref={BrettschneiderEtAl1980},
	pages={218-221},
}

@incollection{Jakobson1936,
	author={Jakobson, Roman},
	year={1936},
	title={{Beitrag zur allgemeinen Kasuslehre. Gesamtbedeutungen der russischen Kasus}},
	editor={Hamp, Eric P. and Householder, Fred W. and Austerlitz, Robert},
	note={different year: 1966}, 
	booktitle={Readings in linguistics},
	volume={2},
	address={Chicago and London},
	publisher={University of Chicago Press},
	pages={51-89},
}
	
@incollection{Jakobson1956,
	author={Jakobson, Roman},
	year={1956},
	title={Two aspects of language and two types of aphasic disturbances},
	editor={Jakobson, Roman and Halle, Morris},
	booktitle={Fundamentals of language},
	address={'{s}-Gravenhage},
	publisher={Mouton \& Co},
	pages={53-87},
}

@incollection{Jakobson1959,
	author={Jakobson, Roman},
	year={1959},
	title={Boas' view of grammatical meaning},
	editor={Jakobson, Roman},
	note={alternating year= 1971},
	booktitle={Word and language},
	series={Selected writings},
	number={2},
	address={The Hague and Paris},
	publisher={Mouton},
	pages={489-496},
}

@book{JakobsonEtAl1979,
	author={Jakobson, Roman and Waugh, Linda R.},
	year={1979},
	title={The sound shape of language},
	address={Brighton},
	publisher={Harvester Press}
}

@incollection{Janda1980,
	author={Janda, Richard D.},
	year={1980},
	title={On the decline of declensional systems: the overall loss of {OE} nominal case inflections and the {ME} reanalysis of \textit{-es} as \textit{his}},
	crossref={TraugottEtAl1980},
	pages={243-252},
}

@incollection{JeffersEtAl1980,
	author={Jeffers, Robert J. and Zwicky, Arnold M.},
	year={1980},
	title={The evolution of clitics},
	crossref={TraugottEtAl1980},
	pages={221-231},
}

@book{Jespersen1922,
	author={Jespersen, Otto},
	year={1922},
	title={Language. {I}ts nature, development and origin},
	address={London},
	publisher={G. Allen \& Unwin}
}

@book{Jespersen1940,
	author={Jespersen, Otto},
	year={1940},
	title={A {M}odern {E}nglish grammar on historical principles. {Part V: Syntax}},
	note={7 vols},
	address={Copenhagen and London},
	publisher={E. Munksgaard and G. Allen \& Unwin}
}

@book{Jorden1962,
	author={Jorden, Eleanor Harz},
	year={1962},
	title={Beginning {J}apanese},
	address={New Haven \& London},
	publisher={Yale University Press}
}

@article{Kachru1980,
	author={Kachru, Yamuna},
	year={1980},
	title={Towards a typology of compound verbs in {South Asian} languages},
	journal={Studies in the Linguistic Sciences},
	volume={10},
	number={1},
	pages={113-124},
}

@article{Kahr1975,
	author={Kahr, Joan Casper},
	year={1975},
	title={Adpositions and locationals: typology and diachronic development},
	journal={Working Papers on Language Universals},
	volume={19},
	number={},
	pages={21-54},
}

@article{Kahr1976,
	author={Kahr, Joan Casper},
	year={1976},
	title={The renewal of case morphology: sources and constraints},
	journal={Working Papers on Language Universals},
	volume={20},
	number={},
	pages={107-151},
}

@article{Kiparsky1968,
	author={Kiparsky, Paul},
	year={1968},
	title={Tense and mood in {Indo-European} syntax},
	journal={Foundations of Language},
	volume={4},
	number={},
	pages={30-57},
}

@incollection{Kölver1982a,
	author={Kölver, Ulrike},
	year={1982},
	title={{Interaktion von nominalen Kategorien am Beispiel der Entwicklung des modernen Bengali}},
	crossref={SeilerEtAl1982},
	pages={244-251},
}

@incollection{Kölver1982b,
	author={Kölver, Ulrike},
	year={1982},
	title={{Klassifikatorkonstruktionen in Thai, Vietnamesisch und Chinesisch. Ein Beitrag zur Dimension der Apprehension}},
	crossref={SeilerEtAl1982},
	pages={180-185},
}

@incollection{Kölver1985,
	author={Kölver, Ulrike},
	year={1985},
	title={{Kasusrelationen im Birmanischen}},
	editor={Plank, F.},
	booktitle={Relational typology},
	address={Berlin and New York},
	publisher={Mouton},
	series={Trends in Linguistics},
	number={28},
	pages={195-212},
}

@article{Krahe1967,
	author={Krahe, Hans},
	year={1967},
	journal={Germanische Sprachwissenschaft},
	title={Formenlehre},
	volume={2},
	address={Berlin},
	publisher={W. de Gruyter},
	note={Sammlung Gröschen},
	number={780},
	edition={6},
}

@article{Kuno1973,
	author={Kuno, Susumu},
	year={1973},
	title={The structure of the {J}apanese language},
	address={Cambridge, Mass},
	publisher={MIT Press},
	journal={Current Studies in Linguistics Series},
	number={3},
}

@article{Kuryłowicz1948,
	author={Kuryłowicz, Jerzy},
	year={1948},
	title={Contributions à la théorie de la syllabe},
	journal={Bulletin de la Société Polonaise de Linguistique},
	volume={8},
	number={},
	pages={80-114},
}

@article{Kuryłowicz1965,
	author={Kuryłowicz, Jerzy},
	year={1965},
	title={The evolution of grammatical categories},
	journal={Diogenes},
	volume={51},
	number={},
	pages={55-71},
}
	
@article{Kuryłowicz1975,
	author={Kuryłowicz, J.},
	year={1975},
	title={Esquisses linguistiques {II}},
	address={München},
	publisher={ W. Fink},
	series={International Library of General Linguistics},
	number={37},
	pages={38-54},
}

@unpublished{Labov1971,
	author={Labov, William},
	year={1971},
	title={On the adequacy of natural languages: {I}. {T}he development of tense},
	note={First draft, Febr. 20, 1971. Univ. of Pennsylvania: Trier: LAUT, B23, 1977},
}

@incollection{Langacker1977,
	author={Langacker, Ronald W.},
	year={1977},
	title={Syntactic reanalysis},
	crossref={Li1977},
	pages={57-139},
}

@incollection{Lehmann1974,
	author={Lehmann, Christian},
	year={1974}, 
	title={Isomorphismus im sprachlichen {Z}eichen},
	editor={Seiler, H.},
	series={Linguistic Workshop},
	volume={2: Arbeiten des Kölner Universalienprojekts 1973/74},
	address={München},
	publisher={W. Fink},
	pages={98-123},
}

@article{Lehmann1978,
	author={Lehmann, Christian},
	year={1978},
	title={On measuring semantic complexity. {A} contribution to a rapprochement of semantics and statistical linguistics},
	journal={Georgetown University Papers on Languages and Linguistics},
	volume={14},
	number={},
	pages={83-120},
}

@incollection{Lehmann1982a,
	author={Lehmann, Christian},
	year={1982},
	title={Nominalisierung -- {T}ypisierung von {P}ropositionen},
	crossref={SeilerEtAl1982},
	pages={64-82},
}

@incollection{Lehmann1982b,
	author={Lehmann, Christian},
	year={1982},
	title={Universal and typological aspects of agreement},
	editor={Seiler, H. and Stachowiak, F.J.},
	booktitle={Apprehension},
	volume={2},
	address={Tübingen},
	publisher={G. Narr},
	pages={201-267},
}

@article{Lehmann1983,
	author={Lehmann, Christian},
	year={1983},
	title={Rektion und syntaktische {R}elationen},
	journal={Folia Linguistica},
	volume={17},
	number={},
	pages={339-378},
}

@book{Lehmann1984,
	author={Lehmann, Christian},
	year={1984},
	title={{Der Relativsatz. Typologie seiner Strukturen — Theorie seiner Funktionen — Kompendium seiner Grammatik}},
	address={Tübingen},
	publisher={G. Narr},
	series={LUS},
	number={3},
}

@article{Lehmann1985a,
	author={Lehmann, Christian},
	year={1985},
	title={Grammaticalization: {S}ynchronic variation and diachronic change},
	journal={Lingua e Stile},
	volume={20},
	pages={303--318}
}

@inproceedings{Lehmann1985b,
	author={Lehmann, Christian},
	title={The role of grammaticalization in linguistic typology},
	year={1985},
	editor={Seiler, Hansjakob and Brettschneider, Gunter},
	booktitle={Language invariants and mental operations. {I}nternational interdisciplinary conference held at {G}ummersbach/{C}ologne, {G}ermany, {S}ept. 18--23, 1983},
	address={Tübungen},
	publisher={G. Narr},
	series={LUS},
	volume={5},
	pages={41--52}	
}

@article{Lehmann1986,
	author={Lehmann, Christian},
	year={1986},
	title={Grammaticalization and linguistic typology},
	journal={General Linguistics},
	volume={26},
	pages={3--23}
}

@inproceedings{Lehmann1987,
	author={Lehmann, Christian},
	year={1987},
	title={Sprachwandel und {T}ypologie},
	editor={Boretzky, Norbert and others},
	booktitle={Beiträge zum 3. {E}ssener {K}olloquium über {S}prachwandel und seine bestimmenden {F}aktoren, vom 30.9. -- 2.10.1987 [sic; i.e. 1986] an der {U}niversität {E}ssen},
	address={Bochum},
	publisher={N. Brockmeyer},
	series={Bochum-Essener Beiträge zur Sprachwandelforschung},
	volume={4},
	pages={201--225}
}

@article{Lehmann1989a,
	author={Lehmann, Christian},
	title={Grammatikalisierung und {L}exikalisierung},
	year={1989},
	journal={Zeitschrift für Phonetik, Sprachwissenschaft und Kommunikationsforschung},
	volume={42},
	pages={11--19}
}

@incollection{Lehmann1989b,
	author={Lehmann, Christian},
	title={Markedness and grammaticalization},
	year={1989},
	editor={Tomić, Olga M.},
	booktitle={Markedness in synchrony and diachrony},
	publisher={Mouton de Gruyter},
	address={Berlin and New York},
	series={Trends in Linguistics, Studies and Monographs},
	number={39},
	pages={175--190}
}

@incollection{Lehmann1991,
	author={Lehmann, Christian},
	year={1991},
	title={Grammaticalization and related changes in contemporary {G}erman},
	editor={Traugott, Elizabeth C. and Heine, Bernd},
	booktitle={Approaches to grammaticalization},
	volume={2},
	pages={493--535},
	publisher={J. Benjamins},
	address={Amsterdam},
	series={Typological Studies in Langauge},
	number={19}
}

@incollection{Lehmann1992,
	author={Lehmann, Christian},
	title={Word order change by grammaticalization},
	year={1992},
	editor={Gerritsen, Marinel and Stein, Dieter},
	booktitle={Internal and external factors in syntactic change},
	address={Berlin and New York},
	publisher={Mouton de Gruyter},
	series={Trends in Linguistics},
	number={61},
	pages={395--416}
}

@incollection{Lehmann1993,
	author={Lehmann, Christian},
	title={Theoretical implications of processes of grammaticalization},
	year={1993},
	editor={Foley, William A.},
	booktitle={The role of theory in language description},
	address={Berlin and New York},
	publisher={Mouton de Gruyter},
	series={Trends in Linguistics},
	number={69},
	pages={315--340}
}

@incollection{Lehmann1995,
	author={Lehmann, Christian},
	title={Synsemantika},
	year={1995},
	editor={Jacobs, Joachim and others},
	booktitle={Syntax. {E}in internationales {H}andbuch zeitgenössischer {F}orschung},
	address={Berlin},
	publisher={W. de Gruyter},
	series={Handbücher der Sprach- und Kommunikationswissenschaft},
	number={9},
	volume={2},
	pages={1251--1266}
}

@incollection{Lehmann2002,
	author={Lehmann, Christian},
	year={2002},
	title={New reflections on grammaticalization and lexicalization},
	editor={Wischer, Ilse and Diewald, Gabriele},
	booktitle={New reflections on grammaticalization},
	address={Amsterdam and Philadelphia},
	publisher={J. Benjamins},
	series={TSL},
	number={49},
	pages={1--18}
}

@book{Lehmann2002b,
	author={Lehmann, Christian},
	year={2002},
	title={Thoughts on grammaticalization},
	edition={Second, revised edition},
	address={Erfurt},
	publisher={Seminar für Sprachwissenschaft der Universität},
	series={ASSidUE},
	number={9}
}

@article{Lehmann2004,
	author={Lehmann, Christian},
	year={2004},
	title={Theory and method in grammaticalization},
	journal={Zeitschrift für Germanistische Linguistik},
	volume={32},
	number={2},
	issuetitle={Themenschwerpunkt: {G}rammatikalisierung},
	note={[publ. 2005]},
	pages={152--187}
}

@book{Li1975,
	editor={Li, Charles N.},
	year={1975},
	title={Word order and word order change},
	address={Austin \& London},
	publisher={University of Texas Press}
}

@book{Li1977,
	editor={Li, Charles N.},
	year={1977},
	title={Mechanisms of syntactic change},
	address={Austin and London},
	publisher={University of Texas Press}
}

@incollection{LiEtAL1974,
	author={Li, Charles N. and Thompson, Sandra A.},
	year={1974},
	title={Historical change of word-order: {A} case study in {C}hinese and its implications},
	editor={Anderson, John M. and Jones, Charles},
	booktitle={Historical Linguistics: {P}roceedings of the First {I}nternational {C}onference on {H}istorical {L}inguistics, {E}dinburgh 2nd-7th {S}ept. 1973},
	address={Amsterdam \& Oxford: North-Holland, New York},
	volume={1},
	publisher={American Elsevier},
	pages={199-217},
}

@incollection{LiEtAl1976,
	author={Li, Charles N. and Thompson, Sandra A.},
	year={1976},
	title={Subject and topic: {A} new typology of languages},
	editor={Li, Charles N. and Thompson, Sandra A.},
	booktitle={Subject and topic},
	address={New York etc},
	publisher={Academic Press},
	pages={457-489},
}

@incollection{LiEtAl1977,
	author={Li, Charles N. and Thompson, Sandra A.},
	year={1977},
	title={A mechanism for the development of copula morphemes},
	crossref={Li1977},
	pages={419-444},
}

@book{Lightfoot1979,
	author={Lightfoot, David W.},
	year={1979},
	title={Principles of diachronic syntax},
	address={Cambridge},
	publisher={University Press},
	series={Cambridge Studies in Linguistics},
	number={23}
}

@incollection{Lord1976,
	author={Lord, Carol},
	year={1976},
	title={Evidence for syntactic reanalysis: from verb to complementizer in {K}wa},
	editor={Steever, Sanford B. and Walker, Carol A. and Mufwene, Salikoko S.},
	booktitle={Papers from the parasession on diachronic syntax. {A}pril 22, 1976},
	address={Chicago},
	publisher={CLS},
	pages={179-191},
}

@book{Lyons1968,
	author={Lyons, John},
	year={1968},
	title={Introduction to theoretical linguistics},
	address={Cambridge},
	publisher={University Press}
}

@book{Lyons1977,
	author={Lyons, John},
	year={1977},
	title={Semantics},
	note={2 Vols.},
	address={Cambridge etc},
	publisher={Cambridge University Press}
}

@article{Malkiel1957,
	author={Malkiel, Yakov},
	year={1957}, 
	title={Diachronic hypercharacterization in {R}omance},
	journal={Archivum Linguisticum},
	volume={9 and 10},
	pages={79-113 and 1-36},
}

@book{MallinsonEtAl1981,
	author={Mallinson, Graham and Blake, Barry J.},
	year={1981},
	title={Language typology. {C}ross-linguistic studies in syntax},
	address={Amsterdam etc},
	publisher={North-Holland},
	series={North-Holland Linguistic Series},
	number={46},
}

@book{Martinet1968,
	editor={Martinet, André},
	year={1968},
	title={Le langage},
	address={Paris},
	publisher={Gallimard},
	series={Encyclopédie de la Pléiade},
	number={25},
}

@book{Matthews1981,
	author={Matthews, Peter H.},
	year={1981},
	title={Syntax},
	address={Cambridge},
	publisher={Cambridge University Press},
	series={Cambridge Textbooks in Linguistics}
}

@article{Meillet1912,
	author={Meillet, Antoine},
	year={1912},
	title={L'évolution des formes grammaticales},
	journal={Scientia (Rivista di Scienza)},
	volume={12},
	number={26},
	pages={6},
	note={Reprint: Meillet 1921:130-148}
} 

@article{Meillet1915,
	author={Meillet, Antoine},
	year={1915},
	title={Le renouvellement des conjonctions},
	journal={Annuaire de l'École Pratique des Hautes Études, section historique et philologique},
	note={Reprint: Meillet 1921:159-174}
}

@book{Meillet1921,
	author={Meillet, Antoine},
	year={1921/1936},
	title={Linguistique historique et linguistique générale},
	note={ 2 vols},
	addres={Paris},
	publisher={Klincksieck}
}

@book{Meillet1934,
	author={Meillet, Antoine},
	year={1934},
	title={Introduction à l'étude des langues indo-européennes},
	address={Paris},
	publisher={Hachette},
	edition={7},
	note={1st:1903; 8th unchanged edition: 1937}
}

@book{Meinhof1936,
	author={Meinhof, Carl},
	year={1936},
	title={{Die Entstehung flektierender Sprachen}},
	address={Berlin},
	publisher={D. Reimer}
}

@article{Mel'čuk1976,
	author={Mel'čuk, Igor A.},
	year={1976},
	title={On suppletion},
	journal={Linguistics},
	volume={170},
	number={},
	pages={45-90},
}

@book{Merlan1982,
	author={Merlan, Francesca},
	year={1982},
	title={Mangarayi},
	address={Amsterdam},
	publisher={ North Holland},
	series={LDS},
	number={4},
}

@book{Misteli1893,
	author={Misteli, Franz},
	year={1893},
	title={Charakeristik der hauptsächlichsten {T}ypen des {S}prachbaues: {Neubearbeitung des Werkes von Prof. H. Steinthal} (1861)},
	address={Berlin},
	publisher={F. Dümmler}
}

@incollection{Moinfar1980,
	author={Moinfar, Moh. Djafar},
	year={1980},
	title={Les classificateurs en persan},
	crossref={BrettschneiderEtAl1980},
	pages={317-320},
}

@incollection{Moravcsik1980,
	author={Moravcsik, Edith A.},
	year={1980},
	title={Some crosslinguistic generalizations about motivated symbolism},
	crossref={BrettschneiderEtAl1980},
	pages={23--28},
}

@book{Mosel1980,
	author={Mosel, Ulrike},
	year={1980},
	title={Tolai and {Tok Pisin}. The influence of the substratum on the development of {New Guinea Pidgin}},
	address={Canberra},
	publisher={Australian National University},
	series={Pacific Linguistics, Series B},
	number={73},
}

@book{Norde2009,
	author={Norde, Muriel},
	year={2009},
	title={Degrammaticalization},
	address={Oxford and New York},
	publisher={Oxford University Press}
}

@incollection{Norde2010,
	author={Norde, Muriel},
	year={2010},
	title={Degrammaticalization. Three common controversies},
	editor={Stathi, Katerina and Gehweiler, Elke and König, Ekkehard},
	booktitle={Grammaticalization. {C}urrent views and issues},
	address={Amsterdam and Philadelphia},
	publsher={J. Benjamins},
	series={Studies in Language Companion Series},
	number={119},
	pages={123--150}
}

@book{Paul1920,
	author={Paul, Hermann},
	year={1920},
	title={Prinzipien der {S}prachgeschichte},
	address={Tübingen},
	publisher={M. Niemeyer},
	edition={5}
}

@incollection{Plank1979a,
	author={Plank, Frans},
	year={1979},
	title={{Exklusivierung, Reflexivierung, Identifizierung, relationale Auszeichnung. Variationen zu einem semantisch-pragmatischen Thema}},
	editor={Rosengren, I.},
	booktitle={{Sprache und Pragmatik. Lunder Symposium 1978}},
	address={Lund},
	publisher={CWK Gleerup},
	pages={330-354},
}

@article{Plank1979b,
	author={Plank, Frans},
	year={1979}, 
	title={The functional basis of case systems and declension classes: from {L}atin to {O}ld {F}rench},
	journal={Linguistics},
	volume={17},
	pages={611-640},
}

@book{Polomé1967,
	author={Polomé, Edgar C.},
	year={1967},
	title={Swahili language handbook},
	address={Washington},
	publisher={Center for Applied linguistics},
	series={Language Handbook Series}
}

@book{Pulgram1978,
	author={Pulgram, Ernst},
	year={1978}, 
	title={{Italic, Latin, Italian}. 600 {B.C. to A.D.} 1260. Texts and commentaries},
	addres={Heidelberg},
	publisher={C. Winter},
	series={Indogermanische Bibliothek, 1. Reihe}
}

@article{Qvonje1979,
	author={Qvonje, J\o rn Ivar},
	year={1979},
	title={{Die Grammatikalisierung der Präposition \textit{na} im Bulgarischen}},
	journal={Folia Linguistica Historica},
	volume={1},
	number={},
	pages={317-351},
}

@book{Ramat1980,
	author={Ramat, Paolo},
	year={1980},
	title={Introduzione alla linguistica germanica},
	address={Bologna},
	publisher={Pàtron},
	series={Linguistica Generale e Storica},
	number={16},
}

@article{Ramat1983,
	author={Ramat, Paolo},
	year={1983},
	title={Ein {B}eispiel von ‘{R}eanalysis’, typologisch betrachtet},
	journal={Folia Linguistica},
	volume={16},
	number={},
	pages={365-383},
}

@book{Reid1968,
	author={Reid, Aileen A. and others},
	year={1968},
	title={Totonac: {F}rom clause to discourse},
	address={Norman},
	publisher={SIL of the University of Oklahoma}
}

@book{Rix1976,
	author={Rix, Helmut},
	year={1976},
	title={{Historische Grammatik des Griechischen. Laut- und Formenlehre}},
	address={Darmstadt},
	publisher={Wissenschaftliche Buchgesellschaft}
}

@book{Ronneberger-Sibold1980,
	author={Ronneberger-Sibold, Elke},
	year={1980},
	title={{Sprachverwendung -- Sprachsystem. Ökonomie und Wandel}},
	address={Tübingen},
	publisher={M. Niemeyer},
	series={Linguistische Arbeiten},
	number={87},
}

@incollection{Rosén1980,
	author={Rosén, Haiim B.},
	year={1980},
	title={{Weiteres über die Entstehung der periphrastischen ``Perfekt''-formen im Lateinischen: Zum Begriff ``Zustand des Akt(resultats)besitzes''}},
	crossref={BrettschneiderEtAl1980},
	pages={311-316},
}

@incollection{Ross1973,
	author={Ross, John R.},
	year={1973},
	title={The penthouse principle and the order of constituents},
	editor={Corum and others},
	booktitle={You take the high node and {I}'ll take the low node. {P}apers from the {Comparative Syntax Festival}},
	address={Chicago},
	publisher={CLS},
	pages={397-422},
}

@incollection{Sankoff1977,
	author={Sankoff, Gillian},
	year={1977},
	title={Variability and explanation in language and culture: cliticization in {New Guinea Tok Pisin}},
	editor={Saville-Troike, Muriel},
	booktitle={Linguistics and anthropology},
	address={Washington},
	publisher={Georgetown University Press (GURTLL 1977)},
	pages={59-73},
}

@incollection{SankoffEtAl1974,
	author={Sankoff, Gillian and Laberge, Suzanne},
	year={1974},
	title={On the acquisition of native speakers by a language},
	editor={DeCamp, David and Hancock, Ian F.},
	booktitle={Pidgins and creoles. {C}urrent trends and prospects},
	address={Washington},
	publisher={Georgetown University Press},
	pages={73-84},
}

@book{Sapir1921,
	author={Sapir, Edward},
	year={1921},
	title={Language. {A}n introduction to the study of speech},
	address={New York},
	publisher={Harcourt, Brace \& World}
}

@article{Sasse1977a,
	author={Sasse, Hans-Jürgen},
	year={1977},
	title={Gedanken über {W}ortstellungsveränderung},
	journal={Papiere zur Linguistik},
	volume={13f},
	pages={82-142},
}

@article{Sasse1977b,
	author={Sasse, Hans-Jürgen},
	year={1977},
	title={A note on {WH}-movement},
	journal={Lingua},
	volume={41},
	number={},
	pages={343-354},
}

@book{Saussure1916,
	author={{de Saussure}, Ferdinand},
	year={1916}, 
	title={Cours de linguistique générale},
	editor={Charles Bally},
	address={Paris},
	publisher={Payot}
}

@book{Schlegel1818,
	author={{von Schlegel}, August Wilhelm},
	year={1818},
	title={Observations sur la langue et la littérature provençales},
	address={Paris},
	publisher={Librairie grecque-latine-allemande}
}

@article{Seebold1971,
	author={Seebold, Elmar},
	year={1971},
	title={{Versuch über die Herkunft der indogermanischen Personalendungssysteme}},
	journal={Zeitschrift für vergleichende Sprachforschung},
	volume={85},
	number={},
	pages={185-210},
}

@incollection{Seiler1973,
	author={Seiler, Hansjakob},
	year={1973},
	title={On the semantosyntactic configuration ‘possessor of an act’},
	editor={Kachru, Braj B. and others}, 
	booktitle={Issues in linguistics: {P}apers in honor of {H}enry and {R}enée {K}ahane},
	address={Urbana etc},
	publisher={University of Illinois Press},
	pages={836-853},
}

@incollection{Seiler1975,
	author={Seiler, Hansjakob},
	year={1975},
	title={Die {P}rinzipien der deskriptiven und der etikettierenden {B}enennung},
	editor={Seiler, H.},
	booktitle={{Linguistic workshop III. Arbeiten des Kölner Universalienprojekts 1974}},
	address={München},
	publisher={W. Fink},
	pages={2-57},
}

@incollection{Seiler1978,
	author={Seiler, Hansjakob},
	year={1978},
	title={The {C}ologne project on language universals: {Q}uestions, objectives, and prospects},
	crossref={SeilerEd1978},
	pages={11--25},
}

@book{Seiler1983,
	author={Seiler, Hansjakob},
	year={1983}, 
	title={Possession as an operational dimension of language},
	address={Tübingen},
	publisher={G. Narr},
	series={LUS},
	number={2}
}

@incollection{Seiler1982,
	author={Seiler, Hansjakob},
	year={1982},
	title={Das sprachliche {E}rfassen von {G}egenständen ({A}pprehension)},
	crossref={SeilerEtAl1982},
	pages={3-11},
}

@book{SeilerEd1978,
	author={Seiler, Hansjakob},
	year={1978},
	title={Language universals. {P}apers from the Conference held at {Gummersbach/Cologne, Germany, October} 3-8, 1976},
	address={Tübingen},
	publisher={ G. Narr},
	series={TBL},
	number={111},
}

@book{SeilerEtAl1982,
	editor={Seiler, Hansjakob and Lehmann, Christian},
	year={1982},
	title={Apprehension: {D}as sprachliche {Erfassen von Gegenständen Teil I: Bereich und Ordnung der Phänomene}},
	address={Tübingen},
	publisher={G. Narr},
	series={LUS},
	number={1, I}
}

@conference{Serzisko1980,
	author={Serzisko, Fritz},
	year={1980}, 
	title={Sprachen mit {Z}ahlklassifikatoren: {A}nalyse und {V}ergleich},
	address={Köln},
	publisher={Institut für {S}prachwissenschaft der {U}niversität},
	booktitle={Arbeiten des {K}ölner {U}niversalienprojektes}, 
	volume={37},
}

@conference{Serzisko1981,
	author={Serzisko, Fritz},
	year={1981}, 
	title={Gender, noun class and numeral classification: a scale of classificatory techniques},
	address={Köln},
	publisher={Institut für Sprachwissenschaft der Universität},
	booktitle={Arbeiten des {Kölner Universalienprojektes}},
	volume={40},
	pages={93--126},
}

@incollection{Serzisko1982,
	author={Serzisko, Fritz},
	year={1982},
	title={{Temporäre Klassifikation: Ihre Variationsbreite in Sprachen mit Zahlklassifikatoren}},
	crossref={SeilerEtAl1982},
	pages={147-159},
}

@book{Stammerjohann1975,
	editor={Stammerjohann, Harro},
	year={1975},
	title={{Handbuch der Linguistik: Allgemeine und angewandte Sprachwissenschaft}},
	address={Darmstadt and München},
	publisher={Wissenschaftliche Buchgesellschaft and Nymphenburg}
}

@article{Starke1977,
	author={Starke, Frank},
	year={1977},
	title={{Die Funktionen der dimensionalen Kasus und Adverbien im Althethitischen}},
	address={Wiesbaden},
	publisher={ O. Harrassowitz},
	series={StBoT},
	number={23},
}

@incollection{Steele1978,
	author={Steele, Susan},
	year={1978},
	title={Word order variation: a typological study},
	crossref={Greenberg1978}, 
	volume={4},
	pages={585-624},
}

@incollection{Strunk1980,
	author={Strunk, Klaus},
	year={1980},
	title={Zum indogermanischen {M}edium und konkurrierenden {K}ategorien},
	crossref={BrettschneiderEtAl1980},
	pages={321-337},
}

@incollection{Syromjatnikov1980,
	author={Syromjatnikov, N.A.},
	year={1980},
	title={Zakonomernosti razvitija ličnych mestoimenij v novojaponskom jazyke},
	crossref={Vardul1980},
	pages={104-126},
}

@book{Szemerényi1970,
	author={Szemerényi, Oswald J.L.},
	year={1970},
	title={Einführung in die vergleichende {S}prachwissenschaft},
	address={Darmstadt},
	publisher={Wissenschaftliche Buchgesellschaft (Die Altertumswissenschaft)}
}

@article{Tauli1966,
	author={Tauli, Valter},
	year={1966},
	title={Structural tendencies in {U}ralic languages},
	address={The Hague etc},
	publisher={ Mouton},
	series={Indiana University Publications, Uralic and Altaic Series},
	number={17},
}

@article{Traugott1980,
	author={Traugott, Elizabeth C.},
	year={1980},
	title={Meaning-change in the development of grammatical markers},
	journal={Language Sciences},
	volume={2},
	number={},
	pages={44-61},
}

@book{TraugottEtAl1980,
	editor={Traugott, Elizabeth C. and others},
	year={1980},
	title={Papers from the 4th International Conference on Historical Linguistics},
	address={Amsterdam},
	publisher={J. Benjamins},
	series={Current Issues in Linguistic Theory},
	number={14},
}

@article{Troike1981,
	author={Troike, Rudolph C.},
	year={1981},
	title={Subject-object concord in {C}oahuilteco},
	journal={Language},
	volume={57},
	number={},
	pages={658-673},
}

@conference{Ultan1978a,
	author={Ultan, Russell},
	year={1978},
	title={On the development of a definite article},
	crossref={SeilerEd1978},
	pages={249-266},
}

@incollection{Ultan1978b,
	author={Ultan, Russell},
	year={1978}, 
	title={The nature of future tenses},
	crossref={Greenberg1978}, 
	volume={3},
	pages={83-123},
}

@book{VanRoey1974,
	author={{van Roey}, Jacques},
	year={1974},
	title={A contrastive description of {E}nglish and {D}utch noun phrases},
	address={Bruxelles: AIMAV; Paris},
	publisher={Didier}
}

@book{Vardul1980,
	editor={Vardul', Igor F.},
	year={1980},
	title={Teoria i tipologija mestoimenij},
	address={Moskva},
	publisher={Nauka}
}

@article{Vater1979,
	author={Vater, Heinz},
	year={1979},
	title={Determinantien. {Teil I: Abgrenzung, Syntax}},
	address={Trier},
	publisher={ LAUT},
	series={KLAGE},
	number={6},
}

@article{Vincent1980a,
	author={Vincent, Nigel},
	year={1980},
	title={Some issues in the theory of word order},
	journal={York Papers in Linguistics},
	volume={8},
	number={},
	pages={167-179},
}

@incollection{Vincent1980b,
	author={Vincent, Nigel},
	year={1980},
	title={Iconic and symbolic aspects of syntax: {P}rospects for reconstruction},
	editor={Ramat, P. and others},
	booktitle={Linguistic reconstruction and {Indo-European} syntax. {P}roceedings of the Colloquium of the '{Indogermanische Gesellschaft}', {University of Pavia, 6--7 September} 1979},
	address={Amsterdam},
	publisher={J. Benjamins},
	pages={47-68},
}

@book{Wackernagel1920,
	author={Wackernagel, Jakob},
	year={1920/1924}, 
	title={Vorlesungen über {S}yntax, mit besonderer {B}erücksichtigung von {G}riechisch, {L}ateinisch und {D}eutsch},
	note={2 vols},
	address={Basel},
	publisher={Birkhäuser \& Co}
}

@inproceedings{Weinreich1963,
	author={Weinreich, Uriel},
	year={1963},
	title={On the semantic structure of language},
	editor={Greenberg, J.H.},
	booktitle={Universals of language. {R}eport of a conference held at {D}obbs {F}erry, {New York, April} 13-15, 1961},
	address={Cambridge, Mass},
	publisher={MIT Press. 2. ed. 1966},
	pages={114-171},
}

@book{Welmers1973,
	author={Welmers, William E.},
	year={1973},
	title={African language structures},
	address={Berkeley etc},
	publisher={University of California Press}
}

@book{Wendt1972,
	author={Wendt, Heinz F.},
	year={1972},
	title={Langenscheidts Praktisches {L}ehrbuch {T}ürkisch},
	address={Berlin etc},
	publisher={Langenscheidt}
}

@incollection{Werner1979,
	author={Werner, Otmar},
	year={1979},
	title={{Kongruenz wird zu Diskontinuität im Deutschen}},
	editor={Brogyanyi, B.}, 
	booktitle={{Festschrift for Oswald Szemerényi on the occasion of his 65th birthday}},
	address={Amsterdam},
	publisher={J. Benjamins},
	pages={959-988},
}

@article{Wiemer2014,
	author={Wiemer, Björn},
	year={2014},
	title={Quo vadis grammaticalization theory? {W}hy complex language change is like words},
	journal={Folia Linguistica},
	volume={48},
	pages={425--467}	
}

@incollection{Wiesemann1980,
	author={Wiesemann, Ursula},
	year={1980},
	title={Events and non-events in {K}aingáng discourse},
	crossref={BrettschneiderEtAl1980},
	pages={419-433},
}

@incollection{Woodbury1977,
	author={Woodbury, Anthony C.},
	year={1977},
	title={Greenlandic {E}skimo, ergativity, and relational grammar},
	editor={Cole, Peter and Sadock, Jerrold M.},
	series={Syntax and semantics},
	volume={8},
	booktitle={Grammatical relations},
	address={New York etc},
	publisher={Academic Press},
	pages={307-336},
}

@article{Žirmunskij1966,
	author={Žirmunskij, V. M.},
	year={1966},
	title={The word and its boundaries},
	journal={Linguistics},
	volume={27},
	number={},
	pages={65-91},
}

@article{Zwicky1978,
	author={Zwicky, Arnold M.},
	year={1978}, 
	title={Arguing for constituency},
	journal={Papers from the Regional Meeting of the {C}hicago Linguistic Society},
	volume={14},
	pages={503--512}
}  