@book{langsci-current-book, editor = {Aleksandar Trklja and ≈Åukasz Grabowski}, title = {{Formulaic language}}, subtitle = {{Theories and methods}},year = {2021}, series = {Phraseology and Multiword Expressions}, number = {5}, location = {Berlin}, publisher = {Language Science Press}, options = {dataonly=true} } 
