

@PHDTHESIS { spranger:11b,
ADDRESS="Brussels",
AUTHOR="Spranger, Michael",
SCHOOL="Vrije Universiteit Brussel",
TITLE="The Evolution of Grounded Spatial Language",
YEAR="2011",
}

@PHDTHESIS { bleys10,
ADDRESS="Brussels",
AUTHOR="Bleys, Joris",
SCHOOL="Vrije Universiteit Brussel",
TITLE="Language Strategies for the Domain of Colour",
YEAR="2011",
}

@book{boas13sbcg,
	editor = {Boas, Hans C. and Sag, Ivan A.},
	title = {{Sign-Based Construction Grammar}},
	publisher = {CSLI Publications},
	address = {Stanford},
	year = {2013}}


	
@phdthesis{pauw13,
	author = {Pauw, Simon},
	year = {2013},
	title = {Size Matters: Grounding Quantifiers in Spatial Perception},
	School = {University of Amsterdam},
	address = {Amsterdam}}

@inproceedings{agre87pengi,
	address = {Seattle, WA},
	author = {Agre, Philip E. and Chapman, David},
	booktitle = {Proceedings of the National Conference on Artificial Intelligence (AAAI)},
	pages = {268--272},
	publisher = {Morgan Kaufmann},
	title = {Pengi: An Implementation of a Theory of Activity},
	year = {1987}}

@article{allan01review,
	author = {Allan, Keith},
	journal = {Computational Linguistics},
	month = {6},
	Number = {2},
	pages = {309--315},
	title = {Review of "{T}oward a cognitive semantics: volume I: concept structuring systems, volume II: typology and process in concept structuring" by {Leonard Talmy}},
	year = {2001}}

@article{allen83maintaining,
	author = {Allen, James F.},
	journal = {Communications of ACM},
	Number = {11},
	pages = {832--843},
	title = {Maintaining Knowledge about Temporal Intervals},
	volume = {26},
	year = {1983}}

@article{allen84general,
	author = {Allen, J.F.},
	journal = {Artificial Intelligence},
	month = {7},
	Number = {2},
	pages = {123--154},
	title = {A General Model of Action and Time},
	volume = {23},
	year = {1984}}

@article{allen94actions,
	author = {Allen, James F. and Ferguson, George},
	journal = {Journal of Logic and Computation},
	Number = {5},
	pages = {531--579},
	title = {Actions and Events in Interval Temporal Logic},
	volume = {4},
	year = {1994}}

@article{aloimonos88active,
	author = {Aloimonos, J. and Weiss, I. and Bandyopadhyay, A.},
	journal = {International Journal of Computer Vision},
	month = {1},
	Number = {4},
	pages = {333--356},
	title = {Active Vision},
	volume = {1},
	year = {1988}}

@article{andersen73abductive,
	author = {Andersen, H.},
	journal = {Language},
	pages = {765--793},
	title = {Abductive and Deductive Change},
	volume = {49},
	year = {1973}}

@book{anderson71grammar,
	address = {Cambridge},
	author = {Anderson, J.},
	publisher = {Cambridge University Press},
	title = {The Grammar of Case. Towards a Localist Theory},
	year = {1971}}

@book{andronov96malayalam,
	address = {Wiesbaden},
	author = {Andronov, Michail S.},
	publisher = {Harrasowitz Verlag},
	series = {Beitrage zur Kenntnis s{\"u}dasiatischer Sprachen und Literaturen},
	title = {A Grammar of the Malayalam Language in Historical Treatment},
	year = {1996}}

@book{ans97,
	address = {Groningen/Deurne},
	Edition = {Second, Revised},
	editor = {Haeseryn, W. and Romijn, K. and Geerts, G. and de Rooij, J. and van den Toorn, M.C.},
	publisher = {Martinus Nijhoff / Wolters Plantyn},
	title = {Algemene Nederlandse Spraakkunst},
	year = {1997}}

@incollection{Arbib:2002,
	author = {Arbib, M.A.},
	year = {2002},
	title = {Grounding the Mirror System Hypothesis for the Evolution of the Language-Ready Brain},
	editor = {Cangelosi, Angelo and Parisi, Domenico},
	booktitle = {Simulating the Evolution of Language},
	address = {London},
	publisher = {Springer Verlag},
	pages = {229--254}}
	
@book{arkin98behavior-based,
	author = {Arkin, Ronald. C.},
	publisher = {MIT Press},
	title = {Behavior-Based Robotics},
	year = {1998}}

@article{asada99robocup,
	author = {Asada, Minoru and Kitano, Hiroaki and Noda, Itsuki and Veloso, Manuela},
	journal = {Artificial Intelligence},
	pages = {193--214},
	title = {{R}obo{C}up: Today and tomorrow - What we have learned},
	volume = {110},
	year = {1999}}

@book{bach68universals,
	address = {New York},
	editor = {Bach, E. and Harms, R.},
	publisher = {Holt, Rhinehart and Winston},
	title = {Universals in Linguistic Theory},
	year = {1968}}

@inproceedings{baillie00action,
	address = {Berlin, Germany},
	author = {Baillie, Jean-Christophe and Ganascia, Jean-Gabriel},
	booktitle = {Proceedings of the 14th European Conference on Artificial Intelligence ({ECAI})},
	editor = {Horn, Werner},
	month = {8},
	pages = {643-647},
	publisher = {IOS Press},
	title = {Action Categorization from Video Sequences},
	year = {2000}}

@inproceedings{baillie01deixis,
	author = {Baillie, Jean and Nehaniv, Chrystopher},
	booktitle = {Proceedings of the First International Workshop on Epigenetic Robotics: Modeling Cognitive Development in Robotic Systems},
	editor = {Balkenius et al, Christian},
	series = {Lund University Cognitive Studies},
	title = {Deixis and the Development of Naming in Asynchronously Interacting Connectionist Agents},
	number = {85},
	year = {2001}}

@inproceedings{baillie02certainty,
	author = {Baillie, Jean-Christophe},
	booktitle = {International Conference on Image Processing},
	pages = {765--768},
	title = {Certainty Color Maps Compared to Histograms},
	year = {2002}}

@phdthesis{baillie02phdthesis,
	author = {Baillie, Jean-Christophe},
	School = {Universite de Paris},
	title = {Apprentissage et Reconnaissance d'Actions dans des Sequences Video},
	year = {2002}}

@inproceedings{baillie04grounding,
	address = {Genoa, Italy},
	author = {Baillie, Jean-Christophe},
	booktitle = {Proceedings of the 4th International Workshop on Epigenetic Robotics: Modeling Cognitive Development in Robotic System},
	editor = {Prince, Christopher G. and Berthouze et al, Luc and Kozima, Hideki and Bullock, Daniel and Stojanov, Georgi and Balkenius, Christian},
	month = {8},
	pages = {107--110},
	series = {Lund University Cognitive Studies},
	title = {Grounding Symbols in Perception with two Interacting Autonomous Robots},
	number = {117},
	year = {2004}}

@book{baker88incorporation,
	address = {Cambridge, MA},
	author = {Baker, M.C.},
	publisher = {MIT Press},
	title = {Incorporation: A Theory of Grammatical Function Changing},
	year = {1988}}

@article{baldwin96evolution,
	author = {Baldwin, James Mark},
	journal = {American Naturalist},
	title = {A New Factor in Evolution},
	volume = {30},
	pages = {441--451},
	year = {1896}}

@book{barbiers04dialect,
	address = {Gent},
	editor = {Barbiers, S. and Devos, M. and De Schutter, G.},
	publisher = {Koninklijke Academie voor Taal- en Letterkunde},
	title = {Dialectsyntaxis in Bloei},
	year = {2004}}

@incollection{barddal09case,
	address = {Amsterdam},
	author = {Bar{\dh}dal, Johanna},
	booktitle = {The Role of Semantic, Pragmatic and Discourse Factors in the Development of Case},
	editor = {Bar{\dh}dal, Johanna and Chelliah, Shobhana},
	pages = {123--159},
	publisher = {John Benjamins},
	title = {The Development of Case in {G}ermanic},
	year = {2009}}

@book{barlow00usage,
	address = {Chicago},
	editor = {Barlow, Michael and Kemmer, Suzanne},
	publisher = {Chicago University Press},
	title = {Usage-Based Models of Language},
	year = {2000}}

@article{baronchelli06sharp,
	author = {Baronchelli, Andrea and Felici, Maddalena and Loreto, Vittorio and Caglioti, Emanuele and Steels, Luc},
	journal = {Journal of Statistical Mechanics},
	title = {Sharp Transition Towards Shared Vocabularies in Multi-Agent Systems},
	volume = {P06014},
	year = {2006}}

@incollection{batali02negotiation,
	address = {Cambridge},
	author = {Batali, John},
	booktitle = {Linguistic Evolution through Language Acquisition: Formal and Computational Models},
	editor = {Briscoe, T.},
	publisher = {Cambridge University Press},
	title = {The Negotiation and Acquisition of Recursive Grammars as a Result of Competition Among Exemplars},
	pages = {111--172},
	year = {2002}}

@incollection{batali98computational,
	address = {Edinburgh},
	author = {Batali, John},
	booktitle = {Approaches to the Evolution of Language: Social and Cognitive Bases},
	editor = {Hurford, James R. and Studdert-Kennedy, Michael and Knight, Chris},
	pages = {405--426},
	publisher = {Edinburgh University Press},
	title = {Computational Simulations of the Emergence of Grammar},
	year = {1998}}

@book{beate06perception,
	address = {Berlin},
	editor = {Hampe, Beate},
	publisher = {Mouton De Gruyter},
	series = {Cognitive Linguistics Research},
	title = {From Perception to Meaning: Image Schemas in Cognitive Linguistics},
	year = {2006}}

@book{beilin92piagets,
	address = {Hillsdale, NJ.},
	editor = {Beilin, Harry and Pufall, Peter B.},
	publisher = {Erlbaum},
	title = {Piaget's Theory: Prospects and Possibilities},
	year = {1992}}

@phdthesis{belpaeme02factors,
	author = {Belpaeme, Tony},
	title = {Factors Influencing the Origins of Colour Categories},
	Addres = {Brussels},
	School = {Vrije Universiteit Brussel},
	year = {2002}}

@inproceedings{belpaeme05colourful,
	address = {Hatfield, UK},
	author = {Belpaeme, Tony and Bleys, Joris},
	booktitle = {{AISB}'05: Proceedings of {Second International Symposium on the Emergence and Evolution of Linguistic Communication} ({EELC'05})},
	editor = {Lyon, Caroline and Cangelosi, Angelo and Nehaniv, Chrystopher L.},
	month = {4},
	title = {Colourful Language and Colour Categories},
	year = {2005}}

@inproceedings{belpaeme98construction,
	author = {Belpaeme, Tony and Steels, Luc and Van Looveren, Joris},
	booktitle = {EWLR-6: Proceedings of the 6th European Workshop on Learning Robots},
	pages = {1--12},
	publisher = {Springer Verlag},
	series = {Lecture Notes In Computer Science},
	title = {The Construction and Acquisition of Visual Categories},
	number = {1545},
	year = {1998}}

@book{bennis89generatieve,
	address = {Dordrecht},
	author = {Bennis, Hans and Hoekstra, Teun},
	publisher = {Foris Publications},
	title = {Generatieve Grammatica},
	year = {1989}}

@incollection{bender00non-categorical,
  author = {Bender, Emily},
  title = {Non-Categorical Constraints in Perception},
  booktitle = {Penn Working Papers in Linguistics \textnormal{7(1)}},
  editor = {Fox, Michelle Minnick and Williams, Alexander and Kaiser, Elsi},
  year = {2000},
  pages = {15--26}
}

@phdthesis{bender01thesis,
  author = {Bender, Emily M.},
  title = {Syntactic Variation and Linguistic Competence: The Case of {AAVE}
           Copula Absence},
  school = {Stanford University},
  year = {2001},
}

@incollection{bergen05embodied,
	address = {Amsterdam},
	author = {Bergen, Benjamin K. and Chang, Nancy},
	booktitle = {Construction Grammars: Cognitive Grounding and Theoretical Extensions},
	editor = {{\"O}stman, Jan-Ola and Fried, Mirjam},
	publisher = {John Benjamins},
	title = {Embodied {C}onstruction {G}rammar},
	pages = {147--190},
	year = {2005}}

@proceedings{berkeley97,
	address = {Dwinelle Hall, Berkeley CA},
	publisher = {University of California, Berkeley},
	title = {Berkeley Linguistics Society},
	volume = {23},
	year = {1997}}

@incollection{bickel05exponence,
	address = {Oxford},
	author = {Bickel, Balthasar and Nichols, Johanna},
	booktitle = {The World Atlas of Language Structures},
	editor = {Haspelmath, Martin and Dryer, Matthew S. and Gil, David and Comrie, Bernard},
	pages = {90--93},
	publisher = {Oxford University Press},
	title = {Exponence of Selected Inflectional Formatives},
	year = {2005}}

@article{bickerton84language,
	author = {Bickerton, Derek},
	journal = {Behavioral and Brain Sciences},
	Number = {2},
	pages = {173--222},
	title = {The Language Bioprogram Hypothesis},
	volume = {7},
	year = {1984}}

@book{blake94case,
	address = {Cambridge},
	author = {Blake, Barry J.},
	publisher = {Cambridge University Press},
	series = {Cambridge Textbook in Linguistics},
	title = {Case},
	year = {1994}}

@inproceedings{bleys08recursive,
	author = {Bleys, Joris},
	title = {The Origins of Recursive Rules: A Usage-Based Account},
	booktitle = {The Evolution of Language. Proceedings of the 7th International Conference ({{EVOLANG}} 7)},
	editor = {Smith, Andrew D.M. and Smith, Kenny and Ferrer i Cancho, Ramon},
	address = {Singapore},
	publisher = {World Scientific Press},
	pages = {34--41},
	year = {2008}}

@inproceedings{bleys09linguistic,
	author = {Bleys, Joris and Steels, Luc},
	title = {Linguistic Selection of Language Strategies. A Case Study for Colour},
	booktitle = {Proceedings of the 10th European Conference on Artificial Life},
	year = {2009},
	series = {LNCS},
	publisher = {Springer},
	address = {Berlin}}

@book{bloomfield70language,
	address = {London},
	author = {Bloomfield, Leonard},
	publisher = {Allen and Unwin},
	Note = {Originally published in 1933},
	title = {Language},
	year = {1970}}

@book{boas-sbcg,
	editor = {Boas, Hans C. and Sag, Ivan A.},
	title = {{Sign-based Construction Grammar}}, 
	address = {Stanford}, 
	publisher = {CSLI Publications},
	year = {2012}}

@book{boas03constructional,
	author = {Boas, Hans C.},
	title = {A Constructional Approach to Resultatives},
	series = {Stanford Monograph in Linguistics},
	address = {Stanford},
	publisher = {CSLI},
	year = {2003}}

@inproceedings{boas03lexical,
	author = {Boas, Hans C.},
	title = {A Lexical-Constructional Account of the Locative Alternation},
	booktitle = {Proceedings of the 2001 Western Conference in Linguistics},
	volume = {13},
	pages = {27--42},
	year = {2003},
	editor = {Carmichael, L. and Huang, C.-H. and Samiian, V.}}

@article{boas05determining,
	author = {Boas, Hans C.},
	year = {2005},
	title = {Determining the Productivity of Resultative Constructions: A Reply to {G}oldberg \& {J}ackendoff},
	journal = {Language},
	volume = {81},
	Number = {2},
	pages = {448--464}}
	
@article{boas08determining,
	author = {Boas, Hans C.},
	year = {2008},
	title = {Determining the Structure of Lexical Entries and Grammatical Constructions in Construction Grammar},
	journal = {Annual Review of Cognitive Linguistics},
	volume = {6},
	pages = {113--144}}
	
@incollection{boas08resolving,
	author = {Boas, Hans C.},
	year = {2008},
	title = {Resolving Form-Meaning Discrepancies in Construction Grammar},
	editor = {Leino, J.},
	booktitle = {Constructional Reorganization},
	publisher = {John Benjamins},
	address = {Amsterdam},
	pages = {11--36}}

@article{bock00persistence,
	author = {Bock, Kathryn and Griffin, Zenzi M.},
	title = {The Persistence of Structural Priming: Transient Activation or Implicit Learning?},
	journal = {Journal of Experimental Psychology},
	year = {2000},
	volume = {129},
	Number = {2},
	pages = {177--192}}

@article{boroditsky00metaphoric,
	author = {Boroditsky, Lera},
	journal = {Cognition},
	Number = {1},
	pages = {1--28},
	title = {Metaphoric Structuring: Understanding Time through Spatial Metaphors},
	volume = {75},
	year = {2000}}

@book{breazeal02designing,
	author = {Breazeal, Cynthia},
	publisher = {MIT Press},
	title = {Designing Sociable Robots},
	year = {2002}}

@book{bresnan82mental,
	address = {Cambridge, MA},
	author = {Bresnan, Joan},
	publisher = {MIT Press},
	title = {The Mental Representation of Grammatical Relations},
	year = {1982}}

@book{bresnan01lfg,
	author = {Bresnan, Joan},
	title = {Lexical-Functional Syntax},
	publisher = {Blackwell Publishing},
	year = {2001},
	address = {Oxford}}

@incollection{brighton05cultural,
	address = {Oxford},
	author = {Brighton, Henry and Kirby, Simon and Smith, Kenny},
	booktitle = {Language Origins: Perspectives on Evolution},
	editor = {Tallerman, Maggie},
	pages = {Chapter 13},
	publisher = {Oxford University Press},
	title = {Cultural Selection for Learnability: Three Principles Underlying the View that Language Adapts to be Learnable},
	year = {2005}}

@article{brighton05language,
	author = {Brighton, Henry and Kirby, Simon and Smith, Kenny},
	journal = {Physics of Life Reviews},
	pages = {177--226},
	title = {Language as an Evolutionary System},
	volume = {2},
	year = {2005}}

@article{briscoe00grammatical,
	author = {Briscoe, E.J.},
	journal = {Language},
	Number = {2},
	pages = {245--296},
	title = {Grammatical Acquisition: Inductive Bias and Coevolution of Language and the Language Acquisition Device},
	volume = {76},
	year = {2000}}

@book{briscoe02linguistic,
	address = {Cambridge},
	editor = {Briscoe, T.},
	publisher = {Cambridge University Press},
	title = {Linguistic Evolution through Language Acquisition: Formal and Computational Models},
	year = {2002}}

@incollection{Briscoe:2003,
	author = {Briscoe, T.},
	title = {Grammatical Assimilation},
	booktitle = {Language Evolution: The States of the Art},
	publisher = {Oxford University Press},
	address = {Oxford},
	year = {2003},
	editor = {Christiansen, M.H. and Kirby, S.}}

@article{brooks86robust,
	author = {Brooks, Rodney A.},
	journal = {IEEE Journal of Robotics and Automation},
	month = {3},
	Number = {1},
	pages = {14--23},
	title = {A Robust Layered Control System for a Mobile Robot},
	volume = {2},
	year = {1986}}

@article{brooks90elephants,
	author = {Brooks, Rodney A.},
	journal = {Robotics and Autonomous Systems},
	month = {6},
	pages = {3--15},
	title = {Elephants Don't Play Chess},
	volume = {1990},
	year = {1990}}

@inproceedings{brooks91reason,
	address = {San Mateo, CA},
	author = {Brooks, Rodney A.},
	booktitle = {Proceedings of the 1991 International Joint Conference on Artificial Intelligence},
	pages = {569--595},
	publisher = {Morgan Kaufmann},
	title = {Intelligence without Reason},
	year = {1991}}

@article{brooks91representation,
	author = {Brooks, Rodney A.},
	journal = {Artificial Intelligence},
	pages = {139--159},
	title = {Intelligence without Representation},
	volume = {47},
	year = {1991}}

@book{bruce84alamblak,
	address = {Canberra},
	author = {Bruce, Leslie P.},
	publisher = {Australian National University},
	series = {Pacific Linguistics Series C 81},
	title = {The Alamblak Language of Papua New guinea (East Sepik)},
	year = {1984}}

@inproceedings{brunn02germanteam,
	address = {Seattle, WA},
	author = {Brunn, Ronnie and D{\"u}ffert, Uwe and J{\"u}ngel, Matthias and Laue, Tim and L{\"o}tzsch, Martin and Petters, Sebastian and Risler, Max and R{\"o}fer, Thomas and Spiess, Kai and Sztybryc, Andreas},
	booktitle = {RoboCup 2001 Robot Soccer World Cup V},
	editor = {Birk, Andreas and Coradeschi, Silvia and Tadokoro, Satoshi},
	Note = {more detailed in GermanTeam RoboCup 2001. Technical Report (41 pages, http://www.tzi.de/kogrob/papers/GermanTeam2001report.pdf)},
	pages = {705--708},
	publisher = {Springer},
	series = {Lecture Notes in Artificial Intelligence},
	title = {GermanTeam 2001},
	number = {2377},
	year = {2002}}

@book{butt06theories,
	address = {Cambridge},
	author = {Butt, Miriam},
	publisher = {Cambridge University Press},
	series = {Cambridge Textbooks in Linguistics},
	title = {Theories of Case},
	year = {2006}}

@book{bybee97essays,
	address = {Amsterdam},
	editor = {Bybee, Joan and Haiman, John and Thompson, Sandra},
	publisher = {John Benjamins},
	title = {Essays on Language Function and Language Type: Dedicated to T. Givon},
	year = {1997}}

@inproceedings{bybee00three,
	address = {Dwinelle Hall, Berkeley CA},
	author = {Bybee, Joan and Thompson, Sandra},
	series = {Berkeley Linguistics Society},
	pages = {65--85},
	publisher = {University of California, Berkeley},
	title = {Three Frequency Effects in Syntax},
	volume = {23},
	year = {2000}
}

 
@article{bybee98functionalist,
	author = {Bybee, Joan},
	journal = {Evolution of Communication},
	pages = {249--278},
	title = {A Functionalist Approach to Grammar},
	volume = {2},
	year = {1998}}

@inproceedings{cablitz02marquesan,
	address = {Stanford},
	author = {Cablitz, Gabriele H.},
	booktitle = {Space in Language. Location, Motion, Path, and Manner.},
	editor = {Clark, Eve V.},
	pages = {40--49},
	publisher = {CSLI Publications},
	series = {Proceedings of the 31st Stanford Child Language Research Forum},
	title = {The Acquisition of an Absolutive System: Learning to Talk About SPACE in Marquesan (Oceanic, French Polynesia)},
	year = {2002}}

@book{Camazine:2001,
	author = {Camazine S. and Deneubourg J.L. and Franks N. and Sneyd J. and Bonabeau E. and G. Theraulaz},
	year = {2001},
	title =  {Self-Organization in Biological Systems},
	address = {Princeton},
	publisher = {Princeton University Press}}

@incollection{cangelosi02computer,
	address = {London},
	author = {Cangelosi, Angelo and Parisi, Domenico},
	booktitle = {Simulating the Evolution of Language},
	editor = {Cangelosi, Angelo and Parisi, Domenico},
	pages = {3--28},
	publisher = {Springer Verlag},
	title = {Computer Simulation: A New Scientific Approach to the Study of Language Evolution},
	year = {2002}}

@book{cangelosi02simulating,
	address = {London},
	editor = {Cangelosi, Angelo and Parisi, Domenico},
	publisher = {Springer Verlag},
	title = {Simulating the Evolution of Language},
	year = {2002}}

@proceedings{cangelosi06evolution,
	address = {Singapore},
	editor = {Cangelosi, A. and Smith, A. and Smith, K.},
	publisher = {World Scientific},
	title = {The Evolution of Language},
	year = {2006}}

@article{cangelosi98emergence,
	author = {Cangelosi, Angelo and Parisi, Domenico},
	journal = {Connection Science},
	month = {6},
	Number = {2},
	pages = {83--97},
	title = {The Emergence of a `Language' in an Evolving Population of Neural Networks},
	volume = {10},
	year = {1998}}

@book{canonici95zulu,
	address = {Natal},
	author = {Canonici, Noverino N.},
	publisher = {university of Natal - Durban},
	title = {Zulu Grammatical Structure.},
	year = {1995}}

@book{chafe80pear,
	editor = {Chafe, Wallace},
	title = {The Pear Stories},
	address = {New York},
	publisher = {Ablex},
	year = {1980}}

@book{chafe94discourse,
	address = {Chicaco},
	author = {Chafe, Wallace},
	publisher = {University of Chicaco Press},
	title = {Discourse, Consciousness, and Time},
	year = {1994}}

@incollection{chalmers92subsymbolic,
	author = {Chalmers, David J.},
	booktitle = {The Symbolic and Connectionist Paradigms: Closing the Gap},
	editor = {Dinsmore, John},
	pages = {25--48.},
	publisher = {Lawrence Erlbaum Associates},
	title = {Subsymbolic Computation and the Chinese Room},
	year = {1992}}

@inproceedings{carter90efficient,
	author = {Carter, David},
	title = {Efficient Disjunctive Unification for Bottom-Up Parsing},
	booktitle = {Proceedings of the 13th Conference on Computational Linguistics},
	pages = {70--75},
	year = {1990},
	publisher = {{ACL}}}

@article{chella00understanding,
	author = {Chella, Antonio and Frixione, Marcello and Gaglio, Salvatore},
	journal = {Artificial Intelligence},
	Number = {1--2},
	pages = {89--123},
	title = {Understanding Dynamic Scenes},
	volume = {123},
	year = {2000}}

@article{chella01conceptual,
	author = {Chella, Antonio and Frixione, Marcello and Gaglio, Salvatore},
	journal = {Artificial Intelligence Review},
	Number = {2},
	pages = {137--152},
	title = {Conceptual Spaces for Computer Vision Representations},
	volume = {16},
	year = {2001}}

@article{chella03anchoring,
	author = {Chella, Antonio and Frixione, Marcello and Gaglio, Salvatore},
	journal = {Robotics and Autonomous Systems},
	Number = {2-3},
	pages = {175--188},
	title = {Anchoring Symbols to Conceptual Spaces: the Case of Dynamic Scenarios.},
	volume = {43},
	year = {2003}}

@article{chella03conceptual,
	author = {Chella, Antonio and Frixione, Marcello and Gaglio, Salvatore},
	journal = {Robotics and Autonomous Systems},
	Number = {2-3},
	pages = {193--195},
	title = {Conceptual Spaces for Anchoring},
	volume = {43},
	year = {2003}}

@article{chella99cognitive,
	author = {Chella, Antonio and Frixione, Marcello and Gaglio, Salvatore},
	journal = {Artificial Intelligence},
	Number = {1--2},
	pages = {73--111},
	title = {A Cognitive Architecture for Artificial Vision},
	volume = {89},
	year = {1997}}

@article{chomsky05three,
	author = {Chomsky, Noam},
	journal = {Linguistic Inquiry},
	Number = {1},
	pages = {1--22},
	title = {Three Factors in Language Design},
	volume = {36},
	year = {2005}}

@book{chomsky57syntactic,
	address = {The Hague},
	author = {Chomsky, Noam},
	publisher = {Mouton},
	title = {Syntactic Structures},
	year = {1957}}

@article{chomsky59review,
	author = {Chomsky, Noam},
	title = {A Review of {B.F.} {S}kinner's {V}erbal {B}ehavior},
	pages = {26--58},
	journal = {Language},
	volume = {35},
	Number = {1},
	year = {1959}}

@book{chomsky65aspects,
	address = {Cambridge, MA},
	author = {Chomsky, Noam},
	publisher = {MIT Press},
	title = {Aspects of the Theory of Syntax},
	year = {1965}}

@book{chomsky80rules,
	address = {Oxford},
	author = {Chomsky, Noam},
	publisher = {Basil Blackwell},
	title = {Rules and Representations},
	year = {1980}}

@book{chomsky81lectures,
	address = {Dordrecht},
	author = {Chomsky, Noam},
	publisher = {Floris},
	title = {Lectures on Government and Binding},
	year = {1981}}

@book{chomsky86knowledge,
	address = {New York},
	author = {Chomsky, Noam},
	publisher = {Praeger},
	title = {Knowledge of Language: Its Nature, Origins, and Use},
	year = {1986}}

@incollection{chomsky93pp,
	address = {Berlin},
	author = {Chomsky, Noam and Lasnik, Howard},
	booktitle = {Syntax: An International Handbook of Contemporary Research},
	editor = {Jacobs, J. and von Stechow, A. and Sternefelt, W. and Vennemann, T.},
	pages = {506--569},
	volume = {1},
	publisher = {Mouton de Gruyter},
	title = {Principles and Parameters Theory},
	year = {1993}}

@book{chomsky95minimalist,
	address = {Cambridge, MA},
	author = {Chomsky, Noam},
	publisher = {MIT Press},
	title = {The Minimalist Program},
	year = {1995}}

@article{christiansen08language,
	author = {Christiansen, Morten H. and Chater, Nick},
	title = {Language as Shaped by the Brain},
	journal = {Behavioral and Brain Sciences},
	volume = {31},
	pages = {489--558},
	year = {2008}}

@book{churchward53tongan,
	address = {London},
	author = {Churchward, C. Maxwell},
	publisher = {Oxford University Press},
	title = {Tongan Grammar},
	year = {1953}}

@proceedings{clark02space,
	address = {Stanford},
	editor = {Clark, Eve V.},
	publisher = {CSLI Publications},
	series = {Proceedings of the 31st Stanford Child Language Research Forum},
	title = {Space in Language. Location, Motion, Path, and Manner.},
	year = {2002}}

@incollection{clark73space,
	address = {New York},
	author = {Clark, Herbert},
	booktitle = {Cognitive Development and the Acquisition of Language},
	editor = {Moore, T.E.},
	pages = {28--64},
	publisher = {Academic Press},
	title = {Space, Time, Semantics and the Child},
	year = {1973}}

@incollection{clark91grounding,
	author = {Clark, Herbert. H. and Brennan, Susan E.},
	booktitle = {Perspectives on Socially Shared Cognition},
	editor = {Resnick, Lauren B. and Levine, John M. and Teasley, Stephanie D.},
	pages = {127--149},
	publisher = {APA Books},
	title = {Grounding in Communication},
	year = {1991}}

@book{cole75syntax,
	address = {New York},
	editor = {Cole, P. and Morgan, J.L.},
	publisher = {Academic},
	title = {Syntax and Semantics: Speech Acts. Volume 3},
	year = {1975}}

@book{cole77grammatical,
	address = {New York},
	editor = {Cole, Peter and Sadock, Jerrold M.},
	publisher = {Academic},
	series = {Syntax and Semantics},
	title = {Grammatical Relations},
	number = {8},
	year = {1977}}

@incollection{colmerauer78,
	author = {Colmerauer, A.},
	title = {Metamorphosis Grammar},
	booktitle = {Natural Language Communication with Computers},
	publisher = {Springer Verlag},
	year = {1978},
	editor = {Bolc, L.},
	Note = {Originally published in 1975 as {\em Les grammaires de metamorphose}, Groupe d'Intelligence Artificielle, Universit\'{e} de Marseille-Luminy}}

@incollection{comrie05wals,
	author = {Comrie, Bernard},
	title = {Alignment of Case Marking},
	address = {Oxford},
	editor = {Haspelmath, Martin and Dryer, Matthew S. and Gil, David and Comrie, Bernard},
	publisher = {Oxford University Press},
	booktitle = {The World Atlas of Language Structures},
	Chapter = {98--99},
	year = {2005}}

@book{copestake02implementing,
	author = {Copestake, Ann},
	title = {Implementing Typed Feature Structure Grammars},
	publisher = {{CSLI} Publications},
	year = {2002},
	address = {Stanford}}

@inproceedings{coradeschi01fuzzy,
	address = {Melbourne, Australia},
	author = {Coradeschi, Silvia and Driankov, Dimiter and Karlsson, Lars and Saffiotti, Alessandro},
	booktitle = {Proceedings of the 10th IEEE International Conference on Fuzzy Systems},
	pages = {111--114},
	title = {Fuzzy Anchoring},
	year = {2001}}

@article{coradeschi03anchoring,
	author = {Coradeschi, Silvia and Saffiotti, Alessandro},
	journal = {Robotics and Autonomous Systems},
	Number = {2-3},
	pages = {85--96},
	title = {An Introduction to the Anchoring Problem},
	volume = {43},
	year = {2003}}

@book{corblin99empirical,
	address = {The Hague},
	editor = {Corblin, F. and Dobrovie-Slobin, C. and Marandin, J.-M.},
	publisher = {Thesus},
	title = {Empirical Issues in Formal Syntax and Semantics 2},
	year = {1999}}

@book{coventry07spatial-language,
	editor = {Coventry, Kenny R. and Tenbrink, Thora and Bateman, John. A},
	publisher = {Oxford University Press},
	title = {Spatial Language and Dialogue},
	year = {2007}}

@article{cover67nearest-neighbor,
	author = {Cover, Thomas M. and Hart, Peter E.},
	journal = {Information Theory, IEEE Transactions on},
	Number = {2},
	pages = {21--27},
	title = {Nearest Neighbor Pattern Classification},
	volume = {13},
	year = {1967}}

@inproceedings{crysmann05syncretism,
	author = {Crysmann, Berthold},
	title = {Syncretism in German: A Unified Approach to Underspecification, Indeterminacy, and Likeness of Case},
	editor = {M\"{u}ller, Stefan},
	booktitle = {Proceedings of the 12th International Conference on Head-Driven Phrase Structure Grammar},
	publisher = {CSLI Publications},
	address = {Stanford},
	year = {2005},
	pages = {91--107}}

@book{croft00aspect,
	author = {Croft, William},
	title = {Verbs: Aspect and Argument Structure},
	address = {Oxford},
	publisher = {Oxford University Press},
	Note = {Manuscript consulted on 16 October 2006},
	year = {in prep.}}

@book{croft00explaining,
	address = {Harlow Essex},
	author = {Croft, William},
	publisher = {Longman},
	title = {Explaining Language Change: An Evolutionary Approach},
	year = {2000}}

@book{croft01radical,
	address = {Oxford},
	author = {Croft, William},
	publisher = {Oxford UP},
	title = {Radical Construction Grammar: Syntactic Theory in Typological Perspective},
	year = {2001}}

@incollection{croft03lexical,
	author = {Croft, William},
	year = {2003},
	address = {Amsterdam},
	booktitle = {Motivation in Language Studies: Studies in Honour of G\"{u}nter Radden},
	editor = {Cuyckens, Hubert and Berg, Thomas and Dirven, Ren\'{e} and Panther, Klaus-Uwe},
	pages = {49--68},
	publisher = {John Benjamins},
	title = {Lexical Rules vs. Constructions: A False Dichotomy}}

@article{croft04commentary,
	author = {Croft, William},
	year = {2004},
	title = {Form, Meaning and Speakers in the Evolution of Language. Commentary on {K}irby, {S}mith and {B}righton},
	journal = {Studies in Language},
	volume = {28},
	Number = {3},
	pages = {608--611}}

@book{croft91syntactic,
	address = {Chicago},
	author = {Croft, William},
	publisher = {Chicago UP},
	title = {Syntactic Categories and Grammatical Relations. The Cognitive Organization of Information},
	year = {1991}}

@incollection{croft98event,
	address = {Stanford},
	author = {Croft, William},
	booktitle = {The Projection of Arguments: Lexical and Compositional Factors},
	editor = {Butt, Miriam and Geuder, Wilhelm},
	pages = {21--63},
	publisher = {CSLI Publications},
	title = {Event Structure in Argument Linking},
	year = {1998}}

@book{croft04cognitive,
	address = {Cambridge},
	author = {Croft, William and Cruse, D. Alan},
	publisher = {Cambridge University Press},
	series = {Cambridge Textbooks in Linguistics},
	title = {Cognitive Linguistics},
	year = {2004}}

@incollection{croft05logical,
	address = {Amsterdam},
	author = {Croft, William},
	booktitle = {Construction Grammars: Cognitive Grounding and Theoretical Extensions},
	editor = {{\"O}stman, Jan-Ola and Fried, Mirjam},
	pages = {273--314},
	publisher = {John Benjamins},
	title = {Logical and Typological Arguments for Radical Construction Grammar},
	year = {2005}}

@incollection{croft05relevance,
	address = {Amsterdam},
	author = {Croft, William},
	booktitle = {Different Models of Linguistic Change},
	editor = {Nedergaard Thomsen, Ole},
	publisher = {John Benjamins},
	title = {The Relevance of an Evolutionary Model to Historical Linguistics},
	pages = {91--132},
	year = {2004}}

@article{croft07origins,
	author = {Croft, William},
	title = {The Origins of Grammar in the Verbalization of Experience},
	journal = {Cognitive Linguistics},
	volume = {18},
	year = {2007},
	pages = {339--382}}

@article{croft08origins,
	author = {Croft, William},
	title = {The Origins of Grammaticalization in the Verbalization of Experience},
	journal = {Linguistics},
	Note = {to appear},
	year = {2008}}

@book{cullicover05simpler,
	address = {Oxford},
	author = {Cullicover, Peter W. and Jackendoff, Ray},
	publisher = {Oxford University Press},
	title = {Simpler Syntax},
	year = {2005}}

@incollection{cysouw08building,
	author = {Cysouw, Michael},
	title = {Building Semantic Maps: The Case of Person Marking}, 
	editor = {Miestamo, Matti and W\"{a}lchli, Bernhard},
	booktitle = {New Challenges in Typology}, 
	publisher = {Mouton De Gruyter},
	address = {Berlin},
	pages = {225--248},
	year = {2007}}

@article{daelemans99forgetting,
	author = {Daelemans, Walter and {v}an {d}en Bosch, Antal and Zavrel, Jakub},
	title = {Forgetting Exceptions is Harmful in Language Learning},
	journal = {Machine Learning},
	volume = {34},
	Number = {1/3},
	pages = {11--43},
	year = {1999}}

@incollection{daelemans02comparing,
	author = {Daelemans, Walter},
	title = {A Comparison of Analogical Modeling of Language to Memory-Based Language Processing},
	booktitle = {Analogical Modeling},
	pages = {157-179},
  	year = {2002},
  	editor = {Skousen, R. and Lonsdale, D. and Parkinson, D.},
  	publisher = {John Benjamins},
  	address = {Amsterdam}}

@book{daelemans05memory,
	address = {Cambridge},
	author = {Daelemans, Walter and {Van den Bosch}, Antal},
	publisher = {Cambridge University Press},
	series = {Studies in Natural Language Processing},
	title = {Memory-Based Language Processing},
	year = {2005}}

@book{dahlstrom91plains,
	author = {Dahlstrom, Amy},
	title = {Plains Cree Morphosyntax},
	year = {1991},
	publisher = {Garland},
	address = {New York}}

@article{Dallasta:2006,
	author = {Dall'Asta, L. and Baronchelli, A. and Barrat, A. and Loreto, V.},
	title = {Nonequilibrium dynamics of language games on complex  networks}, 
	journal = {Physical Review E},
	volume = {74},
	Number = {3:036105},
	year = {2006}}

@article{dalrymple09indeterminacy,
	author = {Dalrymple, Mary and King, Tracy Holloway and Sadler, Louisa},
	title = {Indeterminacy by Underspecification},
	journal = {Journal of Linguistics},
	volume = {45},
	pages = {31--68},
	year = {2009}}

@inproceedings{daniels01on,
	author = {Daniels, Michael},
	title = {On a Type-Based Analysis of Feature Neutrality and the Coordination of Unlikes},
	booktitle = {Proceedings of the 8th International Conference on {HPSG}},
	publisher = {CSLI},
	address = {Stanford},
	pages = {137--147},
	year = {2001}}

@article{Dash:2003,
	author = {Dash, R. and Jennings, N. and Parkes, D.},
	year = {2003},
	title = {Computational-Mechanism Design: A Call to Arms},
	journal = {IEEE Intelligent Systems},
	month = {11},
	pages = {40--47}}

@book{dautenhahn02imitation,
	editor = {Dautenhahn, Kerstin and Nehaniv, Chrystopher},
	publisher = {MIT Press},
	title = {Imitation in Animals and Artifacts},
	year = {2002}}

@incollection{davidse96functional,
	address = {Amsterdam},
	author = {Davidse, Kristin},
	booktitle = {The Dative. Volume 1: Descriptive Studies},
	editor = {Van Belle, William and Van Langendonck, Willy},
	pages = {289 -- 338},
	publisher = {John Benjamins},
	series = {Case and Grammatical Relations Across Languages},
	title = {Functional Dimensions of the Dative in {E}nglish},
	year = {1996}}

@book{davies86choctaw,
	author = {Davies, William D.},
	title = {Choctaw Verb Agreement and Universal Grammar},
	address = {Dordrecht},
	publisher = {Reidel Publishing Company},
	year = {1986}}

@article{davis00linking,
	author = {Davis, Anthony and Koenig, Jean-Pierre},
	journal = {Language},
	Number = {1},
	pages = {59--91},
	title = {Linking as Constraints on Word Classes in a Hierarchical Lexicon},
	volume = {76},
	year = {2000}}

@book{dawkins82extended,
	address = {Oxford},
	author = {Dawkins, Richard},
	publisher = {W.H. Freedman},
	title = {The Extended Phenotype},
	year = {1982}}

@book{deacon97symbolic,
	author = {Deacon, Terence W.},
	title = {The Symbolic Species: The Co-Evolution of Language and the Brain},
	publisher = {W.W. Norton},
	address = {New York},
	year = {1997}}

@inproceedings{debeule02grounding,
	address = {Belgium.},
	author = {De Beule, Joachim and Van Looveren, Joris and Zuidema, Willem},
	booktitle = {Proceedings of the 14th Belgium-Netherlands Conference on Artificial Intelligence (BNAIC '02)},
	title = {Grounding Formal Syntax in an Almost Real World},
	year = {2002}}

@techreport{debeule04process-engine,
	author = {De Beule, Joachim},
	Institution = {ARTI-lab, Vrije Universiteit Brussel},
	Number = {04-06},
	title = {Processes and the Process Engine},
	Type = {AI-Memo},
	year = {2004}}

@inproceedings{debeule05creating,
	address = {Groningen, The Netherlands},
	author = {De Beule, Joachim},
	booktitle = {Proceedings of the 16th Belgium-Netherlands Conference on Artificial Intelligence (BNAIC '04)},
	title = {Creating Temporal Categories for an Ontology of Time},
	year = {2004}}

@inproceedings{debeule05hierarchy,
	address = {Berlin},
	author = {De Beule, Joachim and Steels, Luc},
	booktitle = {{KI} 2005: Advances In Artificial Intelligence. Proceedings of the 28th {German} Conference on {AI}},
	editor = {Furbach, Ulrich},
	publisher = {Springer},
	series = {Lecture Notes in Artificial Intelligence},
	title = {Hierarchy in {F}luid {C}onstruction {G}rammar},
	number = {3698},
	pages = {1--15},
	year = {2005}}

@inproceedings{debeule05simulating,
	address = {Dordrecht},
	author = {De Beule, Joachim},
	booktitle = {Evolutionary Epistemology, Language and Culture - A nonadaptationist systems theoretical approach},
	editor = {Gontier, Nathalie and Van Bendegem, Jean Paul and Aerts, Diederik},
	publisher = {Springer},
	series = {Theory and Decision Library - Series A: Philosophy and Methodology of the Social Sciences},
	title = {Simulating the syntax and semantics of linguistic constructions about time},
	year = {2005}}

@inproceedings{debeule06emergence,
	address = {Singapore},
	author = {De Beule, Joachim and Bergen, Benjamin K.},
	booktitle = {The Evolution of Language},
	editor = {Cangelosi, A. and Smith, A. and Smith, K.},
	publisher = {World Scientific},
	title = {On the Emergence of Compositionality},
	year = {2006}}
	
@inproceedings{debeule06cross,
  author={De Beule, Joachim and De Vylder, Bart and Belpaeme, Tony},
  title={A Cross-Situational Learning Algorithm for Damping Homonymy in the Guessing Game},
  year={2006},
  pages={466--472},
  editor={Rocha, Luis M. and Yaeger, Larry S. and Bedau, Mark A. and Floreano, Dario and Goldstone, Robert L. and Vespignani, Alessandro},
  publisher={MIT Press},
  booktitle={Artificial Life X}}

@phdthesis{debeule07compositionality,
	author = {De Beule, Joachim},
	School = {Vrije Universiteit Brussel},
	title = {Compositionality, Hierarchy and Recursion in Language. A Case Study in {F}luid {C}onstruction {G}rammar},
	year = {2007}}

@inproceedings{debeule08emergence,
	author = {De Beule, Joachim},
	title = {The Emergence of Compositionality, Hierarchy and Recursion in Peer-to-Peer Interactions},
	booktitle = {The Evolution of Language. Proceedings of the 7th International Conference ({{EVOLANG}} 7)},
	editor = {Smith, Andrew D.M. and Smith, Kenny and Ferrer i Cancho, Ramon},
	address = {Singapore},
	publisher = {World Scientific Press},
	pages = {75--82},
	year = {2008}}

@article{deboer00self,
	author = {de Boer, Bart},
	journal = {Journal of Phonetics},
	Number = {4},
	pages = {441--465},
	title = {Self Organization in Vowel Systems},
	volume = {28},
	year = {2000}}

@phdthesis{deboer99self,
	author = {de Boer, Bart},
	title = {Self-organisation in Vowel Systems},
	School = {Vrije Universiteit Brussel},
	address = {Brussels},
	year = {1999}}
	
@book{dejonghe90nederlands,
	address = {Lier},
	editor = {de Jonghe, H. and de Geest, W.},
	publisher = {Van In},
	title = {Nederlands, Je Taal},
	year = {1990}}

@phdthesis{depauw02grael,
	author = {De Pauw, Guy},
	title = {An Agent-Based Evolutionary Computing Approach to Memory-Based Syntactic Parsing of Natural Language},
	School = {Universiteit van Antwerpen},
	year = {2002},
	address = {Antwerp}}

@book{deutscher05unfolding,
	author = {Deutscher, Guy},
	title = {The Unfolding of Language. An Evolutionary Tour of Mankind's Greatest Invention},
	publisher = {Metropolitan},
	year = {2005},
	address = {New York}}

@article{Vylder:2006,
	author = {De Vylder, B.  and Tuyls, K.},
	title = {How to reach linguistic consensus: A proof of convergence for the naming game}, 
	journal = {Journal  of Theoretical Biology},
	volume = {242},
	Number = {4},
	pages = {818--831},
	month = {10},
	year = {2006}}

@phdthesis{devylder07evolution,
	author = {De Vylder, Bart},
	title = {The Evolution of Conventions in Multi-Agent Systems},
	School = {Vrije Universiteit Brussel},
	year = {2007},
	address = {Brussels}}

@article{diessel00development,
	author = {Diessel, Holger and Tomasello, Michael},
	journal = {Cognitive Linguistics},
	volume = {11},
	pages = {131--152},
	title = {The Development of Relative Constructions in Early Child Speech},
	year = {2000}}

@incollection{diessel05wals,
	address = {Oxford},
	author = {Diessel, Holger},
	booktitle = {The World Atlas of Language Structures},
	editor = {Haspelmath, Martin and Dryer, Matthew S. and Gil, David and Comrie, Bernard},
	pages = {170--173},
	publisher = {Oxford University Press},
	title = {Distance Contrasts in Demonstratives},
	year = {2005}}

@article{diessel06demonstratives,
	author = {Diessel, Holger},
	journal = {Cognitive Linguistics},
	Note = {to appear},
	title = {Demonstratives, Joint Attention, and the Evolution of Grammar},
	year = {2006}}

@book{diessel99demonstratives,
	address = {Amsterdam},
	author = {Diessel, Holger},
	publisher = {John Benjamins},
	series = {Typological Studies in Language 42},
	title = {Demonstratives: Form, Function, and Grammaticalization},
	year = {1999}}

@book{dik97functional,
	address = {Berlin},
	author = {Dik, Simon},
	publisher = {Mouton de Gruyter},
	title = {The Theory of Functional Grammar},
	year = {1997}}

@book{dinsmore92symbolic,
	editor = {Dinsmore, John},
	publisher = {Lawrence Erlbaum Associates},
	title = {The Symbolic and Connectionist Paradigms: Closing the Gap},
	year = {1992}}

@book{doke27zulu,
	address = {Cape Town},
	author = {Doke, Clement M.},
	Note = {Previously published in 1927 by the University of Witwatersrand},
	publisher = {Maskew Miller Longman},
	title = {Textbook of Zulu Grammar},
	year = {1992}}

@article{dominey00conceptual,
	author = {Dominey, Peter F.},
	journal = {Evolution of Communication},
	Number = {1},
	pages = {57--85},
	title = {Conceptual Grounding in Simulation Studies of Language Acquisition},
	volume = {4},
	year = {2000}}

@article{dominey05emergence,
	author = {Dominey, Peter Ford},
	title = {Emergence of Grammatical Constructions: Evidence from Simulation and Grounded Agent Experiments},
	journal = {Connection Science},
	volume = {17},
	pages = {289--306},
	year = {2005}}

@article{Dowman:2006,
	author = {Dowman, M. and Kirby, S. and Griffiths, T. L.},
	title = {Innateness and Culture in the Evolution of Language},
	editor = {Cangelosi, A. and Smith, A. and Smith, K.},
	booktitle = {The Evolution of Language: Proceedings of the 6th International Conference on the Evolution of Language},
	publisher = {World Scientific Press},
	year = {2006},
	address = {Singapore}}

@book{dowty79word,
	author = {Dowty, David},
	title = {Word Meaning and Montague Grammar},
	address = {Dordrecht},
	publisher = {Reidel},
	year = {1979}}

@article{dowty91thematic,
	author = {Dowty, David},
	journal = {Language},
	pages = {547--619},
	title = {Thematic Proto-roles and Argument Selection},
	volume = {67},
	year = {1991}}

@incollection{dryer97are,
	address = {Amsterdam},
	author = {Dryer, Matthew S.},
	booktitle = {Essays on Language Function and Language Type: Dedicated to T. Givon},
	editor = {Bybee, Joan and Haiman, John and Thompson, Sandra},
	pages = {115--143},
	publisher = {John Benjamins},
	title = {Are Grammatical Relations Universal?},
	year = {1997}}

@inproceedings{dueffert03germanteam,
	address = {Fukuoka, Japan},
	author = {D{\"u}ffert, Uwe and J{\"u}ngel, Matthias and Laue, Tim and L{\"o}tzsch, Martin and Risler, Max and R{\"o}fer, Thomas},
	booktitle = {RoboCup 2002: Robot Soccer World Cup VI},
	editor = {Kaminka, Gal A. and Lima, Pedro U. and Rojas, Ra{\'u}l},
	Note = {more detailed in GermanTeam RoboCup 2002. Technical Report (178 pages, http://www.tzi.de/kogrob/papers/GermanTeam2002.pdf)},
	publisher = {Springer},
	series = {Lecture Notes in Artificial Intelligence},
	title = {GermanTeam 2002},
	number = {2752},
	year = {2003}}

@proceedings{ecal07,
	address = {Berlin},
	editor = {Almeida e Costa, Fernando and Rocha, Luis M. and Costa, Ernesto and Harvey, Inman},
	publisher = {Springer-Verlag},
	series = {LNAI 4648},
	title = {Proceedings of the Ninth ECAL},
	year = {2007}}

@book{erneling05mind,
	editor = {Erneling, Christina E. and Johnson, David M.},
	publisher = {Oxford University Press},
	title = {The Mind As a Scientific Object: Between Brain and Culture},
	year = {2005}}

@article{evans09myth,
	author = {Evans, Nicholas and Levinson, Stephen},
	title = {The Myth of Language Universals: Language Diversity and Its Importance for Cognitive Science},
	journal = {Behavioral and Brain Sciences},
	volume = {32},
	Number = {5},
	pages = {472--484},
	year = {2009}}

@article{fanego04reanalysis,
	author = {Fanego, Teresa},
	journal = {Diachronica},
	Number = {21},
	pages = {5--55},
	title = {On Reanalysis and Actualization in Syntactic Change: The Rise and Development of {E}nglish Verbal Gerunds},
	volume = {21},
	year = {2004}}
	
@article{fay10interactive,
	author = {Fay, Nicolas and Garrod, Simon and Roberts, Leo and Swoboda, Nik},
	title = {The Interactive Evolution of Human Communication Systems},
	year = {in press},
	journal = {Cognitive Science}}

@incollection{fernandez99leismo,
	author = {Fern\'andez-Ord\'o\~nez, Ines},
	year = {1999},
	title = {Le\'ismo, La\'ismo, lo\'ismo: Estado de la Cuesti\'on},
	editor = {Bosque, I. and Demonte, V.},
	booktitle = {Gram\'atica Descriptiva de la Lengua Espa\~nola},
	address = {Madrid},
	publisher = {RAE -- Espasa Calpe},
	volume = {I},
	pages = {1319--1390}}

@incollection{fillmore03case,
	address = {Stanford},
	author = {Fillmore, Charles J.},
	booktitle = {Form and Meaning in Language},
	editor = {Fillmore, Charles J.},
	Note = {(First printed in 1968)},
	pages = {23--122},
	publisher = {CSLI Publications},
	title = {The Case for Case},
	volume = {Volume 1: Papers on Semantic Roles},
	year = {2003}}

@book{fillmore03form,
	address = {Stanford},
	author = {Fillmore, Charles J.},
	publisher = {CSLI Publications},
	title = {Form and Meaning in Language},
	volume = {Volume 1: Papers on Semantic Roles},
	year = {2003}}

@incollection{fillmore03grammar,
	address = {Stanford},
	author = {Fillmore, Charles J.},
	booktitle = {Form and Meaning in Language},
	editor = {Fillmore, Charles J.},
	Note = {(First printed in 1970)},
	pages = {123--139},
	publisher = {CSLI Publications},
	title = {The Grammar of Hitting and Breaking},
	volume = {Volume 1: Papers on Semantic Roles},
	year = {2003}}

@incollection{fillmore03reopened,
	address = {Stanford},
	author = {Fillmore, Charles J.},
	booktitle = {Form and Meaning in Language},
	editor = {Fillmore, Charles J.},
	Note = {(First printed in 1977)},
	pages = {175--200},
	publisher = {CSLI Publications},
	title = {The Case for Case Reopened},
	volume = {Volume 1: Papers on Semantic Roles},
	year = {2003}}

@book{fillmore08construction,
	author = {Fillmore, Charles J. and Kay, Paul and Michaelis, Laura and Sag, Ivan},
	title = {Construction Grammar},
	address = {Chicago},
	publisher = {Chicago University Press},
	Note = {Unpublished manuscript. Chapter 7 available online at \url{http://lingo.stanford.edu/sag/SBCG/7.pdf}. Last accessed on 1 May 2008},
	year = {unpubl.}}

@incollection{fillmore68case,
	address = {New York},
	author = {Fillmore, Charles},
	booktitle = {Universals in Linguistic Theory},
	editor = {Bach, E. and Harms, R.},
	pages = {1--88},
	publisher = {Holt, Rhinehart and Winston},
	title = {The Case for Case},
	year = {1968}}

@incollection{fillmore70grammar,
	address = {Waltham, MA},
	author = {Fillmore, Charles},
	booktitle = {Readings in {E}nglish Transformational Grammar},
	editor = {Jacobs, R.A. and Rosenbaum, P.S.},
	pages = {120--133},
	publisher = {Ginn},
	title = {The Grammar of Hitting and Breaking},
	year = {1970}}

@incollection{fillmore77case,
	address = {New York},
	author = {Fillmore, Charles J.},
	booktitle = {Grammatical Relations},
	editor = {Cole, Peter and Sadock, Jerrold M.},
	pages = {59--82},
	publisher = {Academic},
	series = {Syntax and Semantics},
	title = {The Case for Case Reopened},
	number = {8},
	year = {1977}}

@incollection{fillmore77scenes,
	author = {Fillmore, Charles J.},
	title = {Scenes-and-frames semantics},
	editor = {Zampolli, A.},
	booktitle = {Linguistic Structures Processing},
	address = {Amsterdam},
	publisher = {North-Holland},
	pages = {55--81}}

@article{fillmore88regularity,
	author = {Fillmore, Charles J. and Kay, Paul and O'Connor, Mary Kay},
	title = {Regularity and Idiomaticity in Grammmatical Constructions: the Case of {\em let alone}},
	journal = {Language},
	volume = {64},
	pages = {501--538},
	year = {1988}}
	
@inproceedings{fischer01communicative,
	author = {Fischer, Kerstin and Moratz, Reinhard},
	booktitle = {Proceedings of the First International Workshop on Epigenetic Robotics: Modeling Cognitive Development in Robotic Systems},
	editor = {Balkenius et al, Christian},
	series = {Lund University Cognitive Studies},
	title = {From Communicative Strategies to Cognitive Modelling},
	number = {85},
	year = {2001}}

@article{fitch05evolution,
	author = {Fitch, W.T. and Hauser, M.D. and Chomsky, N.},
	journal = {Cognition},
	title = {The Evolution of the Language Faculty: Clarifications and Implications},
	volume = {97},
	Number = {2},
	pages = {179--210},
	year = {2005}}

@incollection{flavell92perspectives,
	address = {Hillsdale, NJ.},
	author = {Flavell, John H.},
	booktitle = {Piaget's Theory: Prospects and Possibilities},
	editor = {Beilin, Harry and Pufall, Peter B.},
	pages = {107--139},
	publisher = {Erlbaum},
	title = {Perspectives on Perspective Taking},
	year = {1992}}

@article{flickinger00on,
	author = {Flickinger, Daniel P.},
	title = {On Building a More Efficient Grammar By Exploiting Types},
	journal = {Natural Language Engineering},
	volume = {6},
	Number = {1},
	pages = {15--28},
	year = {2000}}

@book{fogel66artificial,
	address = {New York},
	author = {Fogel, L.J. and Owens, A.J. and Walsh, M.J.},
	publisher = {John Wiley},
	title = {Artificial Intelligence through Simulated Evolution},
	year = {1966}}

@article{fong03survey,
	author = {Fong, Terrence and Nourbakhsh, Illah and Dautenhahn, Kerstin},
	journal = {Robotics and Autonomous Systems},
	title = {A Survey of Socially Interactive Robots},
	volume = {42},
	year = {2002}}

@book{francez12unification,
	author = {Francez, Nissim and Wintner, Shuly},
	title = {Unification Grammars},
	address = {Cambridge},
	publisher = {Cambridge University Press},
	year = {2012}}

@book{francis82frequency,
	address = {Boston, MA},
	author = {Francis, N. and Kucera, H.},
	publisher = {Hoghton Mifflin},
	title = {Frequency Analysis of {E}nglish Usage: Lexicon and Grammar},
	year = {1982}}

@article{french02computational,
	author = {French, Robert M.},
	journal = {Trends in Cognitive Sciences},
	Number = {5},
	pages = {200--205},
	title = {The Computational Modeling of Analogy-making},
	volume = {6},
	year = {2002}}

@book{fried04construction,
	address = {Amsterdam},
	editor = {Fried, Mirjam and {\"O}stman, Jan-Ola},
	publisher = {John Benjamins},
	title = {Construction Grammar in a Cross-Language Perspective},
	year = {2004}}

@incollection{fried04thumbnail,
	address = {Amsterdam},
	author = {Fried, Mirjam and {\"O}stman, Jan-Ola},
	booktitle = {Construction Grammar in a Cross-Language Perspective},
	editor = {Fried, Mirjam and {\"O}stman, Jan-Ola},
	pages = {11--86},
	publisher = {John Benjamins},
	title = {Construction Grammar: A Thumbnail Sketch},
	year = {2004}}

@article{fujita98development,
	author = {Fujita, Masahiro and Kitano, Hiroaki},
	journal = {Autonomous Robots},
	Number = {1},
	pages = {7--18},
	title = {Development of an Autonomous Quadruped Robot for Robot Entertainment},
	volume = {5},
	year = {1998}}
	
@inproceedings{Fujita:2003,
	author = {Fujita, M. and Kuroki, Y. and Ishida, T. and Doi, T.T.},
	year = {2003},
	title = {Autonomous behavior control architecture of entertainment humanoid  robot SDR-4X},
	booktitle = {Proceedings of the IEEE/RSJ International Conference on Intelligent Robots and Systems  (IROS '03)},
	pages = {960--967},
	volume = {1}, 
	address = {Las Vegas, Nevada}}

@article{galantucci05experimental,
	author = {Galantucci, Bruno},
	journal = {Cognitive Science},
	Number = {5},
	pages = {737--767},
	title = {An Experimental Study of the Emergence of Human Communication Systems},
	volume = {29},
	year = {2005}}

@article{galantucci10experimental,
	author = {Galantucci, Bruno and Garrod, Simon},
	title = {Experimental Semiotics: A New Approach for Studying the Emergence and the Evolution of Human Communication},
	journal = {Interaction Studies},
	pages = {1--13},
	year = {2010},
	volume = {11},
	Number = {1}}

@book{gardenfors00conceptual-spaces,
	author = {G{\"a}rdenfors, Peter},
	publisher = {MIT Press},
	series = {A Bradford Book},
	title = {Conceptual Spaces: The Geometry of Thought},
	year = {2000}}

@inproceedings{gardenfors01reasoning,
	address = {Seattle, Washington},
	author = {G{\"a}rdenfors, Peter and Williams, Mary-Anne},
	booktitle = {Proceedings of the Seventeenth International Joint Conference on Artificial Intelligence, IJCAI 2001},
	editor = {Nebel, Bernhard},
	month = {8},
	pages = {385--392},
	publisher = {Morgan Kaufmann},
	title = {Reasoning about Categories in Conceptual Spaces},
	year = {2001}}

@article{gardenfors01slicing,
	author = {G{\"a}rdenfors, Peter},
	journal = {Danish Yearbook for Philosophy},
	pages = {7--34},
	title = {Slicing the Theory of Mind},
	volume = {36},
	year = {2001}}

@incollection{gardenfors04cooperation,
	address = {Cambridge, MA},
	author = {G{\"a}rdenfors, Peter},
	booktitle = {Evolution of Communication Systems: A Comparative Approach},
	editor = {Oller, D. Kimbrough and Griebel, Ulrike},
	pages = {237--256},
	publisher = {MIT Press},
	title = {Cooperation and the Evolution of Symbolic Communication},
	year = {2004}}

@incollection{gardenfors05detachment,
	author = {G{\"a}rdenfors, Peter},
	booktitle = {The Mind As a Scientific Object: Between Brain and Culture},
	editor = {Erneling, Christina E. and Johnson, David M.},
	publisher = {Oxford University Press},
	title = {The Detachment of Thought},
	year = {2005}}

@article{gardenfors99cognitive-science,
	author = {G{\"a}rdenfors, Peter},
	journal = {Human IT},
	Number = {2},
	title = {Cognitive Science: From Computers to Anthills as Models of Human Thought},
	volume = {3},
	year = {1999}}
	
@article{Garrod:1987,
	author = {Garrod, S. and Anderson, A.},
	title = {Saying What You Mean in Dialogue: A Study in Conceptual and Semantic Coordination},
	journal = {Cognition},
	volume = {27},
	pages = {181--218},
	year = {1987}}	

@article{garrod10can,
	author = {Garrod, Simon and Fay, Nicolas and Rogers, Shane and Walker, Bradley and Swoboda, Nik},
	title = {Can Iterated Learning Explain the Emergence of Graphical Symbols?},
	journal = {Interaction Studies},
	volume = {11},
	Number = {1},
	pages = {52--69},
	year = {2010}}

@book{gazdar85gpsg,
	author = {Gazdar, Gerald and Klein, Ewan H. and Pullum, Geoffrey K. and Sag, Ivan A.},
	title = {{Generalized Phrase Structure Grammar}},
	address = {Oxford/Cambridge, MA},
	publisher = {Blackwell/Harvard University Press},
	year = {1985}}

@book{george71malayalam,
	address = {Kottayam},
	author = {George, K.M.},
	publisher = {National Book Stall},
	title = {Malayalam Grammar and Reader},
	year = {1971}}
	
@inproceedings{gerasymova09aspectual,
	author = {Gerasymova, Kateryna and Steels, Luc and {van Trijp}, Remi},
	title = {Aspectual Morphology of Russian Verbs in {F}luid {C}onstruction {G}rammar},
	booktitle = {Proceedings of the 31th Annual Conference of the Cognitive Science Society},
	editor = {Taatgen, N.A. and {van Rijn}, H.},
	publisher = {Cognitive Science Society},
	year = {2009}}

@inproceedings{gerasymova10whole,
	author = {Gerasymova, Kateryna and Spranger, Michael},
	title = {A Whole Systems Approach to Russian Grammar},
	year = {under review}}

@article{geurts00explaining,
	author = {Geurts, Bart},
	journal = {Linguistics},
	pages = {1175--1180},
	title = {Explaining Grammaticalization (the Standard Way)},
	volume = {38},
	year = {2000}}

@inproceedings{gil08how,
	author = {Gil, David},
	title = {How Much Grammar Does it Take to Sail a Boat? (Or, What can Material Artifacts Tell Us about the Evolution of Language},
	booktitle = {The Evolution of Language. Proceedings of the 7th International Conference ({{EVOLANG}} 7)},
	editor = {Smith, Andrew D.M. and Smith, Kenny and Ferrer i Cancho, Ramon},
	address = {Singapore},
	publisher = {World Scientific Press},
	pages = {123--130},
	year = {2008}}

@incollection{gillis97acquisition,
	address = {Vienna},
	author = {Gillis, Steven},
	booktitle = {Studies in Pre- and Protomorphology},
	editor = {Dressler, W.},
	pages = {165--179},
	publisher = {Verlag der \"{O}sterreichischen Akademie der Wissenschaften},
	title = {The Acquisition of Diminutives in {D}utch},
	year = {1997}}

@book{gillis98studies,
	address = {Antwerp},
	editor = {Gillis, Steven},
	publisher = {University of Antwerp},
	series = {Antwerp Papers in Linguistics},
	volume = {95},
	title = {Studies in the Acquisition of Number and Diminutive Marking},
	year = {1998}}

@book{ginzburg00interrogative,
	author = {Ginzburg, Jonathan and Sag, Ivan A.},
	title = {Interrogative Investigations: the Form, the Meaning, and Use of English Interrogatives},
	address = {Stanford},
	publisher = {CSLI Publications},
	year = {2000}}

@book{givon97grammatical,
	address = {Amsterdam},
	publisher = {John Benjamins},
	editor = {Giv\'{o}n, Talmy},
	title = {Grammatical Relations: A Functional Perspective},
	number = {35},
	series = {Typological Studies in Language},
	year = {1997}}

@incollection{givon97introduction,
	address = {Amsterdam},
	publisher = {John Benjamins},
	author = {Giv\'{o}n, Talmy},	
	editor = {Giv\'{o}n, Talmy},
	title = {Grammatical Relations: An Introduction},
	booktitle = {Grammatical Relations: A Functional Perspective},
	number = {35},
	series = {Typological Studies in Language},
	pages = {1--84},
	year = {1997}}

@book{givon01syntax,
	address = {Amsterdam},
	publisher = {John Benjamins},
	author = {Giv\'{o}n, Talmy},
	title = {Syntax},
	volume = {1},
	year = {2001}}

@book{gleason65linguistics,
	address = {New York},
	author = {Gleason, Henry A.},
	publisher = {Holt, Rinehart and Winston},
	title = {Linguistics and {E}nglish Grammar},
	year = {1965}}

@book{Goffman:1974,
	author = {Goffman, Erving},
	year = {1974},
	title = {Frame Analysis: An Essay on the Organization of Experience},
	address = {New York},
	publisher = {Harper  and Row}}

@article{goldberg03constructions,
	author = {Goldberg, Adele E.},
	journal = {Trends in Cognitive Science},
	pages = {219--224},
	title = {Constructions: A New Theoretical Approach to Language},
	volume = {7},
	Number = {5},
	month = {5},
	year = {2003}}

@article{goldberg04english,
	author = {Goldberg, Adele E. and Jackendoff, Ray},
	title = {The English Resultative as a Family of Constructions},
	journal = {Language},
	volume = {80},
	Number = {3},
	year = {2004},
	pages = {532--568}}

@article{goldberg04learning,
	author = {Goldberg, Adele E. and Casenhiser, Devin M. and Sethuraman, Nitya},
	journal = {Cognitive Linguistics},
	Number = {3},
	pages = {289--316},
	title = {Learning Argument Structure Generalizations},
	volume = {15},
	year = {2004}}

@article{goldberg05end,
	author = {Goldberg, Adele E. and Jackendoff, Ray},
	title = {The End Result(ative)},
	journal = {Language},
	volume = {81},
	Number = {2},
	year = {2005},
	pages = {474--477}}

@book{goldberg06constructions,
	address = {Oxford},
	author = {Goldberg, Adele E.},
	publisher = {Oxford University Press},
	title = {Constructions At Work: The Nature of Generalization in Language},
	year = {2006}}

@book{goldberg95construction,
	address = {Chicago},
	author = {Goldberg, Adele E.},
	publisher = {Chicago UP},
	title = {A Construction Grammar Approach to Argument Structure},
	year = {1995}}

@inproceedings{gonzalez-banos02real-time,
	address = {Washington DC, USA},
	author = {Gonz{\'a}lez-Ba{\~n}os, Hector H. and Lee, Cheng-Yu and Latombe, Jean-Claude},
	booktitle = {IEEE International Conference on Robotics and Automation},
	month = {5},
	title = {Real-time Combinatorial Tracking of a Target Moving Unpredictably Among Obstacles},
	year = {2002}}

@article{gould82exaptation,
	author = {Gould, S.J. and Vrba, E.S.},
	journal = {Paleobiology},
	pages = {4--15},
	title = {Exaptation. {A} Missing Term in the Science of Form},
	volume = {8},
	year = {1982}}

@incollection{grice75logic,
	address = {New York},
	author = {Grice, H.P.},
	booktitle = {Syntax and Semantics: Speech Acts. Volume 3},
	editor = {Cole, P. and Morgan, J.L.},
	pages = {41--58},
	publisher = {Academic},
	title = {Logic and Conversation},
	year = {1975}}

@book{gruber76lexical,
	author = {Gruber, Jeffrey S.},
	title = {Lexical Structures in Syntax and Semantics},
	series = {North-Holland Linguistic Series},
	number = {25},
	address = {Amsterdam},
	publisher = {North-Holland},
	year = {1976},
	Notes = {Originally written in 1965}}

@inproceedings{hafner04learning,
	author = {Hafner, Verena and Kaplan, Fr{\'e}d{\'e}ric},
	booktitle = {Proceedings of the KI2004 Workshop on Neurobotics},
	editor = {Palm, G. and Wermter, S.},
	title = {Learning to interpret pointing gestures: experiments with four-legged autonomous robots},
	year = {2004}}

@book{halliday94functional,
	address = {Amsterdam},
	author = {Halliday, Michael A.K.},
	publisher = {John Benjamins},
	title = {An Introduction to Functional Grammar},
	year = {1994}}

@article{harnad90symbolgrounding,
	author = {Harnad, Stevan},
	journal = {Physica D},
	pages = {335--346},
	title = {The Symbol Grounding Problem},
	volume = {42},
	year = {1990}}

@book{harris95historical,
	address = {Cambridge},
	author = {Harris, Alice and Campbell, Lyle},
	publisher = {Cambridge University Press},
	title = {Historical Syntac in Cross-Linguistic Perspective},
	year = {1995}}

@incollection{haspelmath03geometry,
	address = {Mahwah, New Jersey},
	author = {Haspelmath, Martin},
	booktitle = {The New Psychology of Language},
	editor = {Tomasello, Michael},
	pages = {211--242},
	publisher = {Lawrence Erlbaum},
	title = {The Geometry of Grammatical Meaning: Semantic Maps and Cross-Linguistic Comparison},
	volume = {2},
	year = {2003}}

@article{haspelmath04explaining,
	author = {Haspelmath, Martin},
	journal = {Constructions},
	title = {Explaining the Ditransitive Person-Role Constraint: A Usage-Based Account},
	volume = {2},
	year = {2004}}

@article{haspelmath05argument,
	author = {Haspelmath, Martin},
	journal = {Linguistic Discovery},
	Number = {1},
	pages = {1--21},
	title = {Argument Marking in Ditransitive Alignment Types},
	volume = {3},
	year = {2005}}

@article{haspelmath06simulating,
	author = {Haspelmath, Martin and Siegmund, Sven},
	journal = {Linguistic Typology},
	Number = {1},
	pages = {74--82},
	title = {Simulating the Replication of Some of Greenberg's Word Order Generalizations},
	volume = {10},
	year = {2006}}

@article{haspelmath07categories,
	author = {Haspelmath, Martin},
	journal = {Linguistic Typology},
	Number = {1},
	pages = {119--132},
	title = {Pre-Established Categories Don't Exist},
	volume = {11},
	year = {2007}}

@incollection{haspelmath09case,
	Author= {Haspelmath, Martin},
	title = {Terminology of Case},
	editor = {Malchukov, Andrej and Spencer, Andrew},
	booktitle = {Handbook of Case},
	address = {Oxford},
	publisher = {Oxford University Press},
	pages = {505--517},
	year = {2009}}

@article{haspelmath90grammaticization,
	author = {Haspelmath, Martin},
	journal = {Studies in Language},
	Number = {1},
	pages = {25--71},
	title = {The Grammaticization of Passive Morphology},
	volume = {14},
	year = {1990}}

@book{haspelmath97spacetime,
	address = {Munich},
	author = {Haspelmath, Martin},
	publisher = {Lincom Europa},
	series = {Lincom Studies in Theoretical Linguistics 3},
	title = {From Space to Time: Temporal Adverbials in the World's Languages},
	year = {1997}}

@article{haspelmath98does,
	author = {Haspelmath, Martin},
	journal = {Studies in Language},
	Number = {3},
	pages = {315--350},
	title = {Does Grammaticalization Need Reanalysis?},
	volume = {20},
	year = {1998}}

@article{haspelmath99why,
	author = {Haspelmath, Martin},
	journal = {Linguistics},
	Number = {6},
	pages = {1043--1068},
	title = {Why is Grammaticalization Irreversible?},
	volume = {37},
	year = {1999}}

@book{hawkin88brief,
	author = {Hawkin, Stephen},
	title = {A Brief History of Time. From the Big Bang to Black Holes},
	publisher = {Bantam Books},
	address = {London},
	year = {1988},
	Note = {Introduction by Carl Sagan}}

@article{hauser02faculty,
	author = {Hauser, Marc D. and Chomsky, Noam and Fitch, W. Tecumseh},
	journal = {Science},
	month = {11},
	pages = {1569--1579},
	title = {The Faculty of Language: What Is It, Who Has It, and How Did It Evolve?},
	volume = {298},
	year = {2002}}

@article{healy02graphical,
	author = {Healy, P. and Swoboda, M. and Katagiri, I.},
	journal = {International Journal of Human-Computer Studies},
	pages = {375--395},
	title = {Graphical Representation in Graphical Dialogue},
	volume = {57},
	year = {2002}}

@book{hickmann06space,
	address = {Amsterdam},
	editor = {Hickmann, Maya and Robert, St{\'e}phane},
	publisher = {John Benjamins},
	series = {Typological Studies in Language 66},
	title = {Space in Languages},
	year = {2006}}

@book{heine91grammaticalization,
	address = {Chicago},
	author = {Heine, Bernd and Claudi, Ulrike and H\"{u}nnemeyer, Friederike},
	publisher = {University of Chicago Press},
	title = {Grammaticalization: A Conceptual Framework},
	year = {1991}}

@book{hock91principles,
	address = {Berlin},
	author = {Hock, H.H.},
	publisher = {Mouton de Gruyter},
	title = {Principles of Historical Linguistics},
	year = {1991}}

@book{heine97cognitive,
	author = {Heine, Bernd},
	title = {The Cognitive Foundations of Grammar},
	publisher = {Oxford University Press},
	address = {Oxford},
	year = {1997}}

@inproceedings{hoffmann05vision,
	address = {Lisbon, Portugal},
	author = {Hoffmann, Jan and J{\"u}ngel, Matthias and L{\"o}tzsch, Martin},
	booktitle = {RoboCup 2004: Robot Soccer World Cup VIII},
	editor = {Nardi, Daniele and Riedmiller, Martin and Sammut, Claude and Santos-Victor, Jos{\'e}},
	pages = {418--425},
	publisher = {Springer},
	series = {Lecture Notes in Artificial Intelligence},
	title = {A Vision Based System for Goal-Directed Obstacle Avoidance},
	number = {3276},
	year = {2005}}

@inproceedings{hoefler08reanalysis,
	author = {Hoefler, Stefan and Smith, Andrew D.M.},
	title = {Reanalysis vs Metaphor: What Grammaticalisation CAN Tell Us About Language Evolution},
	booktitle = {The Evolution of Language. Proceedings of the 7th International Conference ({EVOLANG} 7)},
	editor = {Smith, Andrew D.M. and Smith, Kenny and Ferrer i Cancho, Ramon},
	address = {Singapore},
	publisher = {World Scientific Press},
	pages = {34--41},
	year = {2008}}

@article{hopper87emergent,
	author = {Hopper, Paul},
	journal = {BLC},
	pages = {139--157},
	title = {Emergent Grammar},
	volume = {13},
	year = {1987}}

@incollection{Hopper:1991,
	author = {Hopper, Paul},
	title = {Emergent Grammar},
	editor = {Traugott, Elizabeth Closs and Heine, Bernd},
	booktitle = {Approaches to Grammaticalization},
	publisher = {John Benjamins},
	address = {Amsterdam},
	year = {1991}}

@book{hopper93grammaticalization,
	author = {Hopper, Paul and Traugott, Elizabeth Closs},
	title = {Grammaticalization},
	address = {Cambridge},
	publisher = {Cambridge University Press},
	year = {1993}}

@book{horn89natural,
	address = {Chicago},
	author = {Horn, L.R.},
	publisher = {Chicago University Press},
	title = {A Natural History of Negation},
	year = {1989}}

@book{howe96personal,
	author = {Howe, Stephen},
	title = {The Personal Pronouns in the Germanic Languages. A Study of Personal Pronoun Morphology and Change in the Germanic Languages from the first Records to the Present Day},
	series = {Studia Germanistica Germanica 43},
	address = {Berlin},
	year = {1996},
	publisher = {{d}e Gruyter}}

@book{hull01science,
	address = {Cambridge},
	author = {Hull, David},
	publisher = {Cambridge University Press},
	title = {Science and Selection: Essays on Biological Evolution and the Philosophy of Science},
	year = {2001}}

@book{hull88science,
	address = {Chicago},
	author = {Hull, David},
	publisher = {Chicago University Press},
	title = {Science as a Process: An Evolutionary Account of the Social and Conceptual Development of Science},
	year = {1988}}

@book{hurford97approaches,
	address = {Edinburgh},
	editor = {Hurford, James R. and Studdert-Kennedy, Michael and Knight, Chris},
	publisher = {Edinburgh University Press},
	title = {Approaches to the Evolution of Language: Social and Cognitive Bases},
	year = {1998}}

@article{hurford89biological,
	author = {Hurford, James},
	journal = {Lingua},
	Number = {2},
	pages = {187--222},
	title = {Biological Evolution of the Saussurean Sign as a Component of the Language Acquisition Device},
	volume = {77},
	year = {1989}}

@article{iachini03role,
	author = {Iachini, Tina and Logie, Robert H.},
	journal = {Applied Cognitive Psychology},
	Number = {6},
	pages = {715--732},
	title = {The Role of Perspective in Locating Position in a Real-World, Unfamiliar Environment},
	volume = {17},
	year = {2003}}

@incollection{iggeson05case,
   author = {Iggesen, Oliver A.},
   title = {Number of Cases},
   pages = {202--205},
	booktitle = {The World Atlas of Language Structures},
	editor = {Haspelmath, Martin and Dryer, Matthew S. and Gil, David and Comrie, Bernard},
	publisher = {Oxford University Press},
	year = {2005}}


@inproceedings{ikegamiIizuka:2003,
	author = {Ikegami, T. and Iizuka, H.},
	year = {2003}, 
	title = {Joint Attention and Dynamics Repertoire in Coupled Dynamical Recognizers},
	booktitle = {Simulation of Adaptive Behavior Conference}}

@inproceedings{imai01physical,
	author = {Imai, Michita and Ono, Tetsuo and Ishiguro, Hiroshi},
	booktitle = {Proceedings of the 10th IEEE International Workshop on Robot and Human Communication},
	title = {Physical Relation and Expression: Joint Attention for Human-Robot Interaction},
	year = {2001}}

@inproceedings{ingria90limits,
	author = {Ingria, R.J.P.},
	year = {1990},
	title = {The Limits of Unification},
	booktitle = {Proceedings of the 28th Annual Meeting of the {ACL}},
	pages = {194--204}}

@book{iwata08locative,
	author = {Iwata, Seizi},
	year = {2008},
	title = {Locative Alternation: A Lexical-Constructional Approach},
	publisher = {John Benjamins},
	address = {Amsterdam},
	series = {Constructional Approaches to Language},
	number = {6}}

@book{jackendoff02foundations,
	address = {Oxford},
	author = {Jackendoff, Ray},
	publisher = {Oxford University Press},
	title = {Foundations of Language: Brain, Meaning, Grammar, Evolution},
	year = {2002}}

@article{jackendoff05nature,
	author = {Jackendoff, Ray and Pinker, Steven},
	journal = {Cognition},
	title = {The Nature of the Language Faculty and its Implications for the Evolution of Language (Reply to {F}itch, {H}auser, \& {C}homsky)},
	volume = {97},
	Number = {2},
	pages = {211--225},
	year = {2005}}

@book{jackendoff90semantic,
	address = {Cambridge, MA},
	author = {Jackendoff, Ray},
	publisher = {MIT Press},
	title = {Semantic Structures},
	year = {1990}}

@book{jackendoff97architecture,
	address = {Cambridge MA},
	author = {Jackendoff, Ray},
	publisher = {MIT Press},
	series = {Linguistic Inquiry Monograph},
	number = {28},
	title = {The Architecture of the Language Faculty},
	year = {1997}}

@article{jaeger07case,
   author = {J\"{a}ger, Gerhard},
   title = {Evolutionary Game Theory and Typology: A Case Study},
   journal = {Language},
   volume = {83},
   Number = {1},
   year = {2007},
   pages = {74--109}}

@book{jacobs70readings,
	address = {Waltham, MA},
	editor = {Jacobs, R.A. and Rosenbaum, P.S.},
	publisher = {Ginn},
	title = {Readings in {E}nglish Transformational Grammar},
	year = {1970}}

@book{jespersen17negation,
	address = {Copenhagen},
	author = {Jespersen, Otto},
	publisher = {Munksgaard},
	title = {Negation in {E}nglish and Other Languages},
	year = {1917}}

@inproceedings{juengel04real-time,
	address = {Padova, Italy},
	author = {J{\"u}ngel, Matthias and Hoffmann, Jan and L{\"o}tzsch, Martin},
	booktitle = {RoboCup 2003: Robot Soccer World Cup VII},
	editor = {Polani, Daniel and Browning, Brett and Bonarini, Andrea},
	pages = {214--225},
	publisher = {Springer},
	series = {Lecture Notes in Artificial Intelligence},
	title = {A Real-Time Auto-Adjusting Vision System for Robotic Soccer},
	number = {3020},
	year = {2004}}

@book{jung89paez,
	address = {Osnabr{\"u}ck},
	author = {Jung, Ingrid},
	publisher = {University of Osnabr{\"u}ck},
	title = {Grammatik des Paez. Ein Abriss. PhD Thesis.},
	year = {1989}}

@book{jurafsky00speech,
	address = {New Jersey},
	author = {Jurafsky, Daniel and Martin, James H.},
	publisher = {Prentice Hall},
	title = {Speech and Language Processing. An Introduction to Natural Language Processing, Computational Linguistics, and Speech Recognition},
	year = {2000}}

@book{kailuweit04semantische,
	address = {T{\"u}bingen},
	editor = {Kailuweit, Rolf and Hummel, Martin},
	publisher = {Narr},
	title = {Semantische Rollen},
	year = {2004}}

@article{kaplan02robotic,
	author = {Kaplan, Fr{\'e}d{\'e}ric and Oudeyer, Pierre-Yves and Kubinyi, Enik{\"o} and Mikl{\'o}si, Ad{\'a}m},
	journal = {Robotics and Autonomous Systems},
	Number = {3-4},
	pages = {197--206},
	title = {Robotic Clicker Training},
	volume = {38},
	year = {2002}}

@inproceedings{kaplan04challenges,
	address = {Genoa, Italy},
	author = {Kaplan, Fr{\'e}d{\'e}ric and Hafner, Verena},
	booktitle = {Proceedings of the 4th International Workshop on Epigenetic Robotics: Modeling Cognitive Development in Robotic System},
	editor = {Prince, Christopher G. and Berthouze et al, Luc and Kozima, Hideki and Bullock, Daniel and Stojanov, Georgi and Balkenius, Christian},
	month = {8},
	pages = {67--74},
	series = {Lund University Cognitive Studies},
	title = {The Challenges of Joint Attention},
	number = {117},
	year = {2004}}

@incollection{kaplan04maximizing,
	author = {Kaplan, Fr{\'e}d{\'e}ric and Oudeyer, Pierre-Yves},
	booktitle = {Embodied Artificial Intelligence},
	editor = {Lida, F. and Pfeifer, R. and Steels, Luc and Kuniyoshi, Y.},
	pages = {259--270},
	publisher = {Springer},
	series = {Lecture Notes In Artificial Intelligence},
	title = {Maximizing learning progress: an internal reward system for development},
	number = {3139},
	year = {2004}}

@article{Kaplan:2005,
	author = {Kaplan, F.},
	year = {2005},
	title = {Simple Models of Distributed Co-Ordination}, 
	journal = {Connection Science}, 
	volume = {17},
	Number = {3-4},
	pages = {249--270}}

@article{kaplan06challenges,
	author = {Kaplan, Fr{\'e}d{\'e}ric and Haffner, Verena V.},
	journal = {Interaction Studies},
	Number = {2},
	pages = {129--134},
	title = {The Challenges of Joint Attention},
	volume = {7},
	year = {2006}}

@inproceedings{kaplan98architecture,
	author = {Kaplan, Fr{\'e}d{\'e}ric and McIntyre, Angus and Steels, Luc},
	booktitle = {Proceedings of {Sony Research Forum} 1998},
	title = {An Architecture for Evolving Robust Shared Communication Systems in Noisy Environments},
	year = {1998}}

@incollection{Kaplan82Bresnan,
	address = {Cambridge, MA},
	author = {Ronald M. Kaplan and Joan Bresnan},
	booktitle = {The Mental Representation of Grammatical Relations},
	Date-Modified = {2007-04-01 17:27:41 +0200},
	editor = {Joan Bresnan},
	Note = {Reprinted in Mary Dalrymple, Ronald M. Kaplan, John Maxwell, and Annie Zaenen, eds., {\em Formal Issues in Lexical-Functional Grammar}, 29--130. Stanford: CSLI Publications. 1995.},
	pages = {173--281},
	publisher = {The MIT Press},
	title = {{L}exical-{F}unctional {G}rammar: A formal system for grammatical representation},
	year = 1982
}

@inproceedings{karttunen84features,
	author = {Karttunen, L.},
	title = {Features and Values},
	booktitle = {Proceedings of the 10th International Conference on Computational Linguistics},
	address = {Stanford},
	year = {1984}}

@inproceedings{kathol95,
	author = {Kathol, Andreas and Pollard, Carl},
	title = {Extraposition via Complex Domain Formation},
	booktitle = {Proceedings of the 33rd Annual Meeting of the {Association for Computational Linguistics}},
	year = {1995},
	address = {Cambridge, MA},
	publisher = {Association for Computational Linguistics},
	pages = {174--180}}

@book{kathol04linear,
	author = {Kathol, Andreas},
	title = {Linear Syntax},
	year = {2004},
	address = {Oxford},
	publisher = {Oxford University Press}}

@inproceedings{kay79functional,
	author = {Kay, Martin},
	URL = {http://www.stanford.edu/class/linguist289/kay79.pdf},
	title = {Functional Grammar},
	booktitle = {Proceedings of the {Berkeley Linguistics Society}},
	publisher = {Berkeley Linguistics Society},
	address = {Berkeley, CA},
	year = {1979},
	pages = {142--158}}

@incollection{kay05argument,
	author = {Kay, Paul},
	title = {Argument Structure Constructions and the Argument-Adjunt Distinction},
	editor = {Fried, Miriam and Boas, Hans C.},
	booktitle = {Grammatical Constructions: Back to the Roots},
	publisher = {John Benjamins},
	address = {Amsterdam},
	pages = {71--98},
	year = {2005}}

@article{kay99grammatical,
	author = {Kay, Paul and Fillmore, Charles J.},
	journal = {Language},
	pages = {1--33},
	title = {Grammatical Constructions and Linguistic Generalizations: The What's {X} Doing {Y}? Construction},
	volume = {75},
	year = {1999}}

@article{Ke:2002,
	author = {Ke, J. and Minett, J. and Au, C.-P. and Wang, W.},
	year = {2002}, 
	title = {Self-organization and selection in the emergence of vocabulary}, 
	journal = {Complexity}, 
	volume = {7},
	Number = {3},
	pages = {41--54}} 

@article{keenan77noun,
	author = {Keenan, Edward and Comrie, Bernard},
	title = {Noun Phrase Accessibility and Universal Grammar},
	journal = {Linguistic Inquiry},
	volume = {8},
	Number = {1},
	pages = {63--99},
	year = {1977}}

@book{keller94invisible,
	author = {Keller, Roy},
	title = {On Language Change: The Invisible Hand in Language},
	publisher = {Routledge},
	year = {1994},
	address = {London}}

@article{keuleers07memory,
	author = {Keuleers, Emmanuel and Daelemans, Walter},
	title = {Memory-Based Learning Models of Inflectional Morphology: a Methodological Case Study},
	journal = {Lingue e Linguaggio},
	volume = {6},
	Number = {2},
	year = {2007},
	ages = {151--174}} 

@book{king69historical,
	address = {New York},
	author = {King, Robert D.},
	publisher = {Prentice Hall},
	title = {Historical Linguistics and Generative Grammar},
	year = {1969}}

@book{kirby99function,
   author = {Kirby, Simon},
   title = {Function, Selection, and Innateness: The Emergence of Language Universals},
   year = {1999},
   address = {Oxford},
   publisher = {OUP}}

@incollection{kirby00syntax,
	address = {Cambridge},
	author = {Kirby, Simon},
	booktitle = {The Evolutionary Emergence of Language: Social Function and the Origins of Linguistic Form},
	editor = {Knight, Chris and Hurford, James and Studdert-Kennedy, Michael},
	pages = {303--323},
	publisher = {Cambridge University Press},
	title = {Syntax without Natural Selection: How Compositionality Emerges from Vocabulary in a Population of Learners},
	year = {2000}}

@article{kirby01spontaneous,
	author = {Kirby, Simon},
	journal = {IEEE Transactions on Evolutionary Computation},
	Number = {2},
	pages = {102--110},
	title = {Spontaneous Evolution of Linguistic Structure: An Iterated Learning Model of the Emergence of Regularity and Irregularity},
	volume = {5},
	year = {2001}}

@incollection{kirby02emergence,
	address = {London},
	author = {Kirby, Simon and Hurford, James},
	booktitle = {Simulating the Evolution of Language},
	editor = {Cangelosi, Angelo and Parisi, Domenico},
	pages = {121--148},
	publisher = {Springer Verlag},
	title = {The Emergence of Linguistic Structure: An Overview of the Iterated Learning Model},
	year = {2002}}

@incollection{kirby03language,
	author = {Christiansen, Morten and Kirby, Simon},
	title = {Language Evolution: The Hardest Problem in Science?},
	booktitle = {Language Evolution},
	pages = {1--15},
	editor = {Christiansen, Morten and Kirby, Simon},
	address = {Oxford},
	publisher = {Oxford University Press},
	year = {2003}}

@article{kirby04from,
	author = {Kirby, Simon and Smith, Kenny and Brighton, Henry},
	journal = {Studies in Language},
	Number = {3},
	pages = {587--607},
	title = {From {UG} to Universals: Linguistic Adaptation through Iterated Learning},
	volume = {28},
	year = {2004}}

@article{kirby08cumulative,
	author = {Kirby, Simon and Cornish, Hannah and Smith, Kenny},
	title = {Cumulative Cultural Evolution in the Laboratory: An Experimental Approach to the Origins of Structure in Human Language},
	journal = {Proceedings of the National Academy of Sciences},
	month = {8},
	volume = {105},
	Number = {31},
	pages = {10681--10686},
	year = {2008}}
	
@incollection{kirby02learning,
	author = {Kirby, Simon},
	title = {Learning, Bottlenecks and the Evolution of Recursive Syntax},
	editor = {Briscoe, Ted},
	booktitle = {Linguistic Evolution through Language Acquisition: Formal and Computational Models},
	address = {Cambridge},
	publisher = {Cambridge University Press},
	year = {2002},
	pages = {173-204}}

@inproceedings{kirby99syntax,
	author = {Kirby, Simon},
	title = {Syntax out of Learning: The Cultural Evolution of Structured Communication in a Population of Induction Algorithms},
	editor = {Floreano, D. and Nicoud, J.D. and Mondada, F.},
	booktitle = {Advances in Artificial Life: {Proceedings of the 5th European Conference on Artificial Life}},
	publisher = {Springer},
	address = {Berlin},
	year = {1999},
	pages = {694--703}}

@inproceedings{kitano97robocup,
	address = {New York},
	author = {Kitano, Hiroaki and Asada, Minoru and Kuniyoshi, Yasuo and Noda, Itsuki and Osawa, Eiichi},
	booktitle = {Proceedings of the First International Conference on Autonomous Agents (Agents'97)},
	editor = {Johnson, W. Lewis and Hayes-Roth, Barbara},
	pages = {340--347},
	publisher = {ACM Press},
	title = {{RoboCup}: The Robot World Cup Initiative},
	year = {1997}}

@article{knight89unification,
	title = {Unification: A Multidisciplinary Survey},
	author = {Knight, Kevin},
	journal = {{ACM} Computing Surveys},
	volume = {21},
	Issue = {1},
	pages = {93--124},
	url = {http://www.stanford.edu/class/linguist289/unification-knight.pdf},
	year = {1989}}

@book{knight00evolutionary,
	address = {Cambridge},
	editor = {Knight, Chris and Hurford, James and Studdert-Kennedy, Michael},
	publisher = {Cambridge University Press},
	title = {The Evolutionary Emergence of Language: Social Function and the Origins of Linguistic Form},
	year = {2000}}

@inproceedings{komarova06population,
	author = {Komarova, Natalia L.},
	title = {Population Dynamics of Human Language: A Complex System},
	booktitle = {Frontiers of Engineering: Reports on Leading-Edge Engineering from the 2005 Symposium},
	publisher = {The National Academy Press},
	pages = {89--98},
	year = {2006}}

@article{kosko88bidirectional,
	author = {Kosko, Bart},
	journal = {IEEE Transactions on Systems, Man and Cybernetics},
	Number = {1},
	pages = {49--60},
	title = {Bidirectional Associative Memories},
	volume = {18},
	year = {1988}}

@book{kosslyn81image,
	address = {Cambridge},
	author = {Kosslyn, Stephen M.},
	publisher = {Harvard University Press},
	title = {Image and Mind},
	year = {1981}}

@inproceedings{kozima01robot,
	author = {Kozima, Hideki and Yano, Hiroyuki},
	booktitle = {Proceedings of the First International Workshop on Epigenetic Robotics: Modeling Cognitive Development in Robotic Systems},
	editor = {Balkenius et al, Christian},
	series = {Lund University Cognitive Studies},
	title = {A Robot that Learns to Communicate with Human Caregivers},
	number = {85},
	year = {2001}}

@book{kuiper96smooth,
	author = {Kuiper, Koenraad},
	title = {Smooth Talkers: The Linguistic Performance of Auctioneers and Sportscasters},
	year = {1996},
	address = {Mahwah, NJ},
	publisher = {Erlbaum}}

@inproceedings{kuniyoshi93qualitative,
	address = {San Mateo, CA},
	author = {Kuniyoshi, Yasuo and Inoue, Hirochika},
	booktitle = {Proceedings of the Thirteenth International Joint Conference on Artificial Intelligence},
	pages = {1600--1609},
	title = {Qualitative Recognition of Ongoing Human Action Sequences},
	year = {1993}}

@incollection{kulikov09case,
  author = {Kulikov, L.I.},
  title = {Evolution of Case Systems},
  editor = {Malchukov, A. and Spencer, A.},
  booktitle = {The {O}xford Handbook of Case},
  address = {Oxford},
  publisher = {OUP},
  pages = {439--457},
  year = {2009}}

@book{kuno73japanese,
	address = {Cambridge, MA},
	author = {Kuno, Susumo},
	publisher = {MIT Press},
	title = {The Structure of the Japanese Language},
	year = {1973}}

@book{labov00principles,
	address = {Oxford},
	author = {Labov, William},
	publisher = {Basil Blackwell},
	title = {Principles of Linguistic Change. Volume 2: Social Factors},
	year = {2000}}

@book{labov94principles,
	address = {Oxford},
	author = {Labov, William},
	publisher = {Basil Blackwell},
	title = {Principles of Linguistic Change. Volume 1: Internal Factors},
	year = {1994}}

@incollection{lakoff74dialogue,
	address = {the Hague},
	author = {Lakoff, George},
	booktitle = {Discussing Language},
	editor = {Parret, H.},
	pages = {151--178},
	publisher = {Mouton},
	title = {Dialogue with {H}. {P}arret},
	year = {1974}}

@book{lakoff87woman,
	address = {Chicago},
	author = {Lakoff, George},
	publisher = {The University of Chicago Press},
	title = {Women, Fire, and Dangerous Things: What Categories Reveal about the Mind},
	year = {1987}}

@book{lambrecht94information,
	address = {Cambridge},
	author = {Lambrecht, Knud},
	publisher = {Cambridge University Press},
	series = {Cambridge Studies in Linguistics 71},
	title = {Information Structure and Sentence Form: Topic, Focus, and the Mental Representation of Discourse Referents},
	year = {1994}}

@article{landau93space,
	author = {Landau, Barbara and Jackendoff, Ray},
	journal = {Behavioural and Brain Sciences},
	pages = {217--238},
	title = {`{W}hat' and 'Where' in Spatial Language and Spatial Cognition},
	volume = {16},
	year = {1993}}

@incollection{langacker00dynamic,
	address = {Chicago},
	author = {Langacker, Ronald W.},
	booktitle = {Usage-Based Models of Language},
	editor = {Barlow, Michael and Kemmer, Suzanne},
	pages = {1--63},
	publisher = {Chicago University Press},
	title = {A Dynamic Usage-Based Model},
	year = {2000}}

@incollection{langacker77syntactic,
	address = {Austin},
	author = {Langacker, Ronald W.},
	booktitle = {Mechanisms of Syntactic Change},
	editor = {Li, Charles N.},
	pages = {59--139},
	publisher = {University of Texas Press},
	title = {Syntactic Reanalysis},
	year = {1977}}

@book{langacker87foundations,
	address = {Stanford},
	author = {Langacker, Ronald W.},
	publisher = {Stanford University Press},
	title = {Foundations of Cognitive Grammar. Volume 1},
	year = {1987}}

@book{langacker91concept,
	address = {Berlin},
	author = {Langacker, Ronald W.},
	publisher = {Mouton de Gruyter},
	series = {Cognitive Linguistics Research 1},
	title = {Concept, Image, and Symbol: the Cognitive Basis of Grammar},
	year = {1991}}

@book{langacker91foundations,
	address = {Stanford},
	author = {Langacker, Ronald W.},
	publisher = {Stanford University Press},
	title = {Foundations of Cognitive Grammar. Volume 2: Descriptive Application},
	year = {1991}}

@article{leech00grammars,
	author = {Leech, L.},
	title = {Grammars of spoken {E}nglish: New Outcomes of Corpus-Oriented Research},
	journal = {Language Learning},
	year = {2000},
	volume = {50},
	pages = {675--724}}

@book{lehman68directions,
	address = {Austin},
	editor = {Lehman, W.P. and Malkiel, Y.},
	publisher = {University of Texas},
	title = {Directions for Historical Linguistics: A Symposium},
	year = {1968}}

@book{levin95unaccusativity,
	address = {Cambridge, MA},
	author = {Levin, Beth and Rappaport Hovav, Malka},
	publisher = {MIT Press},
	title = {Unaccusativity: At the Syntax-Lexical Semantics Interface},
	year = {1995}}

@inproceedings{levin99two,
	author = {Levin, Beth and Rappaport Hovav, Malka},
	title = {Two Structures for Compositionally Derived Events},
	address = {Ithaca, NY},
	booktitle = {Proceedings of {SALT} 9},
	pages = {127--144},
	publisher = {Cornell Linguistics Circle Publications},
	year = {1999}}

@book{levin05argument,
	address = {Cambridge},
	author = {Levin, Beth and Rappaport Hovav, Malka},
	publisher = {Cambridge University Press},
	series = {Research Surveys in Linguistics},
	title = {Argument Realization},
	year = {2005}}

@InCollection{levine06,
  author = 	 {Levine, Robert D. and Meurers, Walt Detmar},
  title = 	 {{Head-Driven Phrase Structure Grammar}: Linguistic Approach, Formal Foundations, and Computational Realization},
  editor =	 {Keith Brown},
  booktitle = 	 {Encyclopedia of Language and Linguistics. Second Edition},
  publisher = 	 {Elsevier},
  address =	 {Oxford},
  year = 	 {2006}}

@incollection{levine01parasitic,
	author = {Levine, R. and Hukari, T. and Calcagno, M.},
	title = {Parasitic Gaps in English: Some Overlooked Cases and Their Theoretical Consequences},
	editor = {Culicover, Peter W. and Postal, Paul M.},
	booktitle = {Parasitic Gaps},
	address = {Cambridge MA},
	publisher = {MIT Press},
	year = {2001}}

@book{levinson03space,
	address = {Cambridge},
	author = {Levinson, Stephen C.},
	publisher = {Cambridge University Press},
	series = {Language, Culture and Cognition 5},
	title = {Space in Language and Cognition},
	year = {2003}}

@book{levinson06space,
	address = {Cambridge},
	editor = {Levinson, Stephen C. and Wilkins, David},
	publisher = {Cambridge University Press},
	series = {Language, Culture and Cognition},
	title = {Grammars of Space. Explorations in Cognitive Diversity},
	year = {2006}}

@article{li00recursive,
	author = {Li, Weihua and Yue, H. Henry and Valle-Cervantes, Sergio and Qin, S. Joe},
	journal = {Journal of Process Control},
	Number = {5},
	title = {Recursive {PCA} for Adaptive Process Monitoring},
	volume = {10},
	year = {2000}}

@incollection{li76subject,
	author = {Li, Charles N. and Thompson, Sandra A.},
	title = {Subject and Topic: A New Typology of Language},
	booktitle = {Subject and Topic},
	editor = {Li, Charles N.},
	publisher = {Academic Press},
	address = {New York},
	pages = {458--489},
	year = {1976}} 

@book{li77mechanisms,
	address = {Austin},
	editor = {Li, Charles N.},
	publisher = {University of Texas Press},
	title = {Mechanisms of Syntactic Change},
	year = {1977}}

@book{lichtenberk83manam,
	address = {Honolulu},
	author = {Lichtenberk, Frantisek},
	publisher = {University of Hawaii Press},
	series = {Oceanic Linguistics Special Publications 18},
	title = {A Grammar of Manam},
	year = {1983}}

@book{lida04embodied,
	editor = {Lida, F. and Pfeifer, R. and Steels, Luc and Kuniyoshi, Y.},
	publisher = {Springer},
	series = {Lecture Notes In Artificial Intelligence},
	title = {Embodied Artificial Intelligence},
	number = {3139},
	year = {2004}}

@book{lightfoot79principles,
	address = {Cambridge},
	author = {Lightfoot, David},
	publisher = {Cambridge University Press},
	title = {Principles of Diachronic Syntax},
	year = {1979}}

@book{lindquist04corpus,
	address = {Amsterdam},
	editor = {Lindquist, Hans and Mair, Christian},
	publisher = {John Benjamins},
	title = {Corpus Approaches to Grammaticalization in {E}nglish},
	year = {2004}}

@misc{loetzsch04diplomathesis,
	author = {L{\"o}tzsch, Martin},
	Howpublished = {Diploma thesis. Humboldt-Universit{\"a}t zu Berlin},
	Note = {Available online: http://www.martin-loetzsch.de/papers/diploma-thesis.pdf},
	title = {{XABSL} - A Behavior Engineering System for Autonomous Agents},
	year = {2004}}

@inproceedings{loetzsch04xabsl,
	address = {Padova, Italy},
	author = {L{\"o}tzsch, Martin and Bach, Joscha and Burkhard, Hans-Dieter and J{\"u}ngel, Matthias},
	booktitle = {RoboCup 2003: Robot Soccer World Cup VII},
	editor = {Polani, Daniel and Browning, Brett and Bonarini, Andrea},
	pages = {114--124},
	publisher = {Springer},
	series = {Lecture Notes in Artificial Intelligence},
	title = {Designing Agent Behavior with the Extensible Agent Behavior Specification Language {X}{A}{B}{S}{L}},
	number = {3020},
	year = {2004}}

@inproceedings{loetzsch06xabsl,
	address = {Beijing},
	author = {Loetzsch, Martin and Risler, Max and J{\"u}ngel, Matthias},
	booktitle = {Proceedings of the IEEE/RSJ International Conference on Intelligent Robots and Systems (IROS 2006)},
	month = {10},
	pages = {5124--5129},
	title = {XABSL - A Pragmatic Approach to Behavior Engineering},
	year = {2006}}

@incollection{loetzsch08typological,
	author = {Loetzsch, Martin and van Trijp, Remi and and Steels, Luc},
	title = {Typological and Computational Investigations of Spatial Perspective},
	year = {2008},
	booktitle = {Modeling Communication with Robots and Virtual Humans},
	series = {LNCS 4930},
	pages = {125--142},
	address = {Berlin},
	publisher = {Springer},
	editor = {Wachsmuth, I. and Knoblich, G.}}

@TECHREPORT{loetzsch:08b,
	ADDRESS = {Brussels},
	AUTHOR= {Loetzsch, Martin and Wellens, Pieter and De Beule, Joachim and Bleys, Joris and {van Trijp}, Remi},
	INSTITUTION = {AI-Lab VUB},
	NUMBER = {AI-Memo 01-08},
	TITLE = {The Babel2 Manual},
	YEAR = {2008}}

@inproceedings{looveren00analysis,
	address = {De Efteling, Kaatsheuvel, the Netherlands},
	author = {Van Looveren, Joris},
	booktitle = {Proceedings of the 12th Belgium-Netherlands Conference on Artificial Intelligence (BNAIC '00)},
	title = {An Analysis of Multiple-Word Naming Games},
	year = {2000}}

@inproceedings{looveren01robotic,
	address = {Amsterdam, the Netherlands},
	author = {Van Looveren, Joris},
	booktitle = {Proceedings of the 13th Belgium-Netherlands Conference on Artificial Intelligence (BNAIC '01)},
	title = {Robotic Experiments on the Emergence of a Lexicon},
	year = {2001}}

@inproceedings{looveren03artificial,
	address = {Berlin},
	author = {Van Looveren, Joris},
	booktitle = {Advances in Artificial Life - Proceedings of the 7th European Conference on Artificial Life (ECAL) 2003},
	publisher = {Springer Verlag},
	series = {Lecture Notes in Artificial Intelligence},
	title = {Artificial Agents and Natural Determiners},
	number = {2801},
	year = {2003}}

@inproceedings{looveren99multiple,
	address = {Maastricht, the Netherlands},
	author = {Van Looveren, Joris},
	booktitle = {Proceedings of the 11th Belgium-Netherlands Conference on Artificial Intelligence (BNAIC '99)},
	title = {Multiple Word Naming Games},
	year = {1999}}

@inproceedings{loutfy05maintaining,
	address = {Edinburgh, Scotland, UK},
	author = {Loutfy, Amy and Coradeshi, Silvia and Saffiotti, Alessandro},
	booktitle = {Proceedings of the Nineteenth International Joint Conference on Artificial Intelligence, IJCAI 2005},
	editor = {Kaelbling, Leslie Pack and Saffiotti, Alessandro},
	month = {7},
	publisher = {Professional Book Center},
	title = {Maintaining Coherent Perceptual Information Using Anchoring},
	year = {2005}}

@book{lucy92grammatical,
	address = {Cambridge},
	author = {Lucy, J.},
	publisher = {Cambridge University Press},
	title = {Grammatical Categories and Cognition: A Case Study of the Linguistic Relativity Hypothesis},
	year = {1992}}

@book{Lyon:2007,
	editor = {Lyon, Caroline and Nehaniv, Chrystopher L. and Cangelosi, Angelo},
	publisher = {Springer Verlag},
	address = {Berlin},
	series = {Lecture Notes in Computer Science},
	title = {Emergence of Language and Communication},
	year = {2007}}

@incollection{malchukov10quirky,
	author = {Malchukov, A.},
	title = {``Quirky'' Case: Rare Phenomena in Case-Marking},
	pages = {139--167},
	booktitle = {Rethinking Universals: How Rarities Affect Linguistic Theory},
	publisher = {Mouton De Gruyter},
	address = {Berlin},
	editor = {Wohlgemuth, J. and Cysouw, M.},
	year = {2010}}

@incollection{mair04corpus,
	address = {Amsterdam},
	author = {Mair, Christian},
	booktitle = {Corpus Approaches to Grammaticalization in {E}nglish},
	editor = {Lindquist, Hans and Mair, Christian},
	pages = {121--150},
	publisher = {John Benjamins},
	title = {Corpus Linguistics and Grammaticalization Theory: Beyond Statistics and Frequency?Corpus linguistics and grammaticalization theory},
	year = {2004}}

@article{majid04can,
	author = {Majid, Asifa and Bowerman, Melissa and Kita, Sotaro and Haun, Daniel B.M. and Levinson, Stephen C.},
	journal = {Trends in Cognitive Sciences},
	month = {3},
	Number = {3},
	pages = {108--114},
	title = {Can Language Restructure Cognition? The Case for Space},
	volume = {8},
	year = {2004}}
	
@misc{mapa-espana,
	author = {Garc\'ia, Alberto},
	title = {El Blog de Alberto Garc\'ia},
	year = {2009},
	month = {Consulted on 27 September},
	Note = {\texttt{http://albertogarcia.files.wordpress.com/}}}

@book{marr82vision,
	address = {San Francisco},
	author = {Marr, David},
	publisher = {Freeman},
	title = {Vision},
	year = {1982}}

@article{mauck97mental,
	author = {Mauck, Bj{\"o}rn and Dehnhardt, Guido},
	journal = {Journal of Experimental Biology},
	Number = {9},
	pages = {1309--1316},
	title = {Mental Rotation in a California Sea Lion (Zalophus Californianus)},
	volume = {200},
	year = {1997}}

@article{maynard-smith93origin,
	author = {Maynard Smith, J. and Szathm{\'a}ry, Eors},
	journal = {Journal of Theoretical Biology},
	pages = {437--446},
	title = {The Origin of Chromosomes I. Selection for Linkage.},
	volume = {163},
	year = {1993}}

@book{maynard-smith95major,
	author = {Maynard-Smith, John and Szathm{\'a}ry, E{\"o}rs},
	publisher = {Freeman},
	title = {The Major Transitions in Evolution},
	year = {1995}}

@article{mcclelland09place,
	author = {McClelland, James L.},
	title = {The Place of Modeling in Cognitive Science},
	journal = {Topics in Cognitive Science},
	year = {2009},
	volume = {1},
	pages = {11--38}}

@inproceedings{mcintyre99net-mobile,
	author = {McIntyre, Angus and Steels, Luc and Kaplan, Fr{\'e}d{\'e}ric},
	booktitle = {Proceedings of Sony Research Forum 1999},
	title = {Net-mobile embodied agents},
	year = {1999}}

@book{mendoza05cognition,
	address = {Berlin},
	editor = {Ruiz de Mendoza Ibanez, F. and Pena Cervel, M.S.},
	publisher = {Mouton De Gruyter},
	title = {Cognitive Linguistics: Internal Dynamics and Interdisciplinary Interaction},
	year = {2005}}

@inproceedings{metta01sensorimotor,
	author = {Metta, Giorgio and Sandini, Giulio and Natale, Lorenzo and Panerai, Francesco},
	booktitle = {Proceedings of the First International Workshop on Epigenetic Robotics: Modeling Cognitive Development in Robotic Systems},
	editor = {Balkenius et al, Christian},
	series = {Lund University Cognitive Studies},
	title = {Sensorimotor Interaction in a Developing Robot},
	number = {85},
	year = {2001}}

@incollection{michaelis03headless,
	address = {Stanford},
	author = {Michaelis, Laura A.},
	booktitle = {Mismatch: Form-Function Incongruity and the Architecture of Grammar},
	editor = {Francis, E.J. and Michaelis, L.A.},
	pages = {259--310},
	publisher = {CSLI Publications},
	title = {Headless Constructions and Coercion by Construction},
	year = {2003}}

@incollection{michaelis05entity,
	address = {Amsterdam},
	author = {Michaelis, Laura A.},
	booktitle = {Construction Grammar(s): Cognitive Grounding and Theoretical Extensions},
	editor = {\"Ostman, J.-O. and Fried, M.},
	pages = {45--87},
	publisher = {John Benjamins},
	series = {Constructional Approaches to Language},
	title = {Entity and Event Coercion in a Symbolic Theory of Syntax},
	number = {3},
	year = {2005}}

@inproceedings{michaelis06complementation,
	address = {Berkeley},
	author = {Michaelis, Laura A.},
	booktitle = {{Proceedings of the Thirty-Second Annual Meeting of the Berkeley Linguistics Society}},
	editor = {Hauser, Marc},
	publisher = {BLS},
	title = {Complementation by Construction},
	year = {2012}}
	
@incollection{michaelis-sbcg,
	author = {Michaelis, Laura A.},
	title = {Sign-Based Construction Grammar},
	booktitle = {The Oxford Handbook of Linguistic Analysis},
	address = {Oxford},
	publisher = {Oxford University Press},
	editor = {Heine, B. and Narrog, H.},
	pages = {155--176},
	year = {in press}}	

@inproceedings{micelli09framing,
	author = {Micelli, Vanessa and {van Trijp}, Remi and {D}e Beule, Joachim},
	title = {Framing Fluid Construction Grammar},
	booktitle = {Proceedings of the 31th Annual Conference of the Cognitive Science Society},
	editor = {Taatgen, N.A. and {van Rijn}, H.},
	publisher = {Cognitive Science Society},
	year = {2009}}

@book{MinettWang:2005,
	author = {Minett, J. W. and Wang, W. S-Y.},
	year = {2005} ,
	title = {Language Acquisition, Change and Emergence: Essays in Evolutionary Linguistics},
	publisher = {City University of Hong Kong Press},
	address = {Hong Kong}}

@book{minsky86society,
	address = {New York},
	author = {Minsky, Marvin},
	publisher = {Simon and Schuster},
	title = {The Society of Mind},
	year = {1986}}

@book{mitchell97machine,
	author = {Mitchell, Tom M.},
	publisher = {WCB/McGraw-Hill},
	address = {New York},
	series = {McGraw-Hill Series in Computer Science},
	title = {Machine Learning},
	year = {1997}}

@article{mithun05beyond,
	author = {Mithun, Marianne},
	title = {Beyond the Core: Typological Variation in the Identification of Participants},
	journal = {International Journal of Linguistics},
	pages = {445--472},
	month = {10},
	volume = {71},
	Number = {4},
	year = {2005}}
	
@incollection{mithun91role,
	address = {Amsterdam},
	author = {Mithun, Marianne},
	booktitle = {Approaches to Grammaticalization},
	editor = {Traugott, Elizabeth Closs and Heine, Bernd},
	pages = {159--185},
	publisher = {John Benjamins},
	series = {Typological Studies in Language 19},
	title = {The Role of Motivation in the Emergence of Grammatical Categories: The Grammaticalization of Subjects},
	volume = {2},
	year = {1991}}

@book{moore73cognitive,
	address = {New York},
	editor = {Moore, T.E.},
	publisher = {Academic Press},
	title = {Cognitive Development and the Acquisition of Language},
	year = {1973}}

@book{moore95jointattention,
	address = {Hillsdale, NJ},
	editor = {Moore, Chris and Dunham, Philip J.},
	publisher = {Lawrence Erlbaum Associates},
	title = {Joint Attention: Its Origins and Role in Development},
	year = {1995}}

@book{moshinsky74pomo,
	address = {Los Angeles},
	author = {Moshinsky, Julius},
	publisher = {University of California Press},
	title = {A Grammar of Southeastern Pomo},
	year = {1974}}

@book{mous92iraqw,
	address = {Leiden},
	author = {Mous, Maarten},
	publisher = {Rijksuniversiteit Leiden},
	title = {A Grammar ofd Iraqw. PhD Thesis.},
	year = {1992}}

@inproceedings{moy03modelling,
	author = {Moy, Joanna and Manandhar, Suresh},
	title = {Modelling the Emergence of Case},
	booktitle = {Proceedings of Language Evolution and Computation Workshop at ESSLLI},
	pages = {42--51},
	editor = {Kirby, Simon},
	year = {2003}}

@phdthesis{moy06case,
	author = {Moy, Joanna},
	School = {University of York},
	address = {York},
	title = {Word Order and Case in Models of Simulated Language Evolution},
	year = {2006}}

@book{muggleton99machine,
	address = {Oxford},
	editor = {Muggleton, Stephen},
	publisher = {Oxford University Press},
	title = {Machine Intelligence 15},
	year = {1999}}

@book{Mueller13hpsg,
  author      =	{Stefan M{\"u}ller},
  title	      =	{{Head-Driven Phrase Structure Grammar: Eine Einf{\"u}hrung}},
  edition     = {3},
  url         = {http://hpsg.fu-berlin.de/~stefan/Pub/hpsg-lehrbuch.html},
  url_checked =	{26.02.2008},
  series      = {Stauffenburg Einf{\"u}hrungen},
  number      = 17,
  publisher   =	{Stauffenburg Verlag},
  address     =	{T{\"u}bingen},
  year	      =	{2013}
}

@incollection{muller01case,
	author = {M\"{u}ller, Stefan},
	title = {Case in German -- Towards and {HPSG} Analysis},
	editor = {Kiss, Tibor and Meurers, Detmar},
	booktitle = {Constraint-Based Approaches to Germanic Syntax},
	address = {Stanford},
	year = {2001},
	publisher = {CSLI}}

@inproceedings{nagai02developmental,
	author = {Nagai, Yukie and Asada, Minoru and Hosoda, Koh},
	booktitle = {Proceedings of the 2nd International Conference on Development and Learning (ICDL'02)},
	month = {6},
	pages = {277--282},
	title = {A Developmental Approach Accelerates Learning of Joint Attention},
	year = {2002}}

@article{nagai03constructive,
	author = {Nagai, Yukie and Hosada, Koh and Morita, Akio and Asada, Minoru},
	journal = {Connection Science},
	month = {12},
	Number = {4},
	pages = {211--229},
	title = {A constructive model for the development of joint attention},
	volume = {15},
	year = {2003}}

@inproceedings{nakano98translating,
	author = {Nakano, Mikio and Shimazy, Akira},
	title = {Translating a Unification Grammar with Disjunctions into Logical Constraints},
	booktitle = {Proceedings of the 17th international conference on Computational linguistics},
	publisher = {{ACL}},
	year = {1998},
	address = {Morristown, NJ},
	pages = {934--938}}

@book{nedergaard05different,
	address = {Amsterdam},
	editor = {Nedergaard Thomsen, Ole},
	Note = {To appear},
	publisher = {John Benjamins},
	title = {Different Models of Linguistic Change},
	year = {2004}}

@book{nehaniv99computation,
	address = {Berlin},
	editor = {Nehaniv, Chrystopher L.},
	publisher = {Springer Verlag},
	series = {Lecture Notes in Artificial Intelligence},
	title = {Computation for Metaphors, Analogy, and Agents},
	number = {1562},
	year = {1999}}

@article{nemoto98on,
	author = {Nemoto, Noriko},
	title = {On the Polysemy of Ditransitive {\em save}: The Role of Frame Semantics in Construction Grammar},
	journal = {English Linguistics},
	volume = {15},
	pages = {219--242},
	year = {1998}}

@article{newell76computer,
	author = {Newell, Allen and Simon, Herbert A.},
	journal = {Communications of the ACM},
	Number = {13},
	pages = {113--126},
	title = {Computer Science as Empirical Inquiry: Symbols and Search},
	volume = {19},
	year = {1976}}

@incollection{newell80reasoning,
	author = {Newell, Allen},
	title = {Reasoning, Problem Solving and Decision Processes: The Problem Space as a Fundamental Category},
	editor = {Nickerson, R.},
	booktitle = {Attention and Performance {VIII}},
	publisher = {Erlbaum},
	address = {Hillsdale NJ},
	year = {1980}}
	
@incollection{newell73production,
	author = {Newell, Allen},
	title = {Production Systems: Models of Control Structures},
	editor = {Chase, W.G.},
	booktitle = {Visual Information Processing},
	pages = {463--526},
	address = {New York},
	publisher = {Academic Press},
	year = {1973}}

@article{newell80physical,
	author = {Newell, Allen},
	journal = {Cognitive Science},
	pages = {135--183},
	title = {Physical Symbol Systems},
	volume = {4},
	year = {1980}}

@article{newmeyer94note,
	author = {Newmeyer, Frederick J.},
	journal = {Journal of Linguistics},
	pages = {245--251},
	title = {A Note on {C}homsky on Form and Function},
	volume = {30},
	year = {1994}}

@book{nilsson98artificial,
	address = {San Mateo, California},
	author = {Nilsson, Nils J.},
	publisher = {Morgan Kaufmann},
	title = {Artificial Intelligence: A New Synthesis},
	year = {1998}}

@book{nivre06inductive,
	author = {Nivre, Joakim},
	publisher = {Springer},
	address = {Berlin},
	title = {Inductive Dependency Parsing},
	year = {2006}}

@book{norton1,
	title = {The Norton Anthology of {E}nglish Literature},
	editor = {Abrams, M.H. and Greenblatt, S.},
	address = {London},
	publisher = {Norton},
	Edition = {7},
	volume = {1},
	year = {2000}}

@book{norvig92paradigms,
	address = {San Francisco},
	author = {Norvig, Peter},
	publisher = {Morgan Kauffman},
	title = {Paradigms of Artificial Intelligence Programming. Case Studies in Common Lisp.},
	year = {1992}}

@article{nowak01evolution,
	author = {Nowak, Martin A. and Komarova, Natalia L. and Niyogi, Partha},
	journal = {Science},
	pages = {114--118},
	title = {Evolution of {U}niversal {G}rammar},
	volume = {291},
	year = {2001}}

@article{nowak99evolution,
	author = {Nowak, Martin A. and Krakauer, David C.},
	journal = {Proceedings of the National Academy of Sciences of the United Stated of America},
	pages = {8028--8033},
	title = {The Evolution of Language},
	volume = {96},
	Number = {14},
	month = {7},
	year = {1999}}

@article{nowak99evolutionary,
	author = {Nowak, Martin A. and Plotkin, Joshua B. and Krakauer, David C.},
	journal = {Journal of Theoretical Biology},
	pages = {147--162},
	title = {The Evolutionary Language Game},
	volume = {200},
	year = {1999}}

@article{nurnberg94idioms,
	author = {Nurnberg, Geoffrey and Sag, Ivan A. and Wasow, Thomas},
	title = {Idioms},
	journal = {Language},
	volume = {70},
	pages = {491--538},
	year = {1994}}

@incollection{nuyts05brother,
	address = {Berlin},
	author = {Nuyts, Jan},
	booktitle = {Cognitive Linguistics: Internal Dynamics and Interdisciplinary Interaction},
	editor = {Ruiz de Mendoza Ibanez, F. and Pena Cervel, M.S.},
	pages = {69--100},
	publisher = {Mouton De Gruyter},
	title = {Brother in Arms? On the Relations Between Cognitive and Functional Linguistics},
	year = {2005}}

@book{nuyts92aspects,
	address = {Amsterdam},
	author = {Nuyts, Jan},
	publisher = {John Benjamins},
	title = {Aspects of a Cognitive-Pragmatic Theory of Language. On Cognition, Functionalism, and Grammar},
	year = {1992}}

@book{ogrady97development,
	address = {Chicago},
	author = {O\'Grady, William},
	publisher = {Chicago University Press},
	title = {Syntactiv Development},
	year = {1997}}

@book{oller04evolution,
	address = {Cambridge, MA},
	editor = {Oller, D. Kimbrough and Griebel, Ulrike},
	publisher = {MIT Press},
	title = {Evolution of Communication Systems: A Comparative Approach},
	year = {2004}}

@book{ostman05construction,
	address = {Amsterdam},
	editor = {{\"O}stman, Jan-Ola and Fried, Mirjam},
	publisher = {John Benjamins},
	title = {Construction Grammars: Cognitive Grounding and Theoretical Extensions},
	year = {2005}}

@article{oudeyer05self-organization,
	author = {Oudeyer, Pierre-Yves},
	title = {The Self-Organization of Speech Sounds},
	journal = {Journal of Theoretical Biology},
	volume = {233},
	Number = {3},
	pages = {435--449},
	year = {2005}}

@book{palmer94grammatical,
	address = {Cambridge},
	author = {Palmer, F.R.},
	publisher = {Cambridge UP},
	title = {Grammatical Roles and Relations},
	year = {1994}}

@inproceedings{pepperberg01lessons,
	author = {Pepperberg, Irene M.},
	booktitle = {Proceedings of the First International Workshop on Epigenetic Robotics: Modeling Cognitive Development in Robotic Systems},
	editor = {Balkenius et al, Christian},
	series = {Lund University Cognitive Studies},
	title = {Lessons from Cognitive Ethology: Animal Models for Ethological Computing},
	number = {85},
	year = {2001}}

@article{pereira80dcg,
	author = {Pereira, Fernando C.N. and Warren, David H.D.},
	title = {Definite Clause Grammars for Language Analysis -- A Survey of the Formalism and a Comparison with Augmented Transition Networks},
	pages = {231--278},
	URL = {http://cgi.di.uoa.gr/\textasciitilde takis/pereira-warren.pdf},
	journal = {Artificial Intelligence},
	volume = {13},
	year = {1980}}

@book{pfeifer06how,
	address = {Cambridge, MA},
	author = {Pfeifer, Rolf and Bongard, Josh C.},
	publisher = {MIT Press},
	title = {How the Body Shapes the Way We Think},
	year = {2006}}

@book{piaget48representation,
	address = {Paris},
	author = {Piaget, Jean and Inhelder, Barbel},
	Note = {[tr. fr. F. J. Langdon and J. L. Lunzer, The child's conception of space. Routledge and Kegan Paul, London (1956)]},
	publisher = {Presses Universitaires de France},
	title = {La repr{\'e}sentation de l'espace chez l'enfant},
	year = {1948}}

@book{piattelli80language,
	address = {London},
	editor = {Piattelli-Palmerini, Massimo},
	publisher = {Routledge},
	title = {Language and Learning. The Debate between Jean Piaget and Noam Chomsky},
	year = {1980}}

@article{pickering06alignment,
	author = {Pickering, M.J. and Garrod, S.},
	title = {Alignment as the Basis of Successful Communication}, 
	journal = {Research on Language and Computation},
	volume = {4},
	year = {2006},
	pages = {203--228}}

@book{pinker89learnability,
	address = {Cambridge},
	author = {Pinker, Steven},
	publisher = {Cambridge UP},
	title = {Learnability and Cognition: The Acquisition of Argument Structure},
	year = {1989}}

@incollection{pinker03language,
	address = {New york},
	author = {Pinker, Steven},
	booktitle = {Language Evolution: States of the Art},
	editor = {Christiansen, M. and Kirby, S.},
	pages = {16--37},
	publisher = {Oxford University Press},
	title = {Language as an Adaptation to the Cognitive Niche},
	year = {2003}}

@article{pinker04clarifying,
	author = {Pinker, Steven},
	journal = {Journal of Child Language},
	pages = {949--953},
	title = {Clarifying the Logical Problem of Language Acquisition},
	volume = {31},
	year = {2005}}

@article{pinker05faculty,
	author = {Pinker, Steven and Jackendoff, Ray},
	journal = {Cognition},
	month = {3},
	Number = {2},
	pages = {201--236},
	title = {The Faculty of Language: What's Special about it?},
	volume = {95},
	year = {2005}}

@book{pinker07stuff,
	author = {Pinker, Steven},
	title = {The Stuff of Thought. Language as a Window into Human Nature},
	year = {2007},
	publisher = {Penguin Books},
	address = {London}}
	
@article{pinker90natural,
	author = {Pinker, Steven and Bloom, Paul},
	journal = {Behavioral and Brain Sciences},
	Number = {4},
	pages = {707--784},
	title = {Natural Language and Natural Selection},
	volume = {13},
	year = {1990}}

@article{platt64strong,
	author = {Platt, J.},
	journal = {Science},
	pages = {347--353},
	title = {Strong Inference},
	volume = {146},
	year = {1964}}

@phdthesis{pollard84,
	author = {Pollard, Carl}, 
	year = {1984}, 
	title = {{Generalized Phrase Structure Grammars, Head Grammars, and Natural Language}},
	School = {Stanford University, CA},
	address = {Stanford CA}}

@book{pollard87hpsg,
	author = {Pollard, Carl and Sag, Ivan A.},
	year = {1987},
	title = {Information-based Syntax and Semantics. Volume 1: Fundamentals},
	address = {Stanford},
	publisher = {CSLI Publications}}

@inproceedings{priese93fast,
	address = {L{\"u}beck},
	author = {Priese, Lutz and Rehrmann, Volker},
	booktitle = {Proceedings 15. DAGM-Symposium},
	month = {9},
	pages = {297--304},
	title = {A Fast Hybrid Color Segmentation Method},
	year = {1993}}

@inproceedings{prince01theory,
	author = {Prince, Christopher G.},
	booktitle = {Proceedings of the First International Workshop on Epigenetic Robotics: Modeling Cognitive Development in Robotic Systems},
	editor = {Balkenius et al, Christian},
	series = {Lund University Cognitive Studies},
	title = {Theory Grounding in Embodied Artificially Intelligent Systems},
	number = {85},
	year = {2001}}

@proceedings{proceedings-aaai00,
	month = {8},
	title = {Proceedings of the National Conference on Artificial Intelligence (AAAI)},
	year = {2000}}

@proceedings{proceedings-aaai87,
	address = {Seattle, WA},
	publisher = {Morgan Kaufmann},
	title = {Proceedings of the National Conference on Artificial Intelligence (AAAI)},
	year = {1987}}

@proceedings{proceedings-aaaissg01,
	address = {Anaheim, CA},
	publisher = {AAAI Press},
	title = {Proceedings of the AAAI Spring Symposium on Grounding},
	year = {2001}}

@proceedings{proceedings-accv98,
	month = {1},
	title = {3rdAsian Conference on Computer Vision},
	year = {1998}}

@proceedings{proceedings-acl04,
	address = {Barcelona},
	editor = {Daelemans, Walter},
	title = {Proceedings 42nd Annual Meeting of the Association for Computational Linguistics},
	year = {2004}}

@proceedings{proceedings-acl98,
	address = {San Francisco, CA},
	month = {8},
	publisher = {Morgan Kaufmann},
	title = {Proceedings {COLING}-{ACL} 1998},
	year = {1998}}

@proceedings{proceedings-agents97,
	address = {New York},
	editor = {Johnson, W. Lewis and Hayes-Roth, Barbara},
	publisher = {ACM Press},
	title = {Proceedings of the First International Conference on Autonomous Agents (Agents'97)},
	year = {1997}}

@proceedings{proceedings-alife90,
	editor = {Langton, Christopher G. and Taylor, Charles and Farmer, J. Doyne and Rasmussen, Steen},
	publisher = {Addison Wesley Longman},
	title = {Artificial Life II (SFI Studies in the Sciences of Complexity)},
	year = {1992}}

@proceedings{proceedings-alife96,
	editor = {Langton, Christopher G.},
	title = {Proceeding of Alife V},
	year = {1997}}

@proceedings{proceedings-alife98,
	editor = {Adami, Christoph and Belew, Richard K. and Kitano, Hiroaki and Taylor, Charles E.},
	publisher = {MIT Press},
	title = {Proceedings of the Sixth International Conference on Artificial Life},
	year = {1998}}

@proceedings{proceedings-bnaic00,
	address = {De Efteling, Kaatsheuvel, the Netherlands},
	title = {Proceedings of the 12th Belgium-Netherlands Conference on Artificial Intelligence (BNAIC '00)},
	year = {2000}}

@proceedings{proceedings-bnaic01,
	address = {Amsterdam, the Netherlands},
	title = {Proceedings of the 13th Belgium-Netherlands Conference on Artificial Intelligence (BNAIC '01)},
	year = {2001}}

@proceedings{proceedings-bnaic02,
	address = {Belgium.},
	title = {Proceedings of the 14th Belgium-Netherlands Conference on Artificial Intelligence (BNAIC '02)},
	year = {2002}}

@proceedings{proceedings-bnaic04,
	address = {Groningen, The Netherlands},
	title = {Proceedings of the 16th Belgium-Netherlands Conference on Artificial Intelligence (BNAIC '04)},
	year = {2004}}

@proceedings{proceedings-bnaic05,
	address = {Brussels, Belgium},
	title = {Proceedings of the 17th Belgium-Netherlands Conference on Artificial Intelligence (BNAIC '05)},
	year = {2005}}

@proceedings{proceedings-bnaic99,
	address = {Maastricht, the Netherlands},
	title = {Proceedings of the 11th Belgium-Netherlands Conference on Artificial Intelligence (BNAIC '99)},
	year = {1999}}

@proceedings{proceedings-caepia05,
	address = {Santiago de Compostela},
	editor = {Bugar{\'\i}n Diz, Alberto J. and Santos Reyes, Jos{\'e}},
	month = {11},
	publisher = {Springer},
	series = {Lecture Notes in Artificial Intelligence},
	title = {Proceedings CAEPIA 2005, 11th conference of the Spanish association for Artififcial Intelligence},
	year = {2005}}

@proceedings{proceedings-cvpr98,
	month = {7},
	title = {Proceedings of the IEEE Conference on Computer Vision and Pattern Recognition (CVPR)},
	year = {1998}}

@proceedings{proceedings-cvpr99,
	address = {Fort Collins, CO},
	month = {6},
	title = {Proceedings of the IEEE Conference on Computer Vision and Pattern Recognition (CVPR)},
	year = {1999}}

@proceedings{proceedings-dagm93,
	address = {L{\"u}beck},
	month = {9},
	title = {Proceedings 15. DAGM-Symposium},
	year = {1993}}

@proceedings{proceedings-ecai00,
	address = {Berlin, Germany},
	editor = {Horn, Werner},
	month = {8},
	publisher = {IOS Press},
	title = {Proceedings of the 14th European Conference on Artificial Intelligence (ECAI)},
	year = {2000}}

@proceedings{proceedings-ecal03,
	address = {Berlin},
	publisher = {Springer Verlag},
	series = {Lecture Notes in Artificial Intelligence},
	title = {Advances in Artificial Life - Proceedings of the 7th European Conference on Artificial Life (ECAL) 2003},
	number = {2801},
	year = {2003}}

@proceedings{proceedings-ecal97,
	address = {Brighton, U.K.},
	editor = {Husbands, Phil and Harvey, Inman},
	month = {7},
	publisher = {The MIT Press},
	title = {Proceedings of the 4th European Conference on Artificial Life},
	year = {1997}}

@proceedings{proceedings-ecal99,
	address = {Lausanne, Switzerland},
	editor = {Floreano, Dario and Nicoud, Jean-Daniel and Mondada, Francesco},
	month = {9},
	publisher = {Springer},
	series = {Lecture Notes in Computer Science},
	title = {Advances in Artificial Life. Proceedings of the Fifth European Conference, ECAL'99},
	number = {1674},
	year = {1999}}

@proceedings{proceedings-eccv96,
	publisher = {Springer},
	series = {Lecture Notes in Computer Science},
	title = {Proceedings of the Fourth European Conference on Computer Vision},
	number = {1064},
	year = {1996}}

@proceedings{proceedings-ecml97,
	address = {Prague, Czech Republic},
	editor = {van Someren, Maarten W. and Widmer, Gerhard},
	month = {4},
	publisher = {Springer},
	title = {Proceedings of the European Conference on Machine Learning},
	year = {1997}}

@proceedings{proceedings-ecml_mlnet97,
	address = {Prague, Czech Republic},
	editor = {Daelemans, Walter and van den Bosh, Antal and Weijters, Ton},
	month = {4},
	publisher = {ECML/MLnet},
	title = {Workshop Notes of the ECML/MLnet Familiarization Workshop on Empirical Learning of Natural Language Processing Tasks},
	year = {1997}}

@proceedings{proceedings-eelc04,
	address = {Dordrecht},
	editor = {Gontier, Nathalie and Van Bendegem, Jean Paul and Aerts, Diederik},
	publisher = {Springer},
	series = {Theory and Decision Library - Series A: Philosophy and Methodology of the Social Sciences},
	title = {Evolutionary Epistemology, Language and Culture - A nonadaptationist systems theoretical approach},
	year = {2005}}

@proceedings{proceedings-eelc05,
	address = {Hatfield, UK},
	editor = {Lyon, Caroline and Cangelosi, Angelo and Nehaniv, Chrystopher L.},
	month = {4},
	title = {AISB'05: Proceedings of Second International Symposium on the Emergence and Evolution of Linguistic Communication (EELC'05)},
	year = {2005}}

@proceedings{proceedings-eelc06,
	address = {Berlin},
	editor = {Vogt, P. and Sugita, Y. and Tuci, E. and Nehaniv, C.},
	publisher = {Springer-Verlag},
	series = {LNAI 4211},
	title = {Symbol Grounding and Beyond. Proceedings of the Third EELC},
	year = {2006}}

@proceedings{proceedings-epirob01,
	editor = {Balkenius et al, Christian},
	series = {Lund University Cognitive Studies},
	title = {Proceedings of the First International Workshop on Epigenetic Robotics: Modeling Cognitive Development in Robotic Systems},
	number = {85},
	year = {2001}}

@proceedings{proceedings-epirob04,
	address = {Genoa, Italy},
	editor = {Prince, Christopher G. and Berthouze et al, Luc and Kozima, Hideki and Bullock, Daniel and Stojanov, Georgi and Balkenius, Christian},
	month = {8},
	series = {Lund University Cognitive Studies},
	title = {Proceedings of the 4th International Workshop on Epigenetic Robotics: Modeling Cognitive Development in Robotic System},
	number = {117},
	year = {2004}}

@proceedings{proceedings-evolang02,
	address = {Harvard},
	month = {4},
	title = {Proceedings of the Evolution of Language Conference},
	year = {2002}}

@proceedings{proceedings-evolang06,
	address = {London},
	editor = {Cangelosi, Angelo and Smith, Andrew and Smith, Kenny},
	publisher = {World Scientific Publishing},
	title = {Proceedings of the 6th International Conference on the Evolution of Language},
	year = {2006}}

@proceedings{proceedings-ewlr98,
	publisher = {Springer Verlag},
	series = {Lecture Notes In Computer Science},
	title = {EWLR-6: Proceedings of the 6th European Workshop on Learning Robots},
	number = {1545},
	year = {1998}}

@proceedings{proceedings-fuzzieee01,
	address = {Melbourne, Australia},
	title = {Proceedings of the 10th IEEE International Conference on Fuzzy Systems},
	year = {2001}}

@proceedings{proceedings-icdl02,
	month = {6},
	title = {Proceedings of the 2nd International Conference on Development and Learning (ICDL'02)},
	year = {2002}}

@proceedings{proceedings-icip02,
	title = {International Conference on Image Processing},
	year = {2002}}

@proceedings{proceedings-icmas96,
	editor = {Tokoro, Mario},
	publisher = {The MIT Press},
	title = {Proceedings of the International Conference on Multi-Agent Systems},
	year = {1996}}

@proceedings{proceedings-icra02,
	address = {Washington DC, USA},
	month = {5},
	title = {IEEE International Conference on Robotics and Automation},
	year = {2002}}

@proceedings{proceedings-icsab91,
	editor = {Meyer, Jean-Arcady and Wilson, Stewart W.},
	publisher = {MIT Press},
	title = {From Animals to Animats, Proceedings of the First International Conference on the Simulation of Adaptive Behavior},
	year = {1991}}

@proceedings{proceedings-ieee-rhc01,
	title = {Proceedings of the 10th IEEE International Workshop on Robot and Human Communication},
	year = {2001}}

@proceedings{proceedings-ijcai01,
	address = {Seattle, Washington},
	editor = {Nebel, Bernhard},
	month = {8},
	publisher = {Morgan Kaufmann},
	title = {Proceedings of the Seventeenth International Joint Conference on Artificial Intelligence, IJCAI 2001},
	year = {2001}}

@proceedings{proceedings-ijcai05,
	address = {Edinburgh, Scotland, UK},
	editor = {Kaelbling, Leslie Pack and Saffiotti, Alessandro},
	month = {7},
	publisher = {Professional Book Center},
	title = {Proceedings of the Nineteenth International Joint Conference on Artificial Intelligence, IJCAI 2005},
	year = {2005}}

@proceedings{proceedings-ijcai91,
	address = {San Mateo, CA},
	publisher = {Morgan Kaufmann},
	title = {Proceedings of the 1991 International Joint Conference on Artificial Intelligence},
	year = {1991}}

@proceedings{proceedings-ijcai93,
	address = {San Mateo, CA},
	title = {Proceedings of the Thirteenth International Joint Conference on Artificial Intelligence},
	year = {1993}}

@proceedings{proceedings-ijcai97,
	address = {San Francisco, CA},
	editor = {Pollack, Martha E.},
	publisher = {Morgan Kaufmann},
	title = {Proceedings of the Fifteenth International Joint Conference on Artificial Intelligence},
	year = {1997}}

@proceedings{proceedings-ijcai99,
	address = {Stockholm, Sweden},
	editor = {Dean, Thomas},
	month = {8},
	publisher = {Morgan Kaufmann},
	title = {Proceedings of the Sixteenth International Joint Conference on Artificial Intelligence (IJCAI'99)},
	year = {1999}}

@proceedings{proceedings-iros06,
	address = {Beijing},
	month = {10},
	title = {Proceedings of the IEEE/RSJ International Conference on Intelligent Robots and Systems (IROS 2006)},
	year = {2006}}

@proceedings{proceedings-ki04neurobotics,
	editor = {Palm, G. and Wermter, S.},
	title = {Proceedings of the KI2004 Workshop on Neurobotics},
	year = {2004}}

@proceedings{proceedings-ki2005,
	address = {Koblenz},
	editor = {Furbach, Ulrich},
	Note = {to appear},
	publisher = {Springer},
	series = {Lecture Notes in Artificial Intelligence},
	title = {KI 2005: Advances In Artificial Intelligence. Proceedings of the 28th German Conference on {AI}},
	number = {3698},
	year = {2005}}

@proceedings{proceedings-kogwis99,
	address = {Bielefeld},
	editor = {Wachsmuth, Ipke and Jung, Bernhard},
	month = {9},
	title = {Proceedings der 4. Fachtagung der Gesellschaft f{\"u}r Kognitionswissenschaft},
	year = {1999}}

@proceedings{proceedings-robocup01,
	address = {Seattle, WA},
	editor = {Birk, Andreas and Coradeschi, Silvia and Tadokoro, Satoshi},
	publisher = {Springer},
	series = {Lecture Notes in Artificial Intelligence},
	title = {RoboCup 2001 Robot Soccer World Cup V},
	number = {2377},
	year = {2002}}

@proceedings{proceedings-robocup02,
	address = {Fukuoka, Japan},
	editor = {Kaminka, Gal A. and Lima, Pedro U. and Rojas, Ra{\'u}l},
	publisher = {Springer},
	series = {Lecture Notes in Artificial Intelligence},
	title = {RoboCup 2002: Robot Soccer World Cup VI},
	number = {2752},
	year = {2003}}

@proceedings{proceedings-robocup03,
	address = {Padova, Italy},
	editor = {Polani, Daniel and Browning, Brett and Bonarini, Andrea},
	publisher = {Springer},
	series = {Lecture Notes in Artificial Intelligence},
	title = {RoboCup 2003: Robot Soccer World Cup VII},
	number = {3020},
	year = {2004}}

@proceedings{proceedings-robocup04,
	address = {Lisbon, Portugal},
	editor = {Nardi, Daniele and Riedmiller, Martin and Sammut, Claude and Santos-Victor, Jos{\'e}},
	publisher = {Springer},
	series = {Lecture Notes in Artificial Intelligence},
	title = {RoboCup 2004: Robot Soccer World Cup VIII},
	number = {3276},
	year = {2005}}

@proceedings{proceedings-sab96,
	address = {Cambridge Ma.},
	editor = {Maes, Pattie and Mataric, Maja J. and Meyer, Jean-Arcady and Pollack, Jordan and Wilson, Stewart W.},
	publisher = {The MIT Press},
	title = {From Animals to Animats 4: Proceedings of the Fourth International Conference On Simulation of Adaptive Behavior},
	year = {1996}}

@proceedings{proceedings-sab98,
	address = {Cambridge Ma.},
	editor = {Pfeifer, Rolf and Blumberg, Bruce and Meyer, Jean-Arcady and Wilson, Stewart W.},
	publisher = {The MIT Press},
	title = {From Animals to Animats 5: Proceedings of the Fifth International Conference on Simulation of Adaptive Behavior},
	year = {1998}}

@proceedings{proceedings-srf98,
	title = {Proceedings of Sony Research Forum 1998},
	year = {1998}}

@proceedings{proceedings-srf99,
	title = {Proceedings of Sony Research Forum 1999},
	year = {1999}}
	
@article{pullum02empirical,
	year = {2002},
	author = {Pullum, G.K. and Scholz, B.C.},
	title = {Empirical Assessment of Stimulus Poverty Arguments},
	journal = {The Linguistic Review},
	volume = {19},
	pages = {9--50}}
	
@inproceedings{puzicha99histogram,
	address = {Fort Collins, CO},
	author = {Puzicha, Jan and Hofmann, Thomas and Buhmann, Joachim M.},
	booktitle = {Proceedings of the IEEE Conference on Computer Vision and Pattern Recognition (CVPR)},
	month = {6},
	pages = {602--608},
	title = {Histogram Clustering for Unsupervised Image Segmentation},
	year = {1999}}

@book{quine60word,
	address = {Cambridge, MA},
	author = {Quine, W.V.O.},
	publisher = {MIT Press},
	title = {Word and Object},
	year = {1960}}

@article{ramsay90disjunction,
	author = {Ramsay, Allan},
	title = {Disjunction Without Tears},
	journal = {Computational Linguistics},
	volume = {16},
	Number = {3},
	year = {1990},
	pages = {171--174}}
	
@incollection{reape94,
	author = {Reape, Mike},
	title = {Domain Union and Word Order Variation in {German}},
	booktitle = {{German} in {Head-Driven Phrase Structure Grammar}},
	pages = {151--197},
	year = {1994},
	address = {Stanford},
	publisher = {CSLI Publications}}

@inproceedings{rehrmann97fast,
	author = {Rehrmann, Volker and Priese, Lutz},
	booktitle = {3rdAsian Conference on Computer Vision},
	month = {1},
	pages = {598--606},
	title = {Fast and Robust Segmentation of Natural Color Scenes},
	year = {1998}}

@book{resnick91grounding,
	editor = {Resnick, Lauren B. and Levine, John M. and Teasley, Stephanie D.},
	publisher = {APA Books},
	title = {Perspectives on Socially Shared Cognition},
	year = {1991}}

@book{riegler99understanding,
	address = {New York},
	editor = {Riegler, Alenxander and Peschl, Markus and Stein, Astrid von},
	publisher = {Plenum Press},
	title = {Understanding Representation in the Cognitive Sciences -- Does Representation Need Reality?},
	year = {1999}}

@book{robins67history,
	author = {Robins, R.H.},
	title = {A Short History of Linguistics},
	address = {London},
	publisher = {Longman},
	year = {1967}}

@inproceedings{roefer03architecture,
	address = {Fukuoka, Japan},
	author = {R{\"o}fer, Thomas},
	booktitle = {RoboCup 2002: Robot Soccer World Cup VI},
	editor = {Kaminka, Gal A. and Lima, Pedro U. and Rojas, Ra{\'u}l},
	pages = {417--425},
	publisher = {Springer},
	series = {Lecture Notes in Artificial Intelligence},
	title = {An Architecture for a National RoboCup Team},
	number = {2752},
	year = {2003}}

@inproceedings{roefer04germanteam,
	address = {Padova, Italy},
	author = {R{\"o}fer, Thomas and Dahm, Ingo and D{\"u}ffert, Uwe and Hoffmann, Jan and J{\"u}ngel, Matthias and Kallnik, Martin and L{\"o}tzsch, Martin and Risler, Max and Stelzer, Max and Ziegler, Jens},
	booktitle = {RoboCup 2003: Robot Soccer World Cup VII},
	editor = {Polani, Daniel and Browning, Brett and Bonarini, Andrea},
	Note = {more detailed in GermanTeam RoboCup 2003. Technical Report (199 pages, http://www.germanteam.org/GT2003.pdf)},
	publisher = {Springer},
	series = {Lecture Notes in Artificial Intelligence},
	title = {GermanTeam 2003},
	number = {3020},
	year = {2004}}

@inproceedings{roefer05germanteam,
	address = {Lisbon, Portugal},
	author = {R{\"o}fer, Thomas and Brunn, Ronnie and Dahm, Ingo and Hebbel, Matthias and Hoffmann, Jan and J{\"u}ngel, Matthias and Laue, Tim and L{\"o}tzsch, Martin and Nistico, Walter and Spranger, Michael},
	booktitle = {RoboCup 2004: Robot Soccer World Cup VIII},
	editor = {Nardi, Daniele and Riedmiller, Martin and Sammut, Claude and Santos-Victor, Jos{\'e}},
	Note = {To appear. More detailed in GermanTeam RoboCup 2004. Technical Report (299 pages, http://www.germanteam.org/GT2004.pdf)},
	publisher = {Springer},
	series = {Lecture Notes in Artificial Intelligence},
	title = {GermanTeam 2004: The German National RoboCup Team},
	number = {3276},
	year = {2005}}

@article{rosch73natural,
	author = {Rosch, Elenora},
	journal = {Cognitive Psychology},
	pages = {573--605},
	title = {Natural Categories},
	volume = {7},
	year = {1973}}

@article{rosch75cognitive,
	author = {Rosch, Eleanor},
	journal = {Journal of Experimental Psychology: General},
	pages = {192--233},
	title = {Cognitive Representations of Semantic Categories},
	volume = {104},
	year = {1975}}

@article{roy02learning,
	author = {Roy, Deb and Pentland, Alex},
	journal = {Cognitive Science},
	Number = {1},
	pages = {113--146},
	title = {Learning Words from Sights and Sounds: A Computational Model},
	volume = {26},
	year = {2002}}

@article{roy05grounding,
	author = {Roy, Deb},
	journal = {Trends in Cognitive Sciences},
	Number = {8},
	pages = {389--396},
	title = {Grounding Words in Perception and Action},
	volume = {9},
	year = {2005}}

@article{roy05semiotic,
	author = {Roy, Deb},
	journal = {Artificial Intelligence},
	Number = {1-2},
	pages = {170--205},
	title = {Semiotic Schemas: a Framework for Grounding Language in Action and Perception},
	volume = {167},
	year = {2005}}

@phdthesis{roy99learning,
	author = {Roy, Deb},
	School = {Massachusetts Institute of Technology},
	title = {Learning Words from Sights and Sounds: A Computational Model},
	year = {1999}}

@book{russel95artificial,
	author = {Russel, Stuart and Norvig, Peter},
	publisher = {Prentice Hall},
	title = {Artificial Intelligence, A Modern Approach},
	year = {1995}}

@inproceedings{sag86unification,
	author = {Sag, Ivan A. and Kaplan, Ronald M. and Karttunen, Lauri and Kay, Martin and Pollard, Carl and Shieber, Stuart and Zaenen, Annie},
	title = {Unification and Grammatical Theory},
	booktitle = {Proceedings of the Fifth {West Coast} Conference on Formal Linguistics},
	year = {1986},
	address = {Stanford, CA},
	publisher = {CSLI Publications},
	pages = {238--255},
	URL = {http://lingo.stanford.edu/sag/papers/sagetal-1986.pdf}}

@inproceedings{sag03coordination,
	author = {Sag, Ivan A.},
	year = {2003},
	title = {Coordination and Underspecification},
	editor = {Kom, Jongbok and Wechsler, Stephen},
	booktitle = {Proceedings of the Ninth International Conference on {HPSG}},
	address = {Stanford},
	publisher = {CSLI}}

@incollection{sag07sbcg,
	author = {Sag, Ivan A.},
	title = {Sign-Based Construction Grammar: An Informal Synopsis},
	booktitle = {{Sign-Based Construction Grammar}},
	editor = {Boas, Hans C. and Sag, Ivan A.},
	year = {2013},
	publisher = {CSLI Publications},
	pages = {69--202},
	address = {Stanford}}

@book{sag94hpsg,
	address = {Chicago},
	author = {Pollard, Carl and Sag, Ivan A.},
	publisher = {University of Chicago Press},
	title = {{Head-Driven Phrase Structure Grammar}},
	year = {1994}}

@book{saussure05cours,
	address = {Paris},
	author = {de Saussure, Ferdinand},
	publisher = {Payot},
	title = {Cours de Linguistique G{\'e}n{\'e}rale},
	Note = {\'{E}dition Critique Pr{\'e}par{\'e}e par Tulio de Mauro, first published in 1967},
	Edition = {Sixth, Revised, 2005},
	year = {1916}}

@incollection{scassellati99imitation,
	address = {Berlin},
	author = {Scassellati, Brian},
	booktitle = {Computation for Metaphors, Analogy, and Agents},
	editor = {Nehaniv, Chrystopher L.},
	pages = {176--195},
	publisher = {Springer Verlag},
	series = {Lecture Notes in Artificial Intelligence},
	title = {Imitation and Mechanisms of Joint Attention: A Developmental Structure for Building Social Skills on a Humanoid Robot},
	number = {1562},
	year = {1999}}

@inproceedings{schneiderman98probabilistic,
	author = {Schneiderman, Henry and Kanade, Takeo},
	booktitle = {Proceedings of the IEEE Conference on Computer Vision and Pattern Recognition (CVPR)},
	month = {7},
	pages = {45--51},
	title = {Probabilistic Modeling of Local Appearance and Spatial Relationships for Object Recognition},
	year = {1998}}

@article{schober93spatial,
	author = {Schober, Michael F.},
	journal = {Cognition},
	pages = {1--24},
	title = {Spatial Perspective Taking in Conversation},
	volume = {47},
	year = {1993}}

@proceedings{schoenauer00proceedings,
	address = {Berlin},
	editor = {Schoenauer, M. and Deb, K. and Rudolph, G. and Yao, X. and Lutton, E. and Merelo, J.J. and Schwefel, H.-P.},
	publisher = {Springer-Verlag},
	series = {LNCS 1917},
	title = {Parallel Problem Solving from Nature IV},
	year = {2000}}

@article{searle80minds,
	author = {Searle, John R.},
	journal = {Behavioral and Brain Sciences},
	Number = {3},
	pages = {417-457},
	title = {Minds, Brains, and Programs},
	volume = {3},
	year = {1980}}

@book{shapiro01computervision,
	address = {Englewood Cliffs, NJ},
	author = {Shapiro, Linda G. and Stockman, George C.},
	publisher = {Prentice-Hall},
	title = {Computer Vision},
	year = {2001}}

@article{shannon48,
   author = {Shannon, C.E.},
   title = {A Mathematical Theory of Communication},
   journal = {The Bell System Technical Journal},
   volume = {47},
   pages = {379--423},
   year = {1948}}

@article{shepard71mental,
	author = {Shepard, Roger and Metzler, Jacqueline},
	journal = {Science},
	Number = {171},
	pages = {701--703},
	title = {Mental Rotation of Three-dimensional Objects},
	volume = {3},
	year = {1971}}

@book{shieber86unification,
	author = {Shieber, Stuart M.},
	title = {An Introduction to Unification-Based Approaches to Grammar},
	year = {1986},
	Edition = {Repr. 2003},
	publisher = {Microtome Publishing},
	address = {Brookline, MA},
	URL = {http://www.eecs.harvard.edu/shieber/Biblio/Papers/uagf-bound.pdf}}

@book{sinclair91corpus,
	author = {Sinclair, J.},
	title = {Corpus, Concordance, Collocation},
	address = {Oxford},
	publisher = {Oxford University Press},
	year = {1991}}

@inproceedings{sinha01epigenesis,
	author = {Sinha, Cris},
	booktitle = {Proceedings of the First International Workshop on Epigenetic Robotics: Modeling Cognitive Development in Robotic Systems},
	editor = {Balkenius et al, Christian},
	series = {Lund University Cognitive Studies},
	title = {The Epigenesis of Symbolization},
	number = {85},
	year = {2001}}

@article{Siskind:2000,
	author = {Siskind, J.M.},
	year = {2000},
	title = {Grounding language in perception},
	journal = {Artificial  Intelligence Review},
	volume = {8},
	Number = {5-6},
	pages = {371--391}}

@inproceedings{siskind00visual,
	author = {Siskind, Jeffrey Mark},
	booktitle = {{Proceedings of the National Conference on Artificial Intelligence (AAAI)}},
	month = {8},
	pages = {149--155},
	title = {Visual Event Classification via Force Dynamics},
	year = {2000}}

@article{siskind01grounding,
	author = {Siskind, Jeffrey Mark},
	title = {Grounding the Lexical Semantics of Verbs in Visual Perception Using Force Dynamics and Event Logic},
	journal = {Journal of Artificial Intelligence Research},
	volume = {15},
	year = {2001},
	pages = {31--90}}

@article{siskind95grounding,
	author = {Siskind, Jeffrey Mark},
	journal = {Artificial Intelligence Review},
	Number = {5-6},
	pages = {371--391},
	title = {Grounding Language in Perception},
	volume = {8},
	year = {1995}}

@inproceedings{siskind96maximumlikelihood,
	author = {Siskind, Jeffrey Mark and Morris, Quaid},
	booktitle = {Proceedings of the Fourth European Conference on Computer Vision},
	pages = {347--360},
	publisher = {Springer},
	series = {Lecture Notes in Computer Science},
	title = {A Maximum-Likelihood Approach to Visual Event Classification},
	number = {1064},
	year = {1996}}

@book{skousen89analogical,
	author = {Skousen, Royal},
	title = {Analogical Modeling of Language},
	address = {Dordrecht},
	publisher = {Kluwer},
	year = {1989}}

@article{smith03intelligent,
	author = {Smith, Andrew D.M.},
	journal = {Artificial Life},
	Number = {2},
	pages = {175--190},
	title = {Intelligent Meaning Creation in a Clumpy World Helps Communication},
	volume = {9},
	year = {2003}}

@article{smith05inferential,
	author = {Smith, Andrew D.M.},
	title = {The Inferential Transmission of Language},
	journal = {Adaptive Behavior},
	volume = {13},
	Number = {4},
	pages = {311--324},
	year = {2005}}

@article{smith03iterated,
	author = {Smith, Kenny and Kirby, Simon and Brighton, Henry},
	journal = {Artificial Life},
	Number = {4},
	pages = {371--386},
	title = {Iterated Learning: A Framework for the Emergence of Language},
	volume = {9},
	year = {2003}}

@inproceedings{smith03language,
	author = {Smith, Kenny and Hurford, James R.},
	title = {Language Evolution in Populations: Extending the Iterated Learning Model},
	editor = {Banzhaf, W. and Ziegler, J. and Dittrich, P. and Kim, J.T. and Christaller, T.},
	booktitle = {Advances in Artificial Life: {Proceedings of the 7th European Conferenceon Artificial Life}},
	year = {2003},
	publisher = {Springer},
	address = {2003},
	pages = {507--516}}

@phdthesis{smith03transmission,
	author = {Smith, Kenny},
	title = {The Transmission of Language: Models of Biological and Cultural Evolution},
	School = {University of Edinburgh},
	year = {2003},
	address = {Edinburgh}}

@article{smith08holistic,
	author = {Smith, Kenny},
	title = {Is a Holistic Protolanguage a Plausible Precursor to Language? A Test Case for Modern Evolutionary Linguistics},
	journal = {Interaction Studies},
	year = {2008},
	volume = {9},
	Number = {1},
	month = {3},
	pages = {1--17}}

@book{sperber86relevance,
	author = {Sperber, D. and Wilson, D. S.},
	title = {Relevance: Communication and Cognition},
	publisher = {Harvard University Press},
	address = {Cambridge, MA},
	year = {1986}}

@inproceedings{spranger10open-ended,
	author = {Spranger, Michael and Pauw, Simon and Loetzsch, Martin},
	title = {Open-Ended Semantics Co-Evolving with Spatial Language},
	BOOKTITLE = {The Evolution of Language ({EVOLANG} 8)},
	EDITOR = {Smith, A.D.M. and Schouwstra, M. and de Boer, B. and Smith, K.},
	PUBLISHER={World Scientific},
	address = {Singapore},
	year = {2010}}

@book{steedman00syntactic,
	author = {Steedman, Mark},
	title = {The Syntactic Process},
	address = {Cambridge, MA},
	publisher = {MIT Press},
	year = {2000}}

@incollection{beuls12diagnostics,
	author = {Beuls, Katrien and {van Trijp}, Remi and Wellens, Pieter},
	title = {Diagnostics and Repairs in {Fluid Construction Grammar}},
	editor = {Steels, Luc and Hild, Manfred},
	booktitle = {Language Grounding in Robots},
	publisher = {Springer},
	pages = {215--234},
	year = {2012},
	address = {Berlin/New York}}

@incollection{vantrijp12robust,
	author = {{van Trijp}, Remi},
	title = {A Reflective Architecture for Robust Language Processing and Learning},
	booktitle = {Computational Issues in {Fluid Construction Grammar}},
	publisher = {Springer},
	editor = {Steels, Luc},
	pages = {51--74},
	year = {2012},
	address = {Heidelberg/Berlin}}

@incollection{steels12action,
	author = {Steels, Luc and Spranger, Michael and {van Trijp}, Remi and H\"{o}fer, Sebastian and Hild, Manfred},
	title = {Emergent Action Language on Real Robots},
	editor = {Steels, Luc and Hild, Manfred},
	booktitle = {Language Grounding in Robots},
	publisher = {Springer},
	pages = {255--276},
	year = {2012},
	address = {Berlin/New York}}

@book{steels12computational,
	editor = {Steels, Luc},
	title = {Computational Issues in {Fluid Construction Grammar}},
	publisher = {Springer},
	year = {2012},
	address = {Heidelberg/Berlin}}
	
@book{steels12language,
	editor = {Steels, Luc and Hild, Manfred},
	title = {Language Grounding in Robots},
	publisher = {Springer},
	year = {2012},
	address = {Berlin/New York}}

@incollection{steels11can,
  author = {Steels, Luc},
  title = {Can Evolutionary Linguistics Become a Science?},
  editor = {Lefebvre, C.},
  booktitle = {The Origins of Language},
  address = {Cambridge},
  publisher = {Cambridge University Press},
  year = {2011}}


@inproceedings{steels00emergence,
	address = {Berlin, Germany},
	author = {Steels, Luc},
	booktitle = {Proceedings of the 14th European Conference on Artificial Intelligence (ECAI)},
	editor = {Horn, Werner},
	month = {8},
	pages = {764--769},
	publisher = {IOS Press},
	title = {The Emergence of Grammar in Communicating Autonomous Robotic Agents},
	year = {2000}}

@inproceedings{steels00language,
	address = {Berlin},
	author = {Steels, Luc},
	booktitle = {Parallel Problem Solving from Nature},
	editor = {Schoenauer, M. and Deb, K. and Rudolph, G. and Yao, X. and Lutton, E. and Merelo, J.J. and Schwefel, H.-P.},
	pages = {17--28},
	publisher = {Springer-Verlag},
	series = {LNCS 1917},
	title = {Language as a Complex Adaptive System},
	year = {2000}}

@article{steels00puzzle,
	author = {Steels, Luc},
	title = {The Puzzle of Language Evolution},
	journal = {Kognitionswissenschaft},
	volume = {8},
	Number = {4},
	pages = {153--150},
	year = {2000}}

@article{steels01aibos,
	author = {Steels, Luc and Kaplan, Fr{\'e}d{\'e}ric},
	journal = {Evolution of Communication},
	Number = {1},
	pages = {3--32},
	title = {Aibo's First Words: The Social Learning of Language and Meaning},
	volume = {4},
	year = {2001}}

@article{steels01language,
	author = {Steels, Luc},
	journal = {IEEE Intelligent Systems},
	month = {10},
	pages = {16--22},
	title = {Language Games for Autonomous Robots},
	pages = {16--22},
	volume = {16},
	issue = {5},
	year = {2001}}

@incollection{steels02bootstrapping,
	address = {Cambridge},
	author = {Steels, Luc and Kaplan, Fr{\'e}d{\'e}ric},
	booktitle = {Linguistic Evolution through Language Acquisition: Formal and Computational Models},
	editor = {Briscoe, T.},
	pages = {53--73},
	publisher = {Cambridge University Press},
	title = {Bootstrapping Grounded Word Semantics},
	year = {2002}}

@incollection{steels02crucial,
	address = {Oxford, UK},
	author = {Steels, Luc and Kaplan, Fr{\'e}d{\'e}ric and McIntyre, Angus and Van Looveren, Joris},
	booktitle = {The Transition to Language},
	editor = {Wray, Alison},
	publisher = {Oxford University Press},
	title = {Crucial Factors in the Origins of Word-Meaning},
	pages ={252--271},
	year = {2002}}

@incollection{steels02grounding,
	address = {London},
	booktitle = {Simulating the Evolution of Language},
	editor = {Cangelosi, Angelo and Parisi, Domenico},
	publisher = {Springer Verlag},
	author = {Steels, Luc},
	pages = {211--226},
	title = {Grounding Symbols Through Evolutionary Language Games},
	year = {2002}}

@inproceedings{steels02simulating,
	address = {Harvard},
	author = {Steels, Luc},
	booktitle = {Proceedings of the Evolution of Language Conference},
	month = {4},
	title = {Simulating the Evolution of a Grammar for Case},
	year = {2002}}

@inproceedings{steels01role,
	address = {Menlo Park, CA},
	author = {Steels, Luc},
	booktitle = {Papers from the 2001 AAI Spring Symposium},
	editor = {Cohen, P.R. and Oates, T.},
	publisher = {AAAI Press},
	title = {The Role of Language in Learning Grounded Representations},
	year = {2001}}

@article{steels03evolving,
	author = {Steels, Luc},
	journal = {Trends in Cognitive Sciences},
	Number = {7},
	pages = {308--312},
	title = {Evolving Grounded Communication for Robots},
	volume = {7},
	year = {2003}}

@article{steels03intelligence,
	author = {Steels, Luc},
	journal = {Philosophical Transactions of the Royal Society A},
	month = {10},
	Number = {1811},
	pages = {2381--2395},
	title = {Intelligence With Representation},
	volume = {361},
	year = {2003}}

@article{steels03language,
	author = {Steels, Luc},
	journal = {Journal of Consciousness Studies},
	Number = {4-5},
	pages = {173--185},
	title = {Language Re-Entrance and the `Inner Voice'},
	volume = {10},
	year = {2003}}

@article{steels03shared,
	author = {Steels, Luc and Baillie, Jean-Christophe},
	journal = {Robotics and Autonomous Systems},
	Number = {2-3},
	pages = {163--173},
	title = {Shared Grounding of Event Descriptions by Autonomous Robots},
	volume = {43},
	year = {2003}}

@incollection{steels04architecture,
	author = {Steels, Luc},
	title = {The Architecture of Flow},
	booktitle = {A Learning Zone of One's Own},
	editor = {Tokoro, Mario and Steels, Luc},
	pages = {135--150},
	publisher = {IOS Press},
	address = {Amsterdam},
	year = {2004}}

@inproceedings{steels04autotelic,
	author = {Steels, Luc},
	title = {The Autotelic Principle},
	booktitle = {Embodied Artificial Intelligence},
	editor = {Fumiya, I. and Pfeifer, R. and Steels, L. and Kunyoshi, K.},
	pages = {231--242},
	publisher = {Springer},
	address = {Berlin},
	series = {LNAI},
	number = {3139},
	year = {2004}}

@inproceedings{steels04constructivist,
	address = {Barcelona},
	author = {Steels, Luc},
	booktitle = {Proceedings 42nd Annual Meeting of the Association for Computational Linguistics},
	editor = {Daelemans, Walter},
	pages = {9--19},
	title = {Constructivist Development of Grounded Construction Grammars},
	year = {2004}}

@incollection{steels04social,
	address = {Cambridge, MA},
	author = {Steels, Luc},
	booktitle = {Evolution of Communication Systems: A Comparative Approach},
	editor = {Oller, D. Kimbrough and Griebel, Ulrike},
	pages = {69--90},
	publisher = {MIT Press},
	title = {Social and Cultural Learning in the Evolution of Human Communication},
	year = {2004}}

@article{steels05coordinating,
	author = {Steels, Luc and Belpaeme, Tony},
	journal = {Behavioral and Brain Sciences},
	pages = {469--529},
	title = {Coordinating Perceptually Grounded Categories Through Language: A Case Study For Colour},
	volume = {28},
	year = {2005}}

@article{steels05emergence,
	author = {Steels, Luc},
	journal = {Connection Science},
	Number = {3/4},
	pages = {213--230},
	title = {The Emergence and Evolution of Linguistic Structure: From Lexical to Grammatical Communication Systems},
	volume = {17},
	year = {2005}}

@inproceedings{steels05linking,
	address = {Brussels, Belgium},
	author = {Steels, Luc and De Beule, Joachim and Neubauer, Nicolas},
	booktitle = {Proceedings of the 17th Belgium-Netherlands Conference on Artificial Intelligence (BNAIC '05)},
	pages = {11--18},
	title = {Linking in {F}luid {C}onstruction {G}rammar},
	year = {2005}}

@inproceedings{steels05planning,
	address = {Santiago de Compostela},
	author = {Steels, Luc and Bleys, Joris},
	booktitle = {Proceedings CAEPIA 2005, 11th conference of the Spanish association for Artififcial Intelligence},
	editor = {Bugar{\'\i}n Diz, Alberto J. and Santos Reyes, Jos{\'e}},
	month = {11},
	publisher = {Springer},
	series = {Lecture Notes in Artificial Intelligence},
	title = {Planning What To Say: Second Order Semantics for {F}luid {C}onstruction {G}rammars},
	year = {2005}}

@inproceedings{steels05what,
	address = {Hatfield},
	author = {Steels, Luc},
	booktitle = {AISB'05: Proceedings of EELC'05},
	pages = {143--150},
	publisher = {AISB},
	editor = {Cangelosi, A. and Nehaniv, C.L.},
	title = {What Triggers the Emergence of Grammar?},
	year = {2005}}

@inproceedings{steels06how-grammar,
	address = {Berlin},
	author = {Steels, Luc and Wellens, Pieter},
	booktitle = {Symbol Grounding and Beyond. Proceedings of the Third EELC},
	editor = {Vogt, P. and Sugita, Y. and Tuci, E. and Nehaniv, C.},
	pages = {76--88},
	publisher = {Springer-Verlag},
	series = {LNAI 4211},
	title = {How Grammar Emerges to Dampen Combinatorial Search in Parsing},
	year = {2006}}

@inproceedings{steels06how,
	address = {London},
	author = {Steels, Luc},
	booktitle = {Proceedings of the 6th International Conference on the Evolution of Language},
	editor = {Cangelosi, Angelo and Smith, Andrew and Smith, Kenny},
	publisher = {World Scientific Publishing},
	title = {How to do Experiments in Artificial Language Evolution and Why},
	year = {2006}}

@inproceedings{steels06unify,
	address = {Berlin},
	author = {Steels, Luc and De Beule, Joachim},
	booktitle = {Symbol Grounding and Beyond.},
	editor = {Vogt, P. and Sugita, Y. and Tuci, E. and Nehaniv, C.},
	pages = {197--223},
	publisher = {Springer},
	series = {LNAI 4211},
	title = {Unify and Merge in {F}luid {C}onstruction {G}rammar},
	year = {2006}}

@inproceedings{steels07multilevel,
	address = {Berlin},
	author = {Steels, Luc and {van Trijp}, Remi and Wellens, Pieter},
	booktitle = {Advances in Artificial Life (ECAL 2007)},
	editor = {Almeida e Costa, Fernando and Rocha, Luis M. and Costa, Ernesto and Harvey, Inman},
	publisher = {Springer},
	pages = {421--434},
	series = {LNAI 4648},
	title = {Multi-Level Selection in the Emergence of Language Systematicity},
	year = {2007}}

@incollection{steels08perspective-alignment,
	author = {Steels, Luc and Loetzsch, Martin},
	booktitle = {Spatial Language and Dialogue},
	editor = {Coventry, Kenny R. and Tenbrink, Thora and Bateman, John. A},
	publisher = {Oxford University Press},
	address = {Oxford},
	title = {Perspective Alignment in Spatial Language},
	pages = {70--88},
	year = {2008}}

@incollection{steels07recruitment,
	author = {Steels, Luc},
	booktitle = {The Emergence of Communication and Language},
	editor = {Lyon, C. and Nehaniv, C. and Cangelosi, A.},
	publisher = {Springer Verlag},
	title = {The Recruitment Theory of Language Origins},
	address = {Berlin},
	pages = {129--151},
	year = {2007}}

@inproceedings{steels07scaffolding,
	address = {Honolulu, HI},
	author = {Steels, Luc and Wellens, Pieter},
	booktitle = {IEEE Symposium on Artificial Life 2007 (Alife'07)},
	publisher = {Wiley -- IEEE Press},
	pages = {325--332},
	title = {Scaffolding Language Emergence Using the Autotelic Principle},
	year = {2007}}
	
@article{steels08robot,
	author = {Steels, Luc and Spranger, Michael},
	title = {The Robot in the Mirror},
	journal = {Connection Science},
	year = {2008},
	volume = {20},
	Number = {2-3},
	pages = {337--358}}

@incollection{steels09cognition,
	author = {Steels, Luc},
	title = {Cognition and Social Dynamics Play a Major Role in the Formation of Grammar},
	editor = {Bickerton, Dereck and Szathm\'ary, Eors},
	booktitle = {Biological Foundations and Origin of Syntax},
	series = {Str\"ungmann Forum Reports},
	number = {3},
	publisher = {MIT Press},
	address = {Cambridge MA},
	pages = {345--368},
	year = {2009}}

@article{steels09can,
	author = {Steels, Luc},
	title = {Can Evolutionary Linguistics Become a Science?},
	year = {submitted}}

@book{steels11design,
	editor = {Steels, Luc},
	title = {Design Patterns in {F}luid {C}onstruction {G}rammar},
	address = {Amsterdam},
	publisher = {John Benjamins},
	year = {2011}}

@book{steels11experiments,
	editor = {Steels, Luc},
	title = {Experiments in Cultural Language Evolution},
	address = {Amsterdam},
	publisher = {John Benjamins},
	year = {2012}}

@incollection{steels11how,
	author = {Steels, Luc and {van Trijp}, Remi},
	title = {How to Make Construction Grammars Fluid and Robust},
	booktitle = {Design Patterns in {F}luid {C}onstruction {G}rammar},
	year = {2011},
	pages = {301--330},
	address = {Amsterdam},
	editor = {Steels, Luc},
	publisher = {John Benjamins}}

@article{steels94alife-roots,
	author = {Steels, Luc},
	journal = {Artificial Life},
	pages = {89--125},
	title = {The Artificial Life Roots of Artificial Intelligence},
	volume = {1},
	year = {1994}}

@book{steels95alife-route,
	address = {New Haven},
	editor = {Steels, Luc and Brooks, Rodney A.},
	publisher = {Lawrence Erlbaum Ass},
	title = {The `Artificial Life' Route to Artificial Intelligence: Building Embodied, Situated Agents},
	year = {1995}}

@article{steels96selforganizing,
	author = {Steels, Luc},
	journal = {Artificial Life},
	Number = {3},
	pages = {319--332},
	title = {A Self-Organizing Spatial Vocabulary},
	volume = {2},
	year = {1996}}

@inproceedings{steels96emergent,
	address = {Cambridge Ma.},
	author = {Steels, Luc},
	booktitle = {From Animals to Animats 4: {Proceedings of the Fourth International Conference On Simulation of Adaptive Behavior}},
	editor = {Maes, Pattie and Mataric, Maja J. and Meyer, Jean-Arcady and Pollack, Jordan and Wilson, Stewart W.},
	pages = {562--567},
	publisher = {The MIT Press},
	title = {Emergent Adaptive Lexicons},
	year = {1996}}

@inproceedings{steels96perceptually,
	author = {Steels, Luc},
	booktitle = {Proceedings of the Second International Conference on Multi-Agent Systems},
	editor = {Tokoro, Mario},
	pages = {338--344},
	publisher = {AAAI Press},
	address = {Menlo Park},
	title = {Perceptually Grounded Meaning Creation},
	year = {1996}}

@inproceedings{steels97constructing,
	address = {Prague, Czech Republic},
	author = {Steels, Luc},
	booktitle = {Proceedings of the European Conference on Machine Learning},
	editor = {van Someren, Maarten W. and Widmer, Gerhard},
	month = {4},
	pages = {4--13},
	publisher = {Springer},
	title = {Constructing and Sharing Perceptual Distinctions},
	year = {1997}}

@inproceedings{steels97grounding,
	address = {Brighton, U.K.},
	author = {Steels, Luc and Vogt, Paul},
	booktitle = {Proceedings of the 4th European Conference on Artificial Life},
	editor = {Husbands, Phil and Harvey, Inman},
	month = {7},
	pages = {473--484},
	publisher = {The MIT Press},
	title = {Grounding Adaptive Language Games in Robotic Agents},
	year = {1997}}

@inproceedings{steels97language-learning,
	address = {Prague, Czech Republic},
	author = {Steels, Luc},
	booktitle = {Workshop Notes of the ECML/MLnet Familiarization Workshop on Empirical Learning of Natural Language Processing Tasks},
	editor = {Daelemans, Walter and van den Bosh, Antal and Weijters, Ton},
	month = {4},
	publisher = {ECML/MLnet},
	title = {Language Learning and Language Contact},
	year = {1997}}

@article{steels97origins-ontologies,
	author = {Steels, Luc},
	journal = {Journal of Agents and Multi-Agent Systems},
	Number = {1},
	pages = {169--194},
	title = {The Origins of Ontologies and Communication Conventions in Multi-Agent Systems},
	volume = {1},
	year = {1997}}

@inproceedings{steels97origins-syntax,
	address = {San Francisco, CA},
	author = {Steels, Luc},
	booktitle = {Proceedings of the Fifteenth International Joint Conference on Artificial Intelligence},
	editor = {Pollack, Martha E.},
	pages = {1632--1641},
	publisher = {Morgan Kaufmann},
	title = {The Origins of Syntax in Visually Grounded Robotic Agents},
	year = {1997}}

@inproceedings{steels97selforganizing,
	author = {Steels, Luc},
	booktitle = {Proceeding of Alife V},
	editor = {Langton, Christopher G.},
	title = {Self-Organizing Vocabularies},
	year = {1997}}

@incollection{steels97synthesising,
	address = {Edinburgh},
	author = {Steels, Luc},
	booktitle = {Approaches to the Evolution of Language: Social and Cognitive Bases},
	editor = {Hurford, James R. and Studdert-Kennedy, Michael and Knight, Chris},
	pages = {384--404},
	publisher = {Edinburgh University Press},
	title = {Synthesising the Origins of Language and Meaning Using Co-evolution, Self-organisation and Level Formation},
	year = {1998}}

@article{steels97synthetic,
	author = {Steels, Luc},
	journal = {Evolution of Communication},
	Number = {1},
	pages = {1--34},
	title = {The Synthetic Modeling of Language Origins},
	volume = {1},
	year = {1997}}

@unpublished{steels98origin,
	author = {Steels, Luc},
	Note = {Presented at Conference of the Evolution of Language in 1998},
	title = {The Origin of Linguistic Categories},
	year = {1998}}

@article{steels98origins,
	author = {Steels, Luc},
	journal = {Artificial Intelligence},
	Number = {1-2},
	pages = {133--156},
	title = {The Origins of Syntax in Visually Grounded Robotic Agents},
	volume = {103},
	year = {1998}}

@inproceedings{steels98spontaneous,
	address = {San Francisco, CA},
	author = {Steels, Luc and Kaplan, Fr{\'e}d{\'e}ric},
	booktitle = {Proceedings {COLING}-{ACL} 1998},
	month = {8},
	pages = {1243--1250},
	publisher = {Morgan Kaufmann},
	title = {Spontaneous Lexicon Change},
	year = {1998}}

@inproceedings{steels98stochasticity,
	author = {Steels, Luc and Kaplan, Fr{\'e}d{\'e}ric},
	booktitle = {Proceedings of the Sixth International Conference on Artificial Life},
	editor = {Adami, Christoph and Belew, Richard K. and Kitano, Hiroaki and Taylor, Charles E.},
	publisher = {MIT Press},
	title = {Stochasticity as a Source of Innovation in Language Games},
	year = {1998}}

@inproceedings{steels98structural,
	address = {Cambridge Ma.},
	author = {Steels, Luc},
	booktitle = {From Animals to Animats 5: Proceedings of the Fifth International Conference on Simulation of Adaptive Behavior},
	editor = {Pfeifer, Rolf and Blumberg, Bruce and Meyer, Jean-Arcady and Wilson, Stewart W.},
	pages = {263--269},
	publisher = {The MIT Press},
	title = {Structural Coupling of Cognitive Memories Through Adaptive Language Games},
	year = {1998}}

@inproceedings{steels99collective,
	address = {Lausanne, Switzerland},
	author = {Steels, Luc and Kaplan, Fr{\'e}d{\'e}ric},
	booktitle = {Advances in Artificial Life. Proceedings of the Fifth European Conference, ECAL'99},
	editor = {Floreano, Dario and Nicoud, Jean-Daniel and Mondada, Francesco},
	month = {9},
	pages = {679--688},
	publisher = {Springer},
	series = {Lecture Notes in Computer Science},
	title = {Collective learning and semiotic dynamics},
	number = {1674},
	year = {1999}}

@inproceedings{steels99how,
	address = {Bielefeld},
	author = {Steels, Luc},
	booktitle = {Proceedings der 4. Fachtagung der Gesellschaft f{\"u}r Kognitionswissenschaft},
	editor = {Wachsmuth, Ipke and Jung, Bernhard},
	month = {9},
	pages = {1--3},
	title = {How Language Bootstraps Cognition},
	year = {1999}}

@inproceedings{steels99situated,
	address = {Stockholm, Sweden},
	author = {Steels, Luc and Kaplan, Fr{\'e}d{\'e}ric},
	booktitle = {Proceedings of the Sixteenth International Joint Conference on Artificial Intelligence (IJCAI'99)},
	editor = {Dean, Thomas},
	month = {8},
	pages = {862--867},
	publisher = {Morgan Kaufmann},
	title = {Situated Grounded Word Semantics},
	year = {1999}}

@article{steels99spatially,
	author = {Steels, Luc and McIntyre, Angus},
	journal = {Advances in Complex Systems},
	Number = {4},
	pages = {301--323},
	title = {Spatially Distributed Naming Games},
	volume = {1},
	year = {1999}}

@incollection{steels99spontaneous,
	address = {Oxford},
	author = {Steels, Luc},
	booktitle = {Machine Intelligence 15},
	editor = {Muggleton, Stephen},
	pages = {205--224},
	publisher = {Oxford University Press},
	title = {The Spontaneous Self-organization of an Adaptive Language},
	year = {1999}}

@book{steels99talking-heads,
	author = {Steels, Luc},
	Note = {Special pre-edition for LABORATORIUM, Antwerpen},
	publisher = {VUB Artificial Intelligence Laboratory},
	address = {Brussels},
	title = {The Talking Heads Experiment. Volume 1. Words and Meanings},
	year = {1999}}

@article{stefanowitsch03collostructions,
	author = {Stefanowitsch, Anatol and Gries, Stefan Th.},
	journal = {International Journal of Corpus Linguistics},
	Number = {8},
	pages = {209--243},
	title = {Collostructions: Investigating the Interaction of Words and Constructions},
	volume = {2},
	year = {2003}}

@article{stromswold01heritability,
	author = {Stromswold, Karin},
	journal = {Language},
	Number = {4},
	pages = {647--723},
	title = {The Heritability of Language: A Review and Metaanalysis of Twin, Adoption, and Linkage Studies},
	volume = {77},
	year = {2001}}

@book{sutton98reinforcement,
	address = {Cambridge, MA},
	author = {Sutton, Richard S. and Barto, Andrew G.},
	publisher = {MIT Press},
	title = {Reinforcement Learning: An Introduction},
	year = {1998}}

@incollection{szathmary01origin,
	address = {Berlin},
	author = {Szathm{\'a}ry, E{\"o}rs},
	booktitle = {New Essays on the Origins of Language},
	editor = {Trabant, J{\"u}rgen and Ward, Sean},
	pages = {41--55},
	publisher = {Mouton de Gruyter},
	series = {Trends in Linguistics},
	title = {Origin of the Human Language Faculty: The Language Amoeba Hypothesis},
	year = {1991}}

@book{tajima85syntactic,
	address = {Tokyo},
	author = {Tajima, M.},
	publisher = {Nan'un-do},
	title = {The Syntactic Development of the Gerund in Middle {E}nglish},
	year = {1985}}

@book{tallerman05language,
	address = {Oxford},
	editor = {Tallerman, Maggie},
	publisher = {Oxford University Press},
	title = {Language Origins: Perspectives on Evolution},
	year = {2005}}

@article{tallerman06did,
	author = {Tallerman, Maggie},
	journal = {Lingua},
	title = {Did Our Ancestors Speak a Holistic Protolanguage?},
	year = {2006}}

@book{talmy00toward1,
	address = {Cambridge, Mass},
	author = {Talmy, Leonard},
	publisher = {MIT Press},
	title = {Toward a Cognitive Semantics, Concept Structuring Systems},
	volume = {1},
	year = {2000}}

@book{talmy00toward2,
	address = {Cambridge, Mass},
	author = {Talmy, Leonard},
	publisher = {MIT Press},
	title = {Toward a Cognitive Semantics, Typology and Process in Concept Structuring},
	volume = {1},
	year = {2000}}

@incollection{talmy06fundamental,
	address = {Berlin},
	author = {Talmy, Leonard},
	booktitle = {From Perception to Meaning: Image Schemas in Cognitive Linguistics},
	editor = {Hampe, Beate},
	pages = {37--47},
	publisher = {Mouton De Gruyter},
	series = {Cognitive Linguistics Research},
	title = {The Fundamental System of Spatial Schemas in Language},
	year = {2006}}

@book{tattersall98origin,
	address = {New York},
	author = {Tattersall, Ian},
	publisher = {American Museum of Natural History},
	title = {The Origin of the Human Capacity},
	year = {1998}}

@book{thelen94dynamic,
	address = {Cambridge, MA},
	author = {Thelen, Esther and Smith, Linda},
	publisher = {MIT Press},
	title = {A Dynamic Systems Approach to the Development of Cognition and Action},
	year = {1994}}

@incollection{timberlake77reanalysis,
	address = {Austin},
	author = {Timberlake, Alan},
	booktitle = {Mechanisms of Syntactic Change},
	editor = {Li, Charles N.},
	pages = {141--177},
	publisher = {University of Texas Press},
	title = {Reanalysis and Actualization in Syntactic Change},
	year = {1977}}

@book{tomasello03constructing,
	author = {Tomasello, Michael},
	publisher = {Harvard University Press},
	title = {Constructing a Language. A Usage Based Theory of Language Acquisition},
	year = {2003}}

@book{tomasello03new,
	address = {Mahwah, New Jersey},
	editor = {Tomasello, Michael},
	publisher = {Lawrence Erlbaum},
	title = {The New Psychology of Language},
	volume = {2},
	year = {2003}}

@article{tomasello05beyond,
	author = {Tomasello, Michael},
	journal = {The Linguistic Review},
	pages = {183--197},
	title = {Beyond Formalities: The Case of Language Acquisition},
	volume = {22},
	year = {2005}}

@incollection{tomasello95jointattention,
	address = {Hillsdale, NJ},
	author = {Tomasello, Michael},
	booktitle = {Joint Attention: Its Origins and Role in Development},
	editor = {Moore, Chris and Dunham, Philip J.},
	publisher = {Lawrence Erlbaum Associates},
	title = {Joint Attention as Social Cognition},
	pages = {103--130},
	year = {1995}}

@book{tomasello99cultural,
	address = {Harvard},
	author = {Tomasello, Michael},
	publisher = {Harvard University Press},
	title = {The Cultural Origins of Human Cognition},
	year = {1999}}

@book{tomlin86basic,
	address = {London},
	author = {Tomlin, Russel S.},
	publisher = {Croom Helm},
	title = {Basic Word Order: Functional Principles},
	year = {1986}}

@incollection{tonkes02methodological,
	author = {Tonkes, Bradley and Wiles, Janet},
	year = {2002},
	title = {Methodological Issues in Simulating the Emergence of Language},
	editor = {Wray, Alison},
	booktitle = {The Transition to Language},
	publisher = {Oxford University Press},
	address = {Oxford}}

@book{trabant01newessays,
	address = {Berlin},
	editor = {Trabant, J{\"u}rgen and Ward, Sean},
	publisher = {Mouton de Gruyter},
	series = {Trends in Linguistics},
	title = {New Essays on the Origins of Language},
	year = {1991}}

@book{traugott91approaches1,
	address = {Amsterdam},
	editor = {Traugott, Elizabeth Closs and Heine, Bernd},
	publisher = {John Benjamins},
	series = {Typological Studies in Language},
	number = {19},
	title = {Approaches to Grammaticalization},
	volume = {1},
	year = {1991}}

@book{traugott91approaches2,
	address = {Amsterdam},
	editor = {Traugott, Elizabeth Closs and Heine, Bernd},
	publisher = {John Benjamins},
	series = {Typological Studies in Language},
	number = {19},
	title = {Approaches to Grammaticalization},
	volume = {2},
	year = {1991}}

@incollection{traugott92syntax,
	author = {Traugott, Elizabeth Closs},
	title = {Syntax},
	pages = {168--289},
	editor = {Hogg, Richard M.},
	booktitle = {The Cambridge History of the {E}nglish Language. The Beginnings to 1066},
	volume = {1},
	year = {1992},
	address = {Cambridge},
	publisher = {Cambridge University Press}}

@inproceedings{treister-goren01creating,
	author = {Treister-Goren, Anat and Hutchens, Jason L.},
	booktitle = {Proceedings of the First International Workshop on Epigenetic Robotics: Modeling Cognitive Development in Robotic Systems},
	editor = {Balkenius et al, Christian},
	series = {Lund University Cognitive Studies},
	title = {Creating AI: A Unique Interplay Between the Development of Learning Algorithms and their Education},
	number = {85},
	year = {2001}}

@article{tremblay11processing,
	author = {Tremblay, A. and Derwing, B. and Libben, G. and Westbury, C.},
	title = {Processing Advantages of Lexical Bundles: Evidence from Self-Paced Reading and Sentence Recall Tasks},
	journal = {Language Learning},
	volume = {61},
	Number = {2},
	pages = {569--613},
	year = {2011}}

@incollection{Trevarthen:1993,
	author = {Trevarthen, C.},
	year = {1993},
	title = {The Self Born},
	booktitle = {Intersubjectivity: The Psychology of an Infant Communicating. The Perceived Self},
	editor = {Neisser, U.},
	publisher = {Cambridge University Press},
	address = {Cambridge},
	pages = {121--173}}

@article{turing50computing,
	author = {Turing, Alan},
	journal = {Mind},
	pages = {433--460},
	title = {Computing Machinery and Intelligence},
	volume = {59},
	year = {1950}}

@incollection{valenzuela11variation,
	author = {Valenzuela, Javier and {van Trijp}, Remi and Garachana, Mar and Hilferty, Joe},
	title = {Variation in Grammar and {F}luid {C}onstruction {G}rammar: A Case Study of the {S}panish Clitic System},
	year = {to appear}}

@book{vanbelle96dative,
	address = {Amsterdam},
	editor = {Van Belle, William and Van Langendonck, Willy},
	publisher = {John Benjamins},
	series = {Case and Grammatical Relations Across Languages},
	title = {The Dative. Volume 1: Descriptive Studies},
	year = {1996}}

@book{vancoetsem90ablaut,
	address = {Heidelberg},
	author = {Van Coetsem, Frans},
	publisher = {Carl Winter},
	series = {Untersuchungen zur vergleichende Grammatik der germanischen Sprachen 3},
	title = {Ablaut and Reduplication in the Germanic Verb},
	year = {1990}}

@article{vandenbosch08fambl,
	author = {{v}an {d}en Bosch, Antal},
	title = {Careful Abstraction Over Instance Families in Memory-Based Language Learning},
	editor = {Daelemans, Walter (guest ed.)},
	journal = {Journal of Experimental and Theoretical Artificial Intelligence. Special Issue on Memory-Based Language Processing},
	year = {to appear}}

@inproceedings{vandenbosch99fambl,
	author = {{v}an {d}en Bosch, Antal},
	title = {Instance-Family Abstraction in Memory-Based Language Learning},
	editor = {Bratko, I. and Dzeroski, S.},
	booktitle = {Machine Learning: Proceedings of the Sixteenth International Conference (ICML`99)}, 	year = {1999},
	pages = {39--48}}

@inproceedings{vandenbroeck07constraint,
	author = {Van {den} Broeck, Wouter},
	title = {A Constraint-Based Model of Grounded Compositional Semantics},
	booktitle = {Language and Robots: Proceedings of the Symposium},
	editor = {Lopes, L.S. and Belpaeme, T. and Cowley, S. J.},
	address = {Aveiro},
	publisher = {Universidade de Aveiro},
	year = {2007}}

@inproceedings{vandenbroeck08constraint,
	author = {Van {den} Broeck, Wouter},
	title = {Constraint-Based Compositional Semantics},
	booktitle = {The Evolution of Language. Proceedings of the 7th International Conference ({EVOLANG} 7)},
	editor = {Smith, Andrew D.M. and Smith, Kenny and Ferrer i Cancho, Ramon},
	address = {Singapore},
	publisher = {World Scientific Press},
	pages = {338--345},
	year = {2008}}

@incollection{vanderauwera04oostvlaams,
	address = {Gent},
	author = {Van der Auwera, J. and Neuckermans, A.},
	booktitle = {Dialectsyntaxis in Bloei},
	editor = {Barbiers, S. and Devos, M. and De Schutter, G.},
	pages = {143--157},
	publisher = {Koninklijke Academie voor Taal- en Letterkunde},
	title = {Een Oost-Vlaamse Driedubbele Negatie},
	year = {2004}}

@inproceedings{vaneynde05argument,
	title = {Argument Realization in Dutch},
	author = {Van Eynde, Frank},
	booktitle = {Computational Linguistics in the Netherlands 2004. Selected Papers from the 15th CLIN Meeting},
	series = {LOT Occasional Series},
	number = {4},
	editor = {Van der Wouden, Ton and Poss, Michaela and Reckman, Hilke and Cremers, Crit},
	address = {Utrecht},
	year = {2005},
	pages = {89--104}}

@incollection{vanhoecke96latin,
	author = {Van Hoecke, Willy},
	title = {The {L}atin Dative},
	pages = {3--37},
	address = {Amsterdam},
	editor = {Van Langendonck, W. and Van Belle, W.},
	publisher = {John Benjamins},
	booktitle = {The Dative. Volume 1. Descriptive Studies.},
	year = {1996}}

@phdthesis{vanlooveren05design,
	author = {Van Looveren, Joris},
	title = {Design and Performance of Pre-Grammatical Language Games},
	School = {Vrije Universiteit Brussel},
	year = {2005},
	address = {Brussels}}
	
@book{vanlangendonck96dative,
	address = {Amsterdam},
	editor = {Van Langendonck, W. and Van Belle, W.},
	publisher = {John Benjamins},
	title = {The Dative. Volume 1. Descriptive Studies. Volume 2. Theoretical and Contrastive Studies},
	year = {1996}}

@incollection{vantrijp08argumentsstruktur,
	author = {{van Trijp}, Remi},
	title = {{Argumentsstruktur in der {F}luid {C}onstruction {G}rammar}},
	editor = {Fischer, Kerstin and Stefanowitsch, Anatol},
	booktitle = {{Konstruktionsgrammatik II: Von der Konstruktion zur Grammatik}},
	series = {Stauffenburg Linguistik},
	number = {47},
	address = {T\"{u}bingen},
	publisher = {Stauffenburg Verlag},
	year = {2008}}

@inproceedings{vantrijp08emergence,
	author = {{van Trijp}, Remi},
	title = {The Emergence of Semantic Roles in {F}luid {C}onstruction {G}rammar},
	booktitle = {The Evolution of Language. Proceedings of the 7th International Conference ({EVOLANG} 7)},
	editor = {Smith, Andrew D.M. and Smith, Kenny and Ferrer i Cancho, Ramon},
	address = {Singapore},
	publisher = {World Scientific Press},
	pages = {346--353},
	year = {2008}}

@phdthesis{vantrijp08analogy,
	author = {{van Trijp}, Remi},
	School = {Universiteit Antwerpen},
	title = {Analogy and Multi-Level Selection in the Formation of a Case Grammar. A Case Study in Fluid Construction Grammar},
	year = {2008}}

@article {vantrijp10grammaticalization,
	title = {Grammaticalization and Semantic Maps: Evidence from Artificial Language Evolution},
	journal = {Linguistic Discovery},
	volume = {8},
	number = {1},
	year = {2010},
	pages = {310--326},
	author = {{van Trijp}, Remi}
}

@INPROCEEDINGS { vantrijp:11a,
ADDRESS="Ghent",
AUTHOR={{van Trijp}, Remi},
BOOKTITLE="Proceedings of the 23rd {Benelux Conference on Artificial Intelligence} ({BNAIC 2011})",
EDITOR="De Causmaecker, P. and Maervoet, J. and Messelis, T. and Verbeeck, K. and Vermeulen, T.",
PAGES="288--295",
PUBLISHER="KAHO Sint-Lieven",
TITLE="Can Iterated Learning Explain the Emergence of Case Marking in Language?",
YEAR="2011",
}

@ARTICLE { vantrijp:12f,
AUTHOR={{van Trijp}, Remi and Steels, Luc},
JOURNAL="Advances in Complex Systems",
NUMBER="3--4",
TITLE="Multilevel Alignment Maintains Language Systematicity",
VOLUME="15",
YEAR="2012",
}

@INPROCEEDINGS { vantrijp10spanish,
ADDRESS="Singapore",
AUTHOR={{van Trijp}, Remi},
BOOKTITLE="The Evolution of Language ({EVOLANG} 8)",
EDITOR="Smith, A.D.M. and Schouwstra, M. and de Boer, B. and Smith, K.",
PAGES="336--343",
PUBLISHER="World Scientific",
TITLE="Strategy Competition in the Evolution of Pronouns: A Case-Study of Spanish Le\'{i}smo, La\'{i}smo and Lo\'{i}smo",
YEAR="2010",
}

@ARTICLE { vantrijp13comparison,
AUTHOR={{van Trijp}, Remi},
JOURNAL="Constructions and Frames",
PAGES="88--116",
TITLE="A Comparison Between {Fluid Construction Grammar} and {Sign-Based Construction Grammar}",
VOLUME="5",
YEAR="2013",
}

@INPROCEEDINGS { vantrijp:12e,
ADDRESS="Amsterdam",
AUTHOR={{van Trijp}, Remi},
BOOKTITLE="{ECAI2012: The 20th European Conference on Artificial Intelligence}",
EDITOR="De Raedt, L. and Bessiere, C. and Dubois, D. and Doherty, P. and Frasconi, P. and Heintz, F. and Lucas, P.",
PAGES="798--803",
PUBLISHER="IOS Press",
SERIES="Frontiers in Artificial Intelligence and Applications",
TITLE="Self-Assessing Agents for Explaining Language Change: A Case Study in {German}",
NUMBER="242",
YEAR="2012",
}

@INPROCEEDINGS { vantrijp:12c,
ADDRESS="Avignon",
AUTHOR={{van Trijp}, Remi},
BOOKTITLE="{Proceedings of the 13th Conference of the European Chapter of the Association for Computational Linguistics}",
PAGES="829--839",
PUBLISHER="ACL",
TITLE="Not as Awful as it Seems: Explaining {German} Case through Computational Experiments in {Fluid Construction Grammar}",
YEAR="2012",
}

@ARTICLE { vantrijp2013ldc,
AUTHOR={{van Trijp}, Remi},
JOURNAL="Language Dynamics and Change",
PAGES="105--132",
TITLE="Linguistic Assessment Criteria for Explaining Language Change: A Case Study on Syncretism in {German} Definite Articles",
VOLUME="3",
YEAR="2013",
}

@inproceedings{vantrijp14fitness,
	author = {{van Trijp}, Remi},
	title = {Fitness Landscapes in Cultural Language Evolution: A Case Study on {German} Definite Articles},
	booktitle = {The Evolution of Language ({Evolang-X})},
	address = {Singapore},
	publisher = {World Scientific},
	year = {2014}}

@INPROCEEDINGS { vantrijp12b,
ADDRESS="Singapore",
AUTHOR={{van Trijp}, Remi},
BOOKTITLE="The Evolution of Language ({EVOLANG} 9)",
EDITOR="Scott-Phillips, T.C. and Tamariz, M. and Cartmill, E.A. and Hurford, J.R.",
PAGES="360--368",
PUBLISHER="World Scientific",
TITLE="The Emergence of Morphosyntactic Case Systems",
YEAR="2012",
}

@incollection{vantrijp12case,
	author = {{van Trijp}, Remi},
	year = {2012},
	title = {The Evolution of Case Systems for Marking Event Structure},
	editor = {Steels, Luc},
	booktitle = {Experiments in Cultural Language Evolution},
	address = {Amsterdam},
	pages = {169--205},
	publisher = {John Benjamins}}

@article{vantrijp09dfm,
	author = {{van Trijp}, Remi},
	title = {Distinctive Feature Matrices in {F}luid {C}onstruction {G}rammar},
	year = {under review}}

@article{vantrijp09grammaticalization,
	author = {{van Trijp}, Remi},
	title = {Grammaticalization and Semantic Maps: Evidence From Artificial Language Evolution},
	journal = {Linguistic Discovery},
	year = {in press}}

@incollection{vantrijp10argument,
	author = {{van Trijp}, Remi},
	title = {Argument Realization in {F}luid {C}onstruction {G}rammr},
	booktitle = {Computational Approaches to Construction Grammar and Frame Semantics},
	editor = {Boas, Hans C.},
	address = {Amsterdam},
	publisher = {John Benjamins},
	year = {2010}}
	
@inproceedings{vantrijp10strategy,
	author = {{van Trijp}, Remi},
	title = {Strategy Competition in the Evolution of Pronouns: A Case-Study of {S}panish Le\'{i}smo, La\'{i}smo and Lo\'{i}smo},
	BOOKTITLE = {The Evolution of Language ({EVOLANG} 8)},
	EDITOR = {Smith, A.D.M. and Schouwstra, M. and de Boer, B. and Smith, K.},
	PAGES={336--343},
	PUBLISHER={World Scientific},
	address = {Singapore},
	year = {2010}}

@article{vantrijp14,
	author = {{van Trijp}, Remi},
	title = {Long-Distance Dependencies Without Filler-Gaps: A Cognitive-Functional Alternative in {Fluid Construction Grammar}},
	journal = {Language and Cognition},
	doi = {10.1017/langcog.2014.8},
	year = {2014},
	volume = {6},
	issue = {02},
	pages = {242--270},
	month = {6}
}


@incollection{vantrijp11feature,
	author = {{van Trijp}, Remi},
	title = {Feature Matrices and Agreement: A Case Study for {German} Case},
	booktitle = {Design Patterns in {F}luid {C}onstruction {G}rammar},
	year = {2011},
	pages = {205--235},
	publisher = {John Benjamins},
	address = {Amsterdam},
	editor = {Steels, Luc}}

@incollection{vantrijp11design,
	author = {{van Trijp}, Remi},
	title = {A Design Pattern for Argument Structure Constructions},
	pages = {115--145},
	booktitle = {Design Patterns in {F}luid {C}onstruction {G}rammar},
	year = {2011},
	publisher = {John Benjamins},
	address = {Amsterdam},
	editor = {Steels, Luc}}

@incollection{vanvalinn04semantic,
	address = {T{\"u}bingen},
	author = {Van Valin, Robert D.},
	booktitle = {Semantische Rollen},
	editor = {Kailuweit, Rolf and Hummel, Martin},
	pages = {62--82},
	publisher = {Narr},
	title = {Semantic Macroroles in {R}ole and {R}eference Grammar},
	year = {2004}}

@incollection{vanvalinn99generalized,
	address = {The Hague},
	author = {Van Valin, Robert D.},
	booktitle = {Empirical Issues in Formal Syntax and Semantics 2},
	editor = {Corblin, F. and Dobrovie-Slobin, C. and Marandin, J.-M.},
	pages = {373--389},
	publisher = {Thesus},
	title = {Generalized Semantic Roles and the Syntax-Semantics Interface},
	year = {1999}}

@incollection{verhagen06syntax,
	author = {Verhagen, Arie},
	title = {Syntax, Recursion, Productivity -- A Usage-Based Perspective on the Evolution of Grammar},
	booktitle = {Evidence and Counter-Evidence. Festschrift F. Kortlandt},
	editor = {Lubotsky, A. and Schaeken, J. and Wiedenhof, J.},
	volume = {1},
	series = {SSGL},
	number = {32},
	publisher = {Rodopi},
	address = {Amsterdam},
	year = {2006}}

@book{verschueren99understanding,
	address = {London},
	author = {Verschueren, Jef},
	publisher = {Arnold Publishers},
	series = {Understanding Language Series},
	title = {Understanding Pragmatics},
	year = {1999}}

@article{vogt00bootstrapping,
	author = {Vogt, Paul},
	journal = {Evolution of Communication},
	Number = {1},
	pages = {87--116},
	title = {Bootstrapping Grounded Symbols by Minimal Autonomous Robots},
	volume = {4},
	year = {2001}}

@phdthesis{vogt00lexicon,
	author = {Vogt, Paul},
	School = {Vrije Universiteit Brussel},
	title = {Lexicon Grounding on Mobile Robots},
	year = {2000}}

@inproceedings{vogt03iterated,
	author = {Vogt, Paul},
	title = {Iterated Learning and Grounding: From Holistic to Compositional Languages},
	editor = {Kirby, Simon},
	booktitle = {Language Evolution and Computation. Proceedings of the Workshop at ESSLLI},
	year = {2003}}

@article{vogt03anchoring,
	author = {Vogt, Paul},
	journal = {Robotics and Autonomous Systems},
	Number = {2-3},
	pages = {109--120},
	title = {Anchoring of Semiotic Symbols},
	volume = {43},
	year = {2003}}

@article{vogt05acquisition,
	author = {Vogt, Paul},
	journal = {Adaptive Behavior},
	title = {On the Acquisition and Evolution of Compositional Languages: Sparse Input and the Productive Creativity of Children},
	volume = {13},
	Number = {4},
	year = {2005},
	pages = {325--346}}

@inproceedings{vogt07group,
	address = {Berlin},
	author = {Vogt, Paul},
	booktitle = {Advances in Artificial Life ({ECAL 2007})},
	editor = {Almeida e Costa, Fernando and Rocha, Luis M. and Costa, Ernesto and Harvey, Inman},
	publisher = {Springer},
	series = {LNAI 4648},
	pages = {403--414},
	title = {Group Size Effects on the Emergence of Compositional Structures in Language},
	year = {2007}}

@article{wagner03progress,
	author = {Wagner, Kyle and Reggia, James A. and Uriagereka, Juan and Wilkinson, Gerald S.},
	journal = {Adaptive Behavior},
	Number = {1},
	pages = {37},
	title = {Progress in the Simulation of Emergent Communication and Language},
	volume = {11},
	year = {2003}}

@book{wals05,
	address = {Oxford},
	editor = {Haspelmath, Martin and Dryer, Matthew S. and Gil, David and Comrie, Bernard},
	publisher = {Oxford University Press},
	title = {The World Atlas of Language Structures},
	year = {2005}}

@incollection{weinreich68empirical,
	address = {Austin},
	author = {Weinreich, U. and Labov, W. and Herzog, M.I.},
	booktitle = {Directions for Historical Linguistics: A Symposium},
	editor = {Lehman, W.P. and Malkiel, Y.},
	pages = {97--195},
	publisher = {University of Texas},
	title = {Empirical Foundations for a Theory of Language Change},
	year = {1968}}

@incollection{weinreich69problems,
	author = {Weinreich, U.},
	title = {Problems in the Analysis of Idioms},
	booktitle = {Substance and Structure of Language},
	editor = {Puhvel, Jaan},
	year = {1969},
	address = {Berkeley, CA},
	pages = {23--81},
	publisher = {University of California Press}}

@inproceedings{werner92evolution,
	author = {Werner, Gregory M. and Dyer, Michael G.},
	booktitle = {Artificial Life II (SFI Studies in the Sciences of Complexity)},
	editor = {Langton, Christopher G. and Taylor, Charles and Farmer, J. Doyne and Rasmussen, Steen},
	pages = {659--687},
	publisher = {Addison Wesley Longman},
	title = {Evolution of Communication in Artificial Organisms},
	year = {1992}}

@book{werner97ket,
	address = {Wiesbaden},
	author = {Werner, Heinrich},
	publisher = {Harrasowitz Verlag},
	series = {Tunguso Sibirica Band 3},
	title = {Die Ketische Sprache},
	year = {1997}}

@inproceedings{wilson91animat,
	author = {Wilson, Stewart W.},
	booktitle = {From Animals to Animats, Proceedings of the First International Conference on the Simulation of Adaptive Behavior},
	editor = {Meyer, Jean-Arcady and Wilson, Stewart W.},
	pages = {15--21},
	publisher = {MIT Press},
	title = {The Animat Path to {AI}},
	year = {1991}}
	
@article{wilson94group,
	author = {Wilson, D. S. and Sober, E.},
	title = {Reintroducing Group Selection to the Human Behavioral Sciences},
	journal = {Behavioral and Brain Sciences},
	volume = {17},
	Number = {4},
	pages = {585--654},
	year = {1994}}

@book{wittgenstein67philosophische,
	address = {Frankfurt},
	author = {Wittgenstein, Ludwig},
	publisher = {Suhrkamp},
	title = {Philophische Untersuchungen},
	year = {1967}}

@book{wolff93hausa,
	address = {Hamburg},
	author = {Wolff, Ekkehard H.},
	publisher = {LIT},
	title = {Referenzgrammatik des Hausa: Zur Begleitung des Fremdsprachenunterrichts und zur Einf{\"u}hrung in das Selbststudium},
	year = {1993}}

@inproceedings{wellens08coping,
	author = {Wellens, Pieter},
	title = {Coping with Combinatorial Uncertainty in Word Learning: A Flexible Usage-Based Model},
	booktitle = {The Evolution of Language. Proceedings of the 7th International Conference ({EVOLANG} 7)},
	editor = {Smith, Andrew D.M. and Smith, Kenny and Ferrer i Cancho, Ramon},
	address = {Singapore},
	publisher = {World Scientific Press},
	pages = {370--377},
	year = {2008}}

@article{wellens08flexible,
	author = {Wellens, Pieter and Loetzsch, Martin and Steels, Luc},
	title = {Flexible Word Meaning in Embodied Agents},
	journal = {Connection Science},
	volume = {20},
	Number = {2},
	pages = {173--191},
	year = {2008}}
	
@article{wooldridge95intelligent,
	author = {Wooldridge, Michael and Jennings, Nick R.},
	journal = {Knowledge Engineering Review},
	month = {6},
	Number = {2},
	pages = {115--152},
	title = {Intelligent Agents: Theory and Practice},
	volume = {10},
	year = {1995}}

@article{wray98protolanguage,
	author = {Wray, Alison},
	journal = {Language \& Communication},
	pages = {47--67},
	title = {Protolanguage as a Holistic System for Social Interaction},
	volume = {18},
	year = {1998}}

@book{wray02transition,
	address = {Oxford, UK},
	editor = {Wray, Alison},
	publisher = {Oxford University Press},
	title = {The Transition to Language},
	year = {2002}}

@article{yang02detecting,
	author = {Yang, Ming-Hsuan and Kriegman, David J. and Ahuja, Narendra},
	journal = {IEEE Transactions on Pattern Analysis and Machine Intelligence},
	Number = {1},
	pages = {34--58},
	title = {Detecting Faces in Images: A Survey},
	volume = {24},
	year = {2002}}

@article{zacks04functional,
	author = {Zacks, Jeffrey M. and Michelon, Pascale and Vettel, Jean M. and Ojemann, Jeffrey G.},
	journal = {Neurology},
	pages = {287--292},
	title = {Functional Reorganization of Spatial Transformations after a Parietal Lesion},
	volume = {63},
	year = {2004}}

@article{zacks99imagined,
	author = {Zacks, Jeff and Rypma, Bart and Gabrieli, J.D.E. and Tversky, Barbara and Glover, Gary H.},
	journal = {Neuropsychologia},
	month = {8},
	Number = {9},
	pages = {1029--40},
	title = {Imagined Transformations of Bodies: An f{MRI} Investigation},
	volume = {37},
	year = {1999}}

@book{zewen87marquesan,
	address = {Hamburg},
	author = {Zewen, Fran{\c c}ois},
	publisher = {University of Hamburg},
	title = {Introduction {\`a} la Langue des {\^I}les Marquises. Le Parler de Nukuhiva.},
	year = {1987}}

@inproceedings{ziemke01robots,
	author = {Ziemke, Tom},
	booktitle = {Proceedings of the First International Workshop on Epigenetic Robotics: Modeling Cognitive Development in Robotic Systems},
	editor = {Balkenius et al, Christian},
	series = {Lund University Cognitive Studies},
	title = {Are Robots Embodied?},
	number = {85},
	year = {2001}}

@incollection{ziemke99rethinking,
	address = {New York},
	author = {Ziemke, Tom},
	booktitle = {Understanding Representation in the Cognitive Sciences -- Does Representation Need Reality?},
	editor = {Riegler, Alenxander and Peschl, Markus and Stein, Astrid von},
	pages = {177--190},
	publisher = {Plenum Press},
	title = {Rethinking Grounding},
	year = {1999}}

@inproceedings{zlatev01hierarchy,
	author = {Zlatev, Jordan},
	booktitle = {Proceedings of the First International Workshop on Epigenetic Robotics: Modeling Cognitive Development in Robotic Systems},
	editor = {Balkenius et al, Christian},
	series = {Lund University Cognitive Studies},
	title = {A Hierarchy of Meaning Systems based on Value},
	number = {85},
	year = {2001}}

@inproceedings{zlatev01introduction,
	author = {Zlatev, Jordan and Balkenius, Christian},
	booktitle = {Proceedings of the First International Workshop on Epigenetic Robotics: Modeling Cognitive Development in Robotic Systems},
	editor = {Balkenius et al, Christian},
	pages = {1--4},
	series = {Lund University Cognitive Studies},
	title = {Introduction: Why "epigenetic robotics"?},
	number = {85},
	year = {2001}}
	
@incollection{maes88issues,
	author = {Maes, Pattie},
	title = {Issues in Computational Reflection},
	editor = {Maes, Pattie and Nardi, Daniele},
	booktitle = {Meta-Level Architectures and Reflection},
	publisher = {Elsevier},
	year = {1988},
	pages = {21--35},
	address = {Amsterdam}}
	
@incollection{rosenbloom88metalevels,
	author = {Rosenbloom, Paul and Laird, John and Newell, Allen},
	title = {Meta-Levels in {SOAR}},
	editor = {Maes, Pattie and Nardi, Daniele},
	booktitle = {Meta-Level Architectures and Reflection},
	publisher = {Elsevier},
	pages = {227--240},
	year = {1988},
	address = {Amsterdam}}
	
@book{maes88metalevel,
	editor = {Maes, Pattie and Nardi, Daniele},
	title = {Meta-Level Architectures and Reflection},
	publisher = {Elsevier},
	year = {1988},
	address = {Amsterdam}}

@book{malchukov09case,
	address = {Oxford},
	editor = {Malchukov, Andrej and Spencer, Andrew},
	publisher = {Oxford University Press},
	title = {The {O}xford Handbook of Case},
	year = {2009}}

@book{amberber05competition,
	address = {Oxford},
	editor = {Amberber, Mengistu and {d}e Hoop, Helen},
	publisher = {Oxford University Press},
	title = {Competition and Variation in Natural Languages: The Case for Case},
	year = {2005}}

@book{barddal09casebook,
	address = {Amsterdam},
	editor = {Bar{\dh}dal, Johanna and Chelliah, Shobhana},
	publisher = {John Benjamins},
	title = {The Role of Semantic, Pragmatic and Discourse Factors in the Development of Case},
	year = {2009}}

@book{kulikov06casebook,
	address = {Amsterdam},
	booktitle = {Case, Valency and Transitivity},
	editor = {Kulikov, Leonid and Malchukov, Andrej and {de Swart}, Peter},
	pages = {23--47},
	publisher = {John Benjamins},
	title = {Case Systems in a Diachronic Perspective: A Typological Sketch},
	year = {2006}}
