@Article{Rosch.1975,
  author  = {Rosch, Eleanor},
  title   = {Cognitive reference points},
  pages   = {532--547},
  volume  = {7},
  journal = {Cognitive Psychology},
  year    = {1975},
}

@incollection{VariantengrammatikdesStandarddeutschen.2018,
	address = {Mannheim},
	author = {Elisabeth Scherr},
	booktitle = {Variantengrammatik des Standarddeutschen},
	editor = {Christa Dürscheid and Stephan Elspaß and Arne Ziegler},
	publisher = {Institut für Deutsche Sprache},
	title = {Bildung des Perfekts},
	url = {http://mediawiki.ids-mannheim.de/VarGra/index.php/Bildung_des_Perfekts},
	year = {2018},
}

@misc{Winter.2013,
	author = {Winter, Bodo},
	title = {Linear models and linear mixed effects models in {{R}} with linguistic applications},
	url = {https://arxiv.org/abs/1308.5499},
	urldate = {2020-08-04},
	year = {2013},
}

@misc{Wickham.2019,
	author = {Wickham, Hadley and Bryan, Jennifer},
	note = {Version 1.3.1},
	title = {Readxl: {{R}}ead excel {files}},
	url = {https://CRAN.R-project.org/package=readxl},
	urldate = {2020-08-04},
	year = {2019},
}

@misc{Wickham.2018,
	author = {Wickham, Hadley and Hester, Jim and Francois, Romain},
	note = {Version 1.3.1},
	title = {Readr: {{R}}ead rectangular text data},
	url = {https://CRAN.R-project.org/package=readr},
	urldate = {2020-08-04},
	year = {2018},
}

@misc{Wickham.2017,
	author = {Wickham, Hadley},
	note = {Version 1.2.1},
	title = {Tidyverse: {{{E}}}asily install and load the tidyverse},
	url = {https://CRAN.R-project.org/package=tidyverse},
	urldate = {2020-08-04},
	year = {2017},
}

@misc{Singmann.2019,
	author = {Singmann, Henrik and Bolker, Ben and Westfall, Jake and Aust, Frederik},
	note = {Version 0.27-2},
	title = {Afex: {A}nalysis of factorial experiments},
	url = {https://CRAN.R-project.org/package=afex},
	urldate = {2020-08-04},
	year = {2019},
}

@misc{Rudis.2019,
	author = {Rudis, Bob and Gandy, Dave},
	note = {Version 1.0.1},
	title = {Waffle: {{C}}reate waffle chart visualizations},
	url = {https://gitlab.com/hrbrmstr/waffle},
	urldate = {2020-08-04},
	year = {2019},
}

@misc{RStudioTeam.2016,
	author = {{RStudio Team}},
	note = {Version: 1.1.453.},
	publisher = {{RStudio, Inc.}},
	title = {{{RS}}tudio: {{I}}ntegrated development for R},
	url = {http://www.rstudio.com/},
	urldate = {2020-08-04},
	year = {2016},
}

@misc{RCoreTeam.2019,
	author = {{R Core Team}},
	note = {Version: 3.6.0.},
	publisher = {{R Foundation for Statistical Computing}},
	title = {R: {{A}} language and environment for statistical computing},
	url = {https://www.R-project.org},
	urldate = {2020-08-04},
	year = {2019},
}

@misc{PsychoPyTeam.2019,
	author = {{PsychoPy Team}},
	title = {Pavlovia},
	url = {https://pavlovia.org},
	urldate = {2020-08-04},
	year = {2019},
}

@misc{Pedersen.2020,
	author = {Pedersen, Thomas Lin},
	note = {Version 1.0.1},
	title = {Patchwork: {{T}}he composer of plots},
	url = {https://github.com/thomasp85/patchwork},
	urldate = {2020-08-04},
	year = {2020},
}

@misc{NLTK.2020,
	author = {NLTK-Team},
	note = {Version: 3.5.},
	title = {{NLTK}: {{N}}atural language toolkit},
	url = {http://www.nltk.org},
	urldate = {2020-08-04},
	year = {2020},
}

@misc{Lexer.18721878,
	author = {Lexer, Matthias},
	title = {Mittelhochdeutsches {{Handwörterbuch}}},
	url = {http://woerterbuchnetz.de},
	urldate = {2020-08-04},
	year = {1872–1878},
	sortyear = {1872}
}

@misc{Leiner.2019,
	author = {Leiner, Daniel J.},
	note = {Version: 3.1.06.},
	title = {{{SoS}}ci Survey},
	url = {https://www.soscisurvey.de},
	urldate = {2020-08-04},
	year = {2019},
}

@misc{LeibnizInstitutfurDeutscheSprache.2019b,
	author = {{Leibniz-Institut für Deutsche Sprache}},
	title = {{{COSMAS}} I/{{II}} (corpus search, management and analysis system)},
	url = {http://www.ids-mannheim.de/cosmas2},
	urldate = {2020-08-04},
	year = {2019},
	options = {indexing=false}
}

@misc{LeibnizInstitutfurDeutscheSprache.2019,
	author = {{Leibniz-Institut für Deutsche Sprache}},
	title = {Das {{Deutsche}} {{Referenzkorpus}} {{DeR}}eKo},
	url = {http://www.ids-mannheim.de/kl/projekte/korpora/},
	urldate = {2020-08-04},
	year = {2019},
	options = {indexing=false}
}

@misc{Harrell.2019,
	author = {Harrell, Frank E. Junior and Dupont, Charles},
	note = {Version 4.4-0},
	title = {Hmisc: {{H}}arrell miscellaneous},
	url = {https://CRAN.R-project.org/package=Hmisc},
	urldate = {2020-08-04},
	year = {2019},
}

@misc{Duden.2020,
	author = {Duden},
	title = {Duden Online},
	url = {https://www.duden.de},
	urldate = {2015-03-22},
	year = {2020},
	options = {indexing=false}
}

@misc{Dowle.2019,
	author = {Dowle, Matt and Srinivasan, Arun},
	note = {Version 1.13.0},
	title = {data. {{T}}able: {{{E}}}xtension of data. {{F}}rame},
	url = {https://CRAN.R-project.org/package=data.table},
	urldate = {2020-08-04},
	year = {2019},
}

@misc{Dahl.2019,
	author = {Dahl, David B. and Scott, David and Roosen, Charles and Magnusson, Arni and Swinton, Jonathan},
	note = {Version 1.8-4},
	title = {xtable: {{{E}}}xport tables to {{LaT}}eX or {{HTML}}},
	url = {https://CRAN.R-project.org/package=xtable},
	urldate = {2020-08-04},
	year = {2019},
}

@misc{Clarke.2017,
	author = {Clarke, Erik and Sherrill-Mix, Scott},
	note = {Version 0.6.0},
	title = {ggbeeswarm: {{C}}ategorical scatter (violin point) plots},
	url = {https://CRAN.R-project.org/package=ggbeeswarm},
	urldate = {2020-08-04},
	year = {2017},
}

@misc{Bolker.2019,
	author = {Bolker, Ben and Robinson, David},
	note = {Version: 0.2.6},
	title = {broom. {{M}}ixed: {{T}}idying methods for mixed models},
	url = {https://CRAN.R-project.org/package=broom.mixed},
	urldate = {2020-08-04},
	year = {2019},
}

@misc{BerlinBrandenburgischeAkademiederWissenschaften.2019,
	author = {{Berlin-Brandenburgische Akademie der Wissenschaften}},
	title = {{{DWDS}}: {{D}}igitales {{Wörterbuch}} der deutschen {{{Sprache}}}},
	url = {https://dwds.de/},
	urldate = {2020-08-04},
	year = {2019},
	options = {indexing=false}
}

@misc{Barton.2019,
	author = {Barton, Kamil},
	note = {Version 1.43.17},
	title = {{{MuMI}}n: {{M}}ulti-Model Inference},
	url = {https://CRAN.R-project.org/package=MuMIn},
	urldate = {2020-08-04},
	year = {2019},
}

@incollection{Wittgenstein.2004,
	address = {Oxford/New York},
	author = {Wittgenstein, Ludwig},
	booktitle = {Fuzzy grammar},
	editor = {Bas Aarts and David Denison and Evelien Keizer and Gergana Popova},
	pages = {41--44},
	publisher = {{Oxford University Press}},
	title = {Family resemblances},
	year = {2004 [1953/1968]},
	sortyear = {2004}
}

@incollection{Wegge.2001,
	address = {Dordrecht},
	author = {Wegge, Jürgen},
	booktitle = {Trends and prospects in motivation research},
	editor = {Efklides, Anastasia and Kuhl, Julius and Sorrentino, Richard M.},
	pages = {269--296},
	publisher = {Kluwer},
	sortname = {Wegge, Jurgen},
	title = {Motivation, information processing and performance: {{{E}}}ffect of goal setting on basic cognitive processes.},
	year = {2001},
}

@incollection{WegeraSolms.2000,
	address = {Berlin/New York},
	author = {Wegera, Klaus-Peter and Solms, Hans-Joachim},
	booktitle = {{Sprachgeschichte}. {{{E}}}in {{Handbuch}} zur {{Geschichte}} der deutschen {Sprache} und ihrer {E}rforschung. {{B}}and 2.},
	edition = 2,
	editor = {Besch, Werner and Betten, Anne and Reichmann, Oskar and Sonderegger, Stefan},
	pages = {1542--1554},
	publisher = {de Gruyter},
	series = {Handbücher zur Sprach- und Kommunikationswissenschaft},
	title = {Morphologie des {{Frühneuhochdeutschen}}},
	year = {2000},
}

@incollection{Vieregge.2019,
	address = {Hildesheim/Zürich/New York},
	author = {Vieregge, Annika},
	booktitle = {Sprachliche Zweifelsfälle. {{D}}efinition, {Erforschung}, Implementierung},
	editor = {Schmitt, Eleonore and Szczepaniak, Renata and Vieregge, Annika},
	pages = {69--96},
	publisher = {Georg Olms Verlag},
	series = {Germanistische Linguistik},
	title = {Speakers' doubts about prepositional case government in {{German}}},
	year = {2019},
}

@incollection{VariantengrammatikdesStandarddeutschen.2018b,
	address = {Mannheim},
	author = {Christa Dürscheid and Stephan Elspaß and Arne Ziegler and others},
	booktitle = {{Variantengrammatik des Standarddeutschen}},
	publisher = {Institut für Deutsche Sprache},
	sortname = {Christa Durscheid and Stephan Elspass and Arne Ziegler and others},
	title = {hauen},
	url = {http://mediawiki.ids-mannheim.de/VarGra/index.php/Hauen},
	year = {2018},
}

@incollection{Tomasello.2009,
	address = {Cambridge},
	author = {Tomasello, Michael},
	booktitle = {The {{Cambridge}} handbook of child language},
	editor = {Bavin, Edith Laura},
	pages = {69--88},
	publisher = {{Cambridge University Press}},
	series = {Cambridge Handbooks in Linguistics},
	title = {The usage-based theory of language acquisition},
	year = {2009},
}

@incollection{Tomasello.1998,
	address = {Mahwah},
	author = {Tomasello, Michael},
	booktitle = {The new psychology of language},
	editor = {Tomasello, Michael},
	pages = {vii--xxiii},
	publisher = {{Lawrence Erlbaum Associates}},
	title = {Introduction: {{A}} cognitive-functional perspective on language structure},
	year = {1998},
}

@incollection{Taylor.2015,
	address = {Berlin/Boston},
	author = {Taylor, John R.},
	booktitle = {Handbook of cognitive linguistics},
	editor = {Dąbrowska, Ewa and Divjak, Dagmar},
	number = {39},
	pages = {462--579},
	publisher = {de Gruyter},
	series = {Handbücher zur Sprach- und Kommunikationswissenschaft},
	title = {Prototype effects in grammar},
	year = {2015},
}

@incollection{Taylor.1998,
	address = {Mahwah},
	author = {Taylor, John R.},
	booktitle = {The new psychology of language},
	editor = {Tomasello, Michael},
	pages = {177--202},
	publisher = {{Lawrence Erlbaum Associates}},
	title = {Syntactic constructions as prototype categories},
	year = {1998},
}

@incollection{Taylor.1990,
	address = {London},
	author = {Taylor, John R.},
	booktitle = {Meanings and prototypes},
	editor = {Tsohatzidis, Savas L.},
	pages = {521--535},
	publisher = {Routledge},
	title = {Schemas, prototypes, and models: {{I}}n search of the unity of the sign},
	year = {1990},
}

@incollection{Tabor.2000,
	address = {Mahwah},
	author = {Tabor, Whitney and Galantucci, Bruno},
	booktitle = {Proceedings of the 22nd annual meeting of the Cognitive Science Society},
	editor = {Gleitman, Lila R. and Joshi, Aravind K.},
	pages = {505--510},
	publisher = {{Lawrence Erlbaum Associates}},
	title = {Ungrammatical influence: {{{E}}}vidence for dynamical language processing},
	year = {2000},
}

@incollection{Szczepaniak.2011,
	address = {Berlin/Boston},
	author = {Szczepaniak, Renata},
	booktitle = {{Grammatik} -- Lehren, Lernen, Verstehen: {{Z}}ugänge zur Grammatik des Gegenwartsdeutschen},
	editor = {Köpcke, Klaus-Michael and Ziegler, Arne},
	number = {293},
	pages = {341--359},
	publisher = {de Gruyter},
	series = {Reihe Germanistische Linguistik},
	title = {Gemeinsame {Entwicklung}spfade in {Spracherwerb} und {Sprachwandel}? {{K}}ognitive {Grundlagen} der onto-historiogenetischen {Entwicklung} der satzinternen Großschreibung},
	year = {2011},
}

@incollection{Szczepaniak.2010,
	address = {Frankfurt am Main/New York},
	author = {Szczepaniak, Renata},
	booktitle = {Grammar between norm and variation},
	editor = {Plewnia, Albrecht and Lenz, Alexandra N.},
	number = {28},
	pages = {103--126},
	publisher = {{Peter Lang}},
	series = {VarioLingua},
	title = {\textit{Während des Flug(e)s/Ausflug(e)s}? {{G}}erman short and long {genitiv} endings between norm and variation},
	year = {2010},
}

@incollection{Stefanowitsch.2011,
	address = {Berlin},
	author = {Stefanowitsch, Anatol},
	booktitle = {Sprachliches Wissen zwischen {Lexikon} und {Grammatik}},
	editor = {Engelberg, Stefan and Holler, Anke and Proost, Kristel},
	pages = {181--210},
	publisher = {de Gruyter},
	series = {Jahrbuch des Instituts für Deutsche Sprache 2010},
	title = {Keine {Grammatik} ohne Konstruktionen: {{{E}}}in logisch-öko\-no\-mi\-sches Argu\-ment für die Konstruktionsgrammatik},
	year = {2011},
}

@incollection{Silverstein.1976,
	address = {New Jersey},
	author = {Silverstein, Michael},
	booktitle = {Grammatical categories in {Australian} languages},
	editor = {Dixon, Robert M. W.},
	pages = {112--171},
	publisher = {Humanity Press},
	title = {Hierarchy of features and ergativity},
	year = {1976},
}

@incollection{Shannon.1992,
	address = {Amsterdam/Philadelphia},
	author = {Shannon, Thomas F.},
	booktitle = {Recent developments in {Germanic} linguistics},
	editor = {Lippi-Green, Rosina},
	number = {93},
	pages = {97--113},
	publisher = {Benjamins},
	series = {Current Issues in Linguistic Theory},
	title = {Split intransitivity in {German} and {Dutch}: {{S}}emantic and pragmatic parameters},
	year = {1992},
}

@incollection{Seidenberg.1992,
	address = {Oxford},
	author = {Seidenberg, Mark S.},
	booktitle = {Connectionism: {{T}}heory and practice},
	editor = {Davis, Steven},
	pages = {85--137},
	publisher = {{Oxford University Press}},
	title = {Connectionism without tears},
	year = {1992},
}

@incollection{Schmuck.2010,
	address = {Hildesheim/Zürich/New York},
	author = {Schmuck, Mirjam},
	booktitle = {Kontrastive {{Germanistische}} {{Linguistik}}},
	editor = {Dammel, Antje and Kürschner, Sebastian and Nübling, Damaris},
	number = {206-209},
	pages = {523--551},
	publisher = {{Georg Olms Verlag}},
	series = {Germanistische Linguistik},
	title = {Relevanzgesteuerter verbalmorphologischer {{Wandel}} im {{Deutschen}} und Schwedischen},
	year = {2010},
}

@incollection{Schmitt.2019b,
	address = {Hildesheim/Zürich/New York},
	author = {Schmitt, Eleonore},
	booktitle = {Sprachliche Zweifelsfälle: {{D}}efinition, {Erforschung}, Implementierung},
	editor = {Schmitt, Eleonore and Szczepaniak, Renata and Vieregge, Annika},
	pages = {97--136},
	publisher = {Georg Olms},
	series = {Germanistische Linguistik},
	title = {How do cases of doubt cause doubts? {{T}}he mismatch between acceptance and processing as a cause for cases of doubt.},
	year = {2019},
}

@incollection{Schmitt.2019,
	address = {Berlin/Boston},
	author = {Schmitt, Eleonore},
	booktitle = {{Jahrbuch} der {{Deutschen}} {{Gesellschaft}} für {{Kognitive}} {{Linguistik}}},
	editor = {Juchem-Grundmann, Constanze and Pleyer, Michael and Pleyer, Monika},
	number = {7},
	pages = {157--176},
	publisher = {de Gruyter},
	title = {Conflicting evidence for mental schemas in language production and processing},
	year = {2019},
}

@incollection{Schmid.2000,
	address = {Tübingen},
	author = {Schmid, Hans-Jörg},
	booktitle = {Prototypentheorie in der {{Linguistik}}},
	editor = {Mangasser-Wahl, Martina},
	number = {10},
	pages = {33--53},
	publisher = {Stauffenburg},
	series = {Stauffenburg Linguistik},
	sortname = {Schmid, Hans-Jorg},
	title = {Methodik der Prototypentheorie},
	year = {2000},
}

@incollection{Rumelhart.1986,
	address = {Cambridge},
	author = {Rumelhart, David E. and McClelland, James L.},
	booktitle = {Parallel distributed processing},
	editor = {McClelland, James L. and Rumelhart, David E.},
	pages = {216--271},
	publisher = {{MIT Press}},
	title = {On learning the past tenses of {English} verbs},
	year = {1986},
}

@incollection{Rumelhart.1980,
	address = {Hillsdale},
	author = {Rumelhart, David E.},
	booktitle = {Theoretical issues in reading comprehension: {{P}}erspectives from cognitive psychology, linguistics, artificial intelligence, and education},
	editor = {Spiro, Rand J.},
	pages = {33--58},
	publisher = {Erlbaum},
	title = {Schemata: {{T}}he building blocks of cognition},
	year = {1980},
}

@incollection{Ross.1999,
	address = {Cambridge},
	author = {Ross, Brian H. and Makin, Valerie S.},
	booktitle = {The nature of cognition},
	editor = {Sternberg, Robert J.},
	pages = {205--241},
	publisher = {{MIT Press}},
	title = {Prototype versus exemplar models in cognition},
	year = {1999},
}

@incollection{Rosch.2004,
	address = {Oxford/New York},
	author = {Rosch, Eleanor},
	booktitle = {Fuzzy grammar},
	editor = {Aarts, Bas},
	pages = {91--108},
	publisher = {{Oxford University Press}},
	title = {Principles of categorization},
	year = {2004 [1978]},
	sortyear = {2004}
}

@incollection{RonnebergerSibold.2020,
	address = {Boston},
	author = {Ronneberger-Sibold, Elke},
	booktitle = {Prototypen -- Schemata -- Konstruktionen},
	editor = {Binanzer, Anja and Gamper, Jana and Wecker, Verena},
	pages = {411--438},
	publisher = {de Gruyter},
	series = {Reihe Germanistische Linguistik},
	title = {Wie dekliniert man \textit{der Truntáke} in {{Bayern}}? {{S}}chemata und Prototypen in der {{Deklination}} von Kunstwörtern in verschiedenen deutschen Varietäten},
	year = {2020},
}

@incollection{Randall.2004,
	address = {Oxford},
	author = {Randall, Janet and {van Hout}, Angeliek and Weissenborn, Jürgen and Baayen, Harald},
	booktitle = {The unaccusativity puzzle},
	editor = {Alexiadou, Artemis and Anagnostopoulou, Elena and Everaert, Martin},
	pages = {332--353},
	publisher = {{Oxford University Press}},
	sortname = {Randall, Janet and {van Hout}, Angeliek and Weissenborn, Jurgen and Baayen, Harald},
	title = {Acquiring unaccusativity: {{A}} cross-linguistic look},
	year = {2004},
}

@incollection{Pfander.2016,
	address = {Berlin/Boston},
	author = {Pfänder, Stefan and Behrens, Heike},
	booktitle = {Experience counts},
	editor = {Behrens, Heike and Pfänder, Stefan},
	number = {54},
	pages = {1--20},
	publisher = {de Gruyter},
	series = {Linguae {\&} Litterae},
	sortname = {Pfander, Stefan and Behrens, Heike},
	title = {Experience counts: {An} introduction to frequency effects in language},
	year = {2016},
}

@incollection{Nubling.2016,
	address = {Berlin/Boston},
	author = {Nübling, Damaris},
	booktitle = {Regularität und Irregularität in Phonologie und Morphologie},
	editor = {Bittner, Andreas and Köpcke, Klaus-Michael},
	number = {13},
	pages = {153--176},
	publisher = {de Gruyter},
	series = {Lingua Historica Germanica},
	sortname = {Nubling, Damaris},
	title = {Flexionsklassen als morphologischer Ballast?},
	year = {2016},
}

@incollection{Nowak.2018,
	address = {Amsterdam/Philadelphia},
	author = {Nowak, Jessica},
	booktitle = {Reorganising grammatical variation: {{D}}iachronic studies in retention, redistribution and refunctionalisation of linguistic variants.},
	editor = {Dammel, Antje and Eitelmann, Matthias and Schmuck, Mirjam},
	number = {203},
	pages = {151--176},
	publisher = {Benjamins},
	series = {Panion Series},
	title = {Ablaut reorganisation: {The} case of {{German}} \textit{x-o-o}},
	year = {2018},
}

@incollection{Nowak.2016,
	address = {Berlin/Boston},
	author = {Nowak, Jessica},
	booktitle = {Regularität und Irregularität in Phonologie und Morphologie},
	doi = {10.1515/9783110486094-008},
	editor = {Bittner, Andreas and Köpcke, Klaus-Michael},
	number = {13},
	pages = {127--152},
	publisher = {de Gruyter},
	series = {Lingua Historica Germanica: Studien und Quellen zur Geschichte der deutschen Sprache und Literatur},
	title = {Die Ablautalternanz \textit{x-o-o} als partielle Regularisierungsstrategie starker {{Verben}} im {{Deutschen}}},
	year = {2016},
}

@incollection{Nowak.2013,
	address = {Berlin/Boston},
	author = {Nowak, Jessica},
	booktitle = {{{Sprachwandel}} im {{Neuhochdeutschen}}},
	editor = {Vogel, Petra Maria},
	pages = {170--185},
	publisher = {de Gruyter},
	series = {Jahrbuch für germanistische Sprachgeschichte},
	title = {\textit{Spinnen -- sponn? -- gesponnen}: {{D}}ie Alternanz \textit{x-o-o} als Alternative zum „Schwachwerden“},
	year = {2013},
}

@incollection{Nowak.2011,
	address = {Berlin/Boston},
	author = {Nowak, Jessica},
	booktitle = {{{Historische}} {{Semantik}}},
	editor = {Riecke, Jörg},
	pages = {312--325},
	publisher = {de Gruyter},
	series = {Jahrbuch für germanistische Sprachgeschichte},
	title = {Zur Herausbildung semantischer Differenzierungen bei Konjugationsdubletten},
	year = {2011},
}

@incollection{Nowak.2010,
	address = {Hildesheim/Zürich/New York},
	author = {Nowak, Jessica},
	booktitle = {Kontrastive {{Germanistische}} {{Linguistik}}},
	editor = {Dammel, Antje and Kürschner, Sebastian and Nübling, Damaris},
	number = {206-209},
	pages = {429--472},
	publisher = {{Georg Olms}},
	series = {Germanistische Linguistik},
	title = {Im {{Spannungsfeld}} starker und schwacher {{Verben}}: {{Z}}ur {{Entstehung}} einer „8. {{A}}blautreihe“ im {{Deutschen}}, Niederländischen und Luxemburgischen},
	year = {2010},
}

@incollection{Mitchel.2013,
	address = {New York/Hove},
	author = {Mitchel, Don C.},
	booktitle = {The on-line study of sentence comprehension},
	editor = {Carreiras, Manuel and {Clifton Charles}},
	pages = {15--32},
	publisher = {{Psychology Press}},
	title = {On-line methods in language processing: {{I}}ntroduction and historical review},
	year = {2013},
}

@incollection{McDonough.2012,
	address = {Chichester/Malden},
	author = {McDonough, Kim and Trofimovich, Pavel},
	booktitle = {Research methods in second language acquisition. {{A}} practical guide},
	editor = {Mackey, Alison and Gass, Susan M.},
	pages = {117--138},
	publisher = {Wiley-Blackwell},
	series = {Guides to Research Methods in Language and Linguistics},
	title = {How to use psycholinguistic methodologies for comprehension and production},
	year = {2012},
}

@incollection{MangasserWahl.2000b,
	address = {Tübingen},
	author = {Mangasser-Wahl, Martina},
	booktitle = {Prototypentheorie in der {{Linguistik}}},
	editor = {Mangasser-Wahl, Martina},
	number = {10},
	pages = {15--31},
	publisher = {Stauffenburg},
	series = {Stauffenburg Linguistik},
	title = {Roschs Prototypentheorie: Eine {{Entwicklung}} in drei Phasen},
	year = {2000},
}

@incollection{Labov.2004,
	address = {Oxford/New York},
	author = {Labov, William},
	booktitle = {Fuzzy grammar},
	editor = {Aarts, Bas},
	pages = {67--89},
	publisher = {{Oxford University Press}},
	title = {The boundaries of words and their meanings},
	year = {2004 [1973]},
	sortyear = {2004}
}

@incollection{Kopcke.2018,
	address = {Tübingen},
	author = {Köpcke, Klaus-Michael and Zubin, David A.},
	booktitle = {Worte über {{Wörter}}: {{F}}estschrift zu Ehren von Elke Ronneberger-Sibold},
	editor = {Kazzazi, Kerstin and Luttermann, Karin and Wahl, Sabine and Fritz, Thomas A.},
	pages = {215--232},
	publisher = {Stauffenburg},
	series = {Stauffenburg Festschriften},
	sortname = {Kopcke, Klaus-Michael and Zubin, David A.},
	title = {Motive für die Genusvariation von \textit{der/die Krake} und \textit{der/die Python}},
	year = {2018},
}

@incollection{Kopcke.2000b,
	address = {Tübingen},
	author = {Köpcke, Klaus-Michael},
	booktitle = {{{Deutsche}} {{Grammatik}} in Theorie und Praxis.},
	editor = {Thieroff, Rolf and Tamrat, Matthias and Fuhrhop, Nanna and Teuber, Oliver},
	pages = {155--170},
	publisher = {Niemeyer},
	sortname = {Kopcke, Klaus-Michael},
	title = {Starkes, Schwaches und Gemischtes in der Substantivflexion des {{Deutschen}}: {{W}}as weiß der {{Sprecher}} über die Deklinationsparadigmen?},
	year = {2000},
}

@incollection{Kopcke.2000,
	address = {Hildesheim/Zürich/New York},
	author = {Köpcke, Klaus-Michael},
	booktitle = {Angemessene {{Strukturen}}},
	editor = {Bittner, Andreas and Bittner, Dagmar and Köpcke, Klaus-Michael},
	pages = {107--122},
	publisher = {{Georg Olms}},
	sortname = {Kopcke, Klaus-Michael},
	title = {Chaos und Ordnung: {{Z}}ur semantischen Remotivierung einer Deklinationsklasse im Übergang vom Mhd. {{z}}um Nhd.},
	year = {2000},
}

@incollection{Kopcke.1999,
	address = {Hildesheim/Zürich/New York},
	author = {Köpcke, Klaus-Michael},
	booktitle = {Variation und Stabilität in der Wortstruktur},
	editor = {Butt, Matthias and Fuhrhop, Nanna},
	number = {141-142},
	pages = {45--60},
	publisher = {{Georg Olms}},
	series = {Germanistische Linguistik},
	sortname = {Kopcke, Klaus-Michael},
	title = {Prototypisch starke und schwache {{Verben}} der deutschen {{Gegenwartssprache}}.},
	year = {1999},
}

@incollection{Kemmer.2000,
	address = {Stanford},
	author = {Kemmer, Suzanne and Barlow, Michael},
	booktitle = {Usage-based models of language},
	editor = {Barlow, Michael and Kemmer, Suzanne},
	pages = {vii--xxviii},
	publisher = {{Center for the Study of Language and Information}},
	title = {Introduction: {{A}} usage-based conception of language},
	year = {2000},
}

@incollection{Jones.2012,
	address = {Hove},
	author = {Jones, Lara L. and Estes, Zachary},
	booktitle = {Visual word recognition},
	editor = {Adelmann, James S.},
	pages = {44--72},
	publisher = {{Psychology Press}},
	title = {Lexical priming: {{A}}ssociative, semantic, and thematic influences on word recognition},
	year = {2012},
}

@incollection{Johnson.2007,
	address = {Oxford},
	author = {Johnson, Keith},
	booktitle = {Experimental approaches to phonology},
	editor = {Sole, Maria-Josep and Beddor, Patrice Speeter and Ohala, Manjari},
	pages = {25--40},
	publisher = {{Oxford University Press}},
	title = {Decisions and mechanisms in exemplar-based phonology},
	year = {2007},
}

@incollection{Johnson.2005,
	address = {Malden},
	author = {Johnson, Keith},
	booktitle = {The handbook of speech perception},
	doi = {10.1002/9780470757024.ch15},
	editor = {Pisoni, David B. and Remez, Robert Ellis},
	pages = {363--389},
	publisher = {Blackwell},
	series = {Blackwell Handbooks in Linguistics},
	title = {Speaker normalization in speech perception},
	year = {2005},
}

@incollection{Jegerski.2014,
	address = {New York},
	author = {Jegerski, Jill},
	booktitle = {Research methods in second language psycholinguistics},
	editor = {VanPatten, Bill and Jegerski, Jill},
	pages = {20--49},
	publisher = {Routledge},
	series = {Second Language Acquisition Research Series},
	title = {Self-paced-reading},
	year = {2014},
}

@incollection{Jackendoff.2004,
	address = {Oxford/New York},
	author = {Jackendoff, Ray},
	booktitle = {Fuzzy grammar},
	editor = {Aarts, Bas},
	pages = {109--129},
	publisher = {{Oxford University Press}},
	title = {Categorization, fuzziness, and family resemblances},
	year = {2004},
}

@incollection{Hinze.2007,
	address = {Tübingen},
	author = {Hinze, Christian and Köpcke, Klaus-Michael},
	booktitle = {{{Grammatik}} in der {{Universität}} und für die Schule},
	editor = {Köpcke, Klaus-Michael and Ziegler, Arne},
	pages = {95--128},
	publisher = {{Max Niemeyer Verlag}},
	series = {Reihe Germanistische Linguistik},
	sortname = {Hinze, Christian and Kopcke, Klaus-Michael},
	title = {Was wissen Grundschüler über die Verwendung der Perfektauxiliare \textit{haben} und \textit{sein}?},
	year = {2007},
}

@incollection{Hare.2001,
	address = {Amsterdam/Philadelphia},
	author = {Hare, Mary L. and Ford, Michael and Marslen-Wilson, William},
	booktitle = {Frequency and the emergence of linguistic structure},
	doi = {10.1075/tsl.45.10har},
	editor = {Bybee, Joan L. and Hopper, Paul},
	number = {45},
	pages = {181--200},
	publisher = {Benjamins},
	series = {Typological Studies in Language},
	title = {Ambiguity and frequency effects in regular verb inflection},
	year = {2001},
}

@incollection{Haiman.1994,
	address = {Philadelphia/Amsterdam},
	author = {Haiman, John},
	booktitle = {Perspectives on grammaticalization},
	doi = {10.1075/cilt.109.07hai},
	editor = {Pagliuca, William},
	number = {109},
	pages = {3--28},
	publisher = {Benjamins},
	series = {Current Issues in Linguistic Theory},
	title = {Ritualization and the development of language},
	year = {1994},
}

@incollection{Haberlandt.1994,
	address = {San Diego},
	author = {Haberlandt, Karl},
	booktitle = {Handbook of psycholinguistics},
	editor = {Gernsbacher, Morton Ann},
	pages = {1--31},
	publisher = {{Academic Press}},
	title = {Methods in reading research},
	year = {1994},
}

@incollection{Goldberg.1998,
	address = {Mahwah},
	author = {Goldberg, Adele E.},
	booktitle = {The new psychology of language},
	editor = {Tomasello, Michael},
	pages = {203--219},
	publisher = {{Lawrence Erlbaum Associates}},
	title = {Patterns of experience in patterns of language},
	year = {1998},
}

@incollection{Gillmann.2018,
	address = {Amsterdam/Philadelphia},
	author = {Gillmann, Melitta},
	booktitle = {Reorganising grammatical variation: {{D}}iachronic studies in retention, redistribution and refunctionalisation of linguistic variants.},
	editor = {Dammel, Antje and Eitelmann, Matthias and Schmuck, Mirjam},
	number = {203},
	pages = {234--267},
	publisher = {Benjamins},
	series = {Studies in Language Companion Series},
	title = {Manner of motion and semantic transitivity: {{A}} usage-based perspective on change and continuity in the system of the {{German}} perfect auxiliaries \textit{haben} and \textit{sein}},
	year = {2018},
}

@incollection{Frisch.2001,
	address = {Amsterdam/Philadelphia},
	author = {Frisch, Stefan A. and Large, Nathan R. and Zawaydeh, Bushra and Pisoni, David B.},
	booktitle = {Frequency and the emergence of linguistic structure},
	editor = {Bybee, Joan L. and Hopper, Paul},
	number = {45},
	pages = {159--179},
	publisher = {Benjamins},
	series = {Typological Studies in Language},
	title = {Emergent phonotactic generalizations in {{English}} and {{Arabic}}},
	year = {2001},
}

@incollection{Fillmore.1977,
	address = {Amsterdam/New York},
	author = {Fillmore, Charles},
	booktitle = {Linguistic Structures Processing},
	editor = {Zampolli, Antonio},
	pages = {55--81},
	publisher = {{North Holland Publishing}},
	title = {Scenes-and-frames-semantics},
	year = {1977},
}

@incollection{FenkOczlon.1990,
	address = {Bochum},
	author = {Fenk-Oczlon, Gertraud},
	booktitle = {Spielarten der {Natürlichkeit} -- Spielarten der Ökonomie: {{B}}eiträge zum 5. {{{E}}}ssener {Kolloquium} über {Grammatikalisierung}},
	editor = {Boretzky, Norbert and Enninger, Werner and Stolz, Thomas},
	number = {8},
	pages = {37--51},
	publisher = {{Universitätsverlag Dr. N. Brockmeyer}},
	series = {Bochum–Essener Beiträge zur Sprachwandelforschung},
	title = {Ökonomieprinzipien in {{Kognition}} und Kommunikation},
	year = {1990},
}

@incollection{Epstein.1994,
	address = {Philadelphia/Amsterdam},
	author = {Epstein, Richard},
	booktitle = {Perspectives on grammaticalization},
	editor = {Pagliuca, William},
	number = {109},
	pages = {63--79},
	publisher = {Benjamins},
	series = {Current Issues in Linguistic Theory},
	title = {The development of the definite article in {French}},
	year = {1994},
}

@incollection{Elman.1992,
	address = {Oxford},
	author = {Elman, Jeffrey L.},
	booktitle = {Connectionism: {{T}}heory and practice},
	editor = {Davis, Steven},
	pages = {138--194},
	publisher = {{Oxford University Press}},
	title = {Grammatical structure and distributed representations},
	year = {1992},
}

@incollection{Ellis.2016,
	address = {Berlin/Boston},
	author = {Ellis, Nick C.},
	booktitle = {Experience counts: {{F}}requency effects in language},
	editor = {Behrens, Heike and Pfänder, Stefan},
	number = {54},
	pages = {239--254},
	publisher = {de Gruyter},
	series = {Linguae {\&} Litterae},
	title = {Frequency in language learning and language change: {{T}}he contributions to this volume from a cognitive and psycholinguistic perspective},
	year = {2016},
}

@incollection{Ellis.2013,
	address = {Oxford},
	author = {Ellis, Nick C.},
	booktitle = {The {{Oxford}} handbook of construction grammar},
	editor = {Hoffmann, Thomas and Trousdale, Graeme},
	pages = {365--378},
	publisher = {{Oxford University Press}},
	series = {Oxford Handbooks in Linguistics},
	title = {Second language acquisition},
	year = {2013},
}

@incollection{Ellis.2012,
	address = {Berlin/Boston},
	author = {Ellis, Nick C.},
	booktitle = {Frequency effects in language learning and processing},
	editor = {Gries, Stefan Thomas and Divjak, Dagmar},
	pages = {7--33},
	publisher = {de Gruyter},
	series = {Trends in Linguistics},
	title = {What can we count in language, and what counts in language acquisition, cog\-ni\-tion, and use?},
	year = {2012},
}

@incollection{Divjak.2015,
	address = {Berlin/Boston},
	author = {Divjak, Dagmar and Caldwell-Harris, Catherine L.},
	booktitle = {Handbook of cognitive linguistics},
	editor = {Dąbrowska, Ewa and Divjak, Dagmar},
	number = {39},
	pages = {53--75},
	publisher = {de Gruyter},
	series = {Handbücher zur Sprach- und Kommunikationswissenschaft},
	title = {Frequency and entrenchment},
	year = {2015},
}

@incollection{Diessel.2017,
	address = {New York},
	author = {Diessel, Holger},
	booktitle = {{{Oxford}} research encyclopedia of linguistics},
	editor = {Aronoff, Mark},
	publisher = {{Oxford University Press}},
	title = {Usage-based linguistics},
	year = {2017},
}

@incollection{Daugherty.1994,
	address = {Amsterdam/Philadelphia},
	author = {Daugherty, Kim G. and Seidenberg, Mark S.},
	booktitle = {The reality of linguistic rules},
	editor = {Lima, Susan D. and Corrigan, Roberta L. and Iverson, Gregory K.},
	number = {26},
	pages = {353--388},
	publisher = {Benjamins},
	series = {Studies in Language Companion Series},
	title = {Beyond {rules} and exceptions: {{A}} connectionist approach to inflectional morphology},
	year = {1994},
}

@incollection{Dammel.2011b,
	address = {Frankfurt am Main},
	author = {Dammel, Antje and Nowak, Jessica},
	booktitle = {Linguistische und soziallinguistische Bausteine der Luxemburgistik},
	editor = {Gilles, Peter and Wagner, Melanie},
	number = {4},
	pages = {25--48},
	publisher = {{Peter Lang}},
	series = {Mikroglottika Minority Language Studies},
	title = {„Schwarke“ {{Verben}}? {{{{E}}}}in flexionsmorphologisches {{Spannungsfeld}} im Kontrast: {{L}}uxemburgisch -- {{Deutsch}}},
	year = {2011},
}

@incollection{Dammel.2008,
	address = {Bochum},
	author = {Dammel, Antje},
	booktitle = {Morphologische Irregularität},
	editor = {Stroh, Cornelia and Urdze, Aina},
	pages = {1--28},
	publisher = {{Brockmeyer}},
	title = {Flexionsmorphologische Irregularität -- ein graduelles {{Phänomen}}: {{D}}och wie lassen sich Grade bestimmen?},
	year = {2008},
}

@incollection{Clahsen.1993,
	address = {Dordrecht},
	author = {Clahsen, Harald and Rothweiler, Monika},
	booktitle = {Yearbook of morphology 1992},
	doi = {10.1007/978-94-017-3710-4_1},
	editor = {Booij, Geert and Marle, Jaap},
	pages = {1--34},
	publisher = {Springer},
	series = {Yearbook of Morphology},
	title = {Inflectional rules in children's grammars: {{E}}vidence from {{German}} participles},
	year = {1993},
}

@incollection{Cappellaro.2013,
	address = {Oxford},
	author = {Cappellaro, Chiara},
	booktitle = {The boundaries of pure morphology: {{D}}iachronic and synchronic perspectives},
	editor = {Cruschina, Silvio and Maiden, Martin and Smith, John Charles},
	pages = {209--219},
	publisher = {Oxford University Press},
	title = {Overabundance in diachrony: {A} case study},
	year = {2013},
}

@incollection{Bybee.2013,
	address = {Oxford},
	author = {Bybee, Joan L.},
	booktitle = {The {{Oxford}} handbook of construction grammar},
	editor = {Hoffmann, Thomas and Trousdale, Graeme},
	pages = {49--69},
	publisher = {{Oxford University Press}},
	series = {Oxford Handbooks in Linguistics},
	title = {Usage-based theory and exemplar representations of constructions},
	year = {2013},
}

@incollection{Bybee.2002b,
	address = {Amsterdam/Philadelphia},
	author = {Bybee, Joan L.},
	booktitle = {The evolution of language out of pre-language},
	editor = {Givón, Talmy and Malle, Bertram F.},
	pages = {109--134},
	publisher = {Benjamins},
	title = {Sequentiality as the basis of constituent structure},
	year = {2002},
}

@incollection{Bybee.2002,
	address = {Malden},
	author = {Bybee, Joan L.},
	booktitle = {The handbook of historical linguistics},
	editor = {Joseph, Brian D. and Janda, Richard D.},
	pages = {602--623},
	publisher = {{Blackwell}},
	title = {Mechanisms of change in grammaticization: {The} role of frequency},
	year = {2002},
}

@incollection{Bybee.2001,
	address = {Amsterdam/Philadelphia},
	author = {Bybee, Joan L. and Hopper, Paul},
	booktitle = {Frequency and the emergence of linguistic structure},
	doi = {10.1075/tsl.45.01byb},
	editor = {Bybee, Joan L. and Hopper, Paul},
	number = {45},
	pages = {1--24},
	publisher = {Benjamins},
	series = {Typological Studies in Language},
	title = {Introduction to frequency and the emergence of linguistic structure},
	year = {2001},
}

@incollection{Bybee.2000,
	address = {Stanford},
	author = {Bybee, Joan L.},
	booktitle = {Usage-based models of language},
	editor = {Barlow, Michael and Kemmer, Suzanne},
	pages = {65--85},
	publisher = {{Center for the Study of Language and Information}},
	title = {The phonology of the lexicon: {Evidence} for lexical diffusion},
	year = {2000},
}

@incollection{Bybee.1991,
	address = {Amsterdam/Philadelphia},
	author = {Bybee, Joan L.},
	booktitle = {Crosscurrents in second language acquisition and linguistic theories},
	editor = {Huebner, Thom and Ferguson, Charles A.},
	pages = {67--91},
	publisher = {Benjamins},
	title = {Natural morphology: {{T}}he organization of paradigms and language acquisition},
	year = {1991},
}

@incollection{Bybee.1988,
	address = {London},
	author = {Bybee, Joan L.},
	booktitle = {Theoretical morphology},
	editor = {Hammond, Michael and Noonan, Michael},
	pages = {119--141},
	publisher = {{Academic Press}},
	title = {Morphology as lexical organization},
	year = {1988},
}

@incollection{Bucker.2015,
	address = {Berlin/Boston},
	author = {Bücker, Jörg},
	booktitle = {{{Handbuch}} {{Satz}}, Äußerung, Schema},
	editor = {Dürscheid, Christa and Schneider, Jan Georg},
	pages = {445--463},
	publisher = {de Gruyter},
	sortname = {Bucker, Jorg},
	title = {Schema -- {{Muster}} -- Konstruktion},
	year = {2015},
}

@incollection{Boas.2013,
	address = {Oxford},
	author = {Boas, Hans Christian},
	booktitle = {The {{Oxford}} handbook of construction grammar},
	editor = {Hoffmann, Thomas and Trousdale, Graeme},
	pages = {233--254},
	publisher = {{Oxford University Press}},
	series = {Oxford Handbooks in Linguistics},
	title = {Cognitive construction grammar},
	year = {2013},
}

@incollection{Blutner.1995,
	address = {Berlin/Boston},
	author = {Blutner, Reinhard},
	booktitle = {Die Ordnung der {{Wörter}}: {{K}}ognitive und lexikalische {{Strukturen}}},
	doi = {10.7767/9783205127956-001},
	editor = {Harras, Gisela},
	pages = {227--270},
	publisher = {de Gruyter},
	series = {Jahrbuch des Instituts für Deutsche Sprache 1993},
	title = {Prototypen und {{Kognitive}} {{Semantik}}},
	year = {1995},
}

@incollection{Bittner.2010,
	address = {Berlin/Boston},
	author = {Bittner, Andreas},
	booktitle = {{{{{Historische}}}} {{Textgrammatik}} und {{{{Historische}}}} Syntax des {{Deutschen}}},
	editor = {Ziegler, Arne},
	pages = {237--260},
	publisher = {de Gruyter},
	title = {{{Aspekte}} diachronischer Fundierung: {{H}}istorische {{Linguistik}} und mentale Repräsentation flexionsmorphologischen Wissens},
	year = {2010},
}

@incollection{Bittner.1985,
	address = {Berlin},
	author = {Bittner, Andreas},
	booktitle = {{{Studien}} zur Morphologie und Phonologie I},
	editor = {Wurzel, Wolfgang Ullrich},
	number = {126},
	pages = {51--74},
	publisher = {{Akademie Verlag}},
	series = {Linguistische Studien. Reihe A. Arbeitsberichte},
	title = {Wie schwach sind die starken {{{{Verben}}}}? Überlegungen und Vorschläge zur Klassifizierung der neuhochdeutschen {{{{Verben}}}}},
	year = {1985},
}

@incollection{Binanzer.2020b,
	address = {Boston},
	author = {Binanzer, Anja and Cristante, Valentina and Bittner, Andreas},
	booktitle = {Prototypen -- Schemata -- Konstruktionen},
	editor = {Binanzer, Anja and Gamper, Jana and Wecker, Verena},
	pages = {375--410},
	publisher = {de Gruyter},
	series = {Reihe Germanistische Linguistik},
	title = {{{Verarbeitung}} von deutschen W-{{Fragen}} mit starken und schwachen Maskulina durch ein- und mehrsprachige Kinder und Erwachsene: Evidenz für morphosyntaktische Schemata?},
	year = {2020},
}

@incollection{Barlow.1994,
	address = {Amsterdam/Philadelphia},
	author = {Barlow, Michael and Kemmer, Suzanne},
	booktitle = {The reality of linguistic rules},
	editor = {Lima, Susan D. and Corrigan, Roberta L. and Iverson, Gregory K.},
	number = {26},
	pages = {19--42},
	publisher = {Benjamins},
	series = {Studies in Language Companion Series},
	title = {A schema-based approach to grammatical description},
	year = {1994},
}

@incollection{Baayen.2014,
	address = {Oxford},
	author = {Baayen, R. Harald},
	booktitle = {The {{Oxford}} handbook of derivational morphology},
	editor = {Lieber, Rochelle and Štekauer, Pavol},
	pages = {95--118},
	publisher = {{Oxford University Press}},
	series = {Oxford Handbooks in Linguistics},
	title = {Experimental and psycholinguistic approaches to studying derivation},
	year = {2014},
}

@incollection{Baayen.2012,
	address = {Amsterdam/Philadelphia},
	author = {Baayen, R. Harald},
	booktitle = {Methodological and analytic frontiers in lexical research},
	editor = {Libben, Gary and Jarema, Gonia and Westbury, Chris},
	pages = {171--195},
	publisher = {Benjamins},
	title = {Demythologizing the word frequency effect: {{A}} discriminative learning perspective},
	year = {2012},
}

@incollection{Alexiadou.2004,
	address = {Oxford},
	author = {Alexiadou, Artemis and Anagnostopoulou, Elena and Everaert, Martin},
	booktitle = {The unaccusativity puzzle},
	editor = {Alexiadou, Artemis and Anagnostopoulou, Elena and Everaert, Martin},
	pages = {1--22},
	publisher = {{Oxford University Press}},
	title = {Introduction},
	year = {2004},
}

@incollection{Ackermann.2017,
	address = {Berlin/Boston},
	author = {Ackermann, Tanja and Zimmer, Christian},
	booktitle = {Sichtbare und hörbare Morphologie},
	editor = {Fuhrhop, Nanna and Szczepaniak, Renata and Schmidt, Karsten},
	pages = {145--176},
	publisher = {de Gruyter},
	series = {Linguistische Arbeiten},
	title = {Morphologische Schemakonstanz: Eine empirische {{Untersuchung}} zum funktionalen Vorteil nominalmorphologischer Wortschonung im {{Deutschen}}},
	year = {2017},
}

@book{vanRossum.2009,
	address = {Scotts Valley},
	author = {van Rossum, Guido and Drake, Fred L.},
	note = {Version: 3.8},
	publisher = {CreateSpace},
	title = {Python 3: {{R}}eference manual},
	url = {https://www.python.org/},
	urldate = {2020-08-04},
	year = {2009},
}

@book{Zipf.1972,
	address = {New York},
	author = {Zipf, George Kingsley},
	publisher = {Hafner},
	title = {Human behavior and the principle of least effort: {{A}}n introduction to human ecology},
	year = {1972 [1949]},
	sortyear = {1972}
}

@book{Zipf.1968,
	address = {Cambridge},
	author = {Zipf, George Kingsley},
	publisher = {MIT},
	title = {The psycho-biology of language: {{A}}n introduction to dynamic philology.},
	year = {1968 [1935]},
	sortyear = {1968}
}

@book{Wurzel.1984,
	address = {Berlin},
	author = {Wurzel, Wolfgang Ullrich},
	publisher = {{Akademie Verlag}},
	series = {Studia grammatica},
	title = {Flexionsmorphologie und {{Natürlichkeit}}: {{{{E}}}}in {{Beitrag}} zur morphologischen {{Theoriebildung}}},
	year = {1984},
}

@book{Winter.2020,
	address = {New York/London},
	author = {Winter, Bodo},
	publisher = {Routledge},
	title = {Statistics for linguists: {{A}}n introduction using R},
	year = {2020},
}

@book{Vendler.1974,
	address = {Ithaca},
	author = {Vendler, Zeno},
	edition = 3,
	publisher = {{Cornell University Press}},
	title = {Linguistics in philosophy},
	year = {1974},
}

@book{Tomasello.1992,
	address = {Cambridge},
	author = {Tomasello, Michael},
	publisher = {{Cambridge University Press}},
	title = {First verbs: {{A}} case study of early grammatical development},
	year = {1992},
}

@book{Teuber.2005,
	address = {Hildesheim/Zürich/New York},
	author = {Teuber, Oliver},
	number = {18},
	publisher = {Olms},
	series = {Germanistische Linguistik. Monographien},
	title = {Analytische Verbformen im {{Deutschen}}: {{S}}yntax, {{Semantik}}, {{Grammatikalisierung}}},
	year = {2005},
}

@book{Taylor.1995,
	address = {Oxford},
	author = {Taylor, John R.},
	edition = 2,
	publisher = {{Clarendon Press}},
	title = {Linguistic categorization: {{P}}rototypes in linguistic theory},
	year = {1995},
}

@book{Szczepaniak.2011b,
	address = {Tübingen},
	author = {Szczepaniak, Renata},
	edition = 2,
	publisher = {Narr},
	series = {Narr Studienbücher},
	title = {{{Grammatikalisierung}} im {{Deutschen}}: {{{{{E}}}}}ine {{{E}}}inführung},
	year = {2011},
}

@book{Sonderegger.1979,
	address = {Berlin/New York},
	author = {Sonderegger, Stefan},
	publisher = {de Gruyter},
	title = {{{Grundzüge}} deutscher {{Sprachgeschichte}}: {{D}}iachronie des Sprachsystems},
	volume = {1: {{{E}}}inführung -- Genealogie -- Konstanten},
	year = {1979},
}

@phdthesis{Solms.1984,
	address = {Bonn},
	author = {Solms, Hans-Joachim},
	school = {Rheinische Friedrich-Wilhelms-Universität},
	title = {Die morphologischen {Veränderungen} der Stammvokale der starken {Verben} im {Frühneuhochdeutschen}: {{{U}}}ntersucht an Texten des 14.--18. {{J}}ahrhunderts.},
	year = {1984},
}

@book{Schneider.2014,
	address = {Freiburg},
	author = {Schneider, Ulrike},
	publisher = {{New Ideas in Human Interaction Studies}},
	title = {Frequency, chunks and hesitations: {{A}} usage-based analysis of chunking in {{English}}},
	year = {2014},
}

@book{Schafer.2023,
	address = {Hildesheim/Zürich/New York},
	author = {Schäfer, Lea},
	number = {132},
	publisher = {{Georg Olms Verlag}},
	series = {Deutsche Dialektgeographie},
	sortname = {Schafer, Lea},
	title = {Syntax and morphology of {Yiddish} dialects. {{F}}indings from the language and culture archive of {Ashkenazic} {Jewry}},
	year = {2023},
}

@book{Ruoff.1981,
	address = {Berlin/Boston},
	author = {Ruoff, Arno},
	publisher = {de Gruyter},
	title = {Häufigkeitswörterbuch gesprochener {{Sprache}}: {{G}}esondert nach {{Wortarten}} alphabetisch, rückläufig-alphabetisch und nach Häufigkeit geordnet},
	year = {1981},
}

@book{Rogers.2003,
	address = {Cambridge},
	author = {Rogers, Timothy T. and McClelland, James L.},
	publisher = {{MIT Press}},
	title = {Semantic cognition: {{A}} parallel distributed processing approach},
	year = {2003},
}

@book{Primus.2012,
	address = {Heidelberg},
	author = {Primus, Beatrice},
	publisher = {Winter},
	title = {Semantische Rollen},
	year = {2012},
}

@book{Pfeifer.2000,
	address = {München},
	author = {Pfeifer, Wolfgang},
	edition = 5,
	publisher = {{Deutscher Taschenbuch Verlag}},
	title = {Etymologisches {{Wörterbuch}} des {{Deutschen}}},
	year = {2000},
}

@book{Pavlov.1995,
	address = {Frankfurt am Main},
	author = {Pavlov, Vladimir},
	price = {sfr 65.00 (freier Pr.)},
	publisher = {Lang},
	title = {Die {{Deklination}} der Substantive im {{Deutschen}}: {{S}}ynchronie und Diachronie},
	year = {1995},
}

@book{Paul.1917,
	address = {Halle},
	author = {Paul, Hermann},
	publisher = {{Max Niemeyer}},
	title = {{{Deutsche}} {{Grammatik}}: {{B}}and {{II}}. {{T}}eil {{III}}: {{D}}ie Flexionslehre},
	year = {1917},
}

@book{Nubling.2017,
	address = {Tübingen},
	author = {Nübling, Damaris and Dammel, Antje and Duke, Janet and Szczepaniak, Renata},
	edition = 5,
	publisher = {Narr},
	series = {Narr Studienbücher},
	sortname = {Nubling, Damaris and Dammel, Antje and Duke, Janet and Szczepaniak, Renata},
	title = {{{Historische}} {{Sprachwissenschaft}} des {{Deutschen}}: {{{{{E}}}}}ine {{{E}}}inführung in die {{Prinzipien}} des Sprachwandels},
	year = {2013},
}

@book{Nubling.2000,
	address = {Berlin/Boston},
	author = {Nübling, Damaris},
	doi = {10.1515/9783110915082},
	number = {415},
	publisher = {de Gruyter},
	series = {Linguistische Arbeiten},
	sortname = {Nubling, Damaris},
	title = {{{Prinzipien}} der {{Irregularisierung}}: {{{{E}}}}ine kontrastive Analyse von zehn {{Verben}} in zehn germanischen {{Sprachen}}},
	year = {2000},
}

@book{Nowak.2015,
	address = {Hildesheim/Zürich/New York},
	author = {Nowak, Jessica},
	publisher = {Olms},
	title = {Zur Legitimation einer 8. {{A}}blautreihe: {{{{{E}}}}}ine kontrastive Analyse zu ihrer {{{E}}}ntstehung im {{Deutschen}}, Niederländischen und Luxemburgischen},
	year = {2015},
}

@book{Nesset.2008,
	address = {Berlin},
	author = {Nesset, Tore},
	publisher = {de Gruyter},
	title = {Abstract phonology in a concrete model: {{C}}ognitive linguistics and the morphology-phonology interface},
	year = {2008},
}

@book{Mitchel.1997,
	address = {Singapur},
	author = {Mitchel, Tom M.},
	publisher = {McGraw-Hill},
	title = {{{Machine}} learning},
	year = {1997},
}

@book{Mater.1967,
	address = {Leipzig},
	author = {Mater, Erich},
	publisher = {{VEB Bibliographisches Institut}},
	title = {{{Deutsche}} {{Verben}} 3: {{G}}esamtverzeichnis der Grundwörter\slash Stellung der Kompositionsglieder},
	year = {1967},
}

@book{Levshina.2015,
	address = {Amsterdam/Philadelphia},
	author = {Levshina, Natalia},
	publisher = {Benjamins},
	title = {How to do linguistics with R: {{D}}ata exploration and statistical analysis},
	year = {2015},
}

@book{Leiss.1992,
	address = {Berlin/Boston},
	author = {Leiss, Elisabeth},
	publisher = {de Gruyter},
	title = {Die Verbalkategorien des {{Deutschen}}: {{{{E}}}}in {{Beitrag}} zur Theorie der sprachlichen Kategorisierung},
	year = {1992},
}

@book{Langacker.2014,
	address = {Oxford},
	author = {Langacker, Ronald W.},
	publisher = {{Oxford University Press}},
	title = {Essentials of cognitive grammar},
	year = {2014},
}

@book{Langacker.2008,
	address = {Oxford},
	author = {Langacker, Ronald W.},
	publisher = {{Oxford University Press}},
	title = {Cognitive grammar: {{A}} basic introduction},
	year = {2008},
}

@book{Langacker.1991,
	address = {Berlin/Boston},
	author = {Langacker, Ronald W.},
	number = {1},
	publisher = {de Gruyter},
	series = {Cognitive Linguistics Research},
	title = {Concept, image, and symbol: {The} cognitive basis of grammar},
	year = {1991},
}

@book{Langacker.1987,
	address = {Stanford},
	author = {Langacker, Ronald W.},
	publisher = {{Stanford University Press}},
	title = {Foundations of cognitive grammar: {{V}}olume I: {{T}}heoretical prerequisites},
	year = {1987},
}

@book{Lakoff.1987,
	address = {Chicago/London},
	author = {Lakoff, George},
	publisher = {{University of Chicago Press}},
	title = {Women, fire, and dangerous things: {{W}}hat categories reveal about the mind},
	year = {1987},
}

@book{Kusova.2014,
	address = {Wien},
	author = {Kusová, Jana},
	publisher = {{Praesens Verlag}},
	sortname = {Kusova, Jana},
	title = {Morphologische Varianz der peripheren Substantivparadigmen im geschriebenen Gegenwartsdeutsch: {{S}}chwache Maskulina, starke Feminina und gemischte Substantive},
	year = {2014},
}

@phdthesis{Krause.2016,
	address = {Freiburg},
	school = {Albert-Ludwigs-Universität},
	author = {Lerche, Anne},
	title = {Frequency effects on entrenchment: {{C}}onverging evidence from ongoing language change},
	doi = {10.6094/UNIFR/149608},
	year = {2019},
}

@book{Kopcke.1993,
	address = {Tübingen},
	author = {Köpcke, Klaus-Michael},
	number = {47},
	publisher = {Narr},
	series = {Studien zur deutschen Grammatik},
	sortname = {Kopcke, Klaus-Michael},
	title = {Schemata bei der {{Pluralbildung}} im {{Deutschen}}: {{V}}ersuch einer kognitiven Morphologie},
	year = {1993},
}

@book{Kleiber.1993,
	address = {Tübingen},
	author = {Kleiber, Georges},
	publisher = {Narr},
	series = {Narr-Studienbücher},
	title = {Prototypensemantik: {{{{{E}}}}}ine {{{E}}}inführung},
	year = {1993},
}

@book{Jespersen.1917,
	address = {Kopenhagen},
	author = {Jespersen, Ole},
	publisher = {H{\o}st},
	title = {Negation in {{English}} and other languages},
	year = {1917},
}

@book{Hohle.2010,
	address = {Berlin},
	booktitle = {Psycholinguistik},
	editor = {Höhle, Barbara},
	publisher = {Akademie-Verlag},
	series = {Studienbuch Sprachwissenschaft},
	sortname = {Hohle, Barbara},
	title = {Psycholinguistik},
	year = {2010},
}

@book{Helfman.2009,
	address = {Oxford},
	author = {Helfman, Gene S.},
	edition = 2,
	publisher = {Wiley-Blackwell},
	title = {The diversity of fishes: {{B}}iology, evolution, and ecology},
	year = {2009},
}

@book{Goldberg.2019,
	address = {Princeton},
	author = {Goldberg, Adele E.},
	publisher = {{Princeton University Press}},
	title = {Explain me this: {{C}}reativity, competition, and the partial productivity of constructions},
	year = {2019},
}

@book{Goldberg.2006,
	address = {Oxford},
	author = {Goldberg, Adele E.},
	publisher = {{Oxford University Press}},
	title = {Constructions at work},
	year = {2006},
}

@book{Gillmann.2016,
	address = {Boston},
	author = {Gillmann, Melitta},
	number = {128},
	publisher = {de Gruyter},
	series = {Studia Linguistica Germanica},
	title = {Perfektkonstruktionen mit \textrm{haben} und \textrm{sein}: {{{{E}}}}ine Korpusuntersuchung im {{Althochdeutschen}}, Altsächsischen und {{Neuhochdeutschen}}},
	year = {2016},
}

@book{Fromkin.2014,
	address = {Boston},
	author = {Fromkin, Victoria and Rodman, Robert and Hyams, Nina M.},
	edition = 10,
	publisher = {Wadsworth},
	title = {An introduction to language},
	year = {2014},
}

@book{Flick.2020,
	address = {Berlin},
	author = {Flick, Johanna},
	doi = {10.5281/zenodo.3932780},
	number = {6},
	publisher = {Language Science Press},
	series = {Empirically Oriented Theoretical Morphology and Syntax},
	title = {Die {{{Entwicklung}}} des {Definitartikels} im {{{Althochdeutschen}}}: {Eine} kognitiv-linguistische {Korpusuntersuchung}},
	year = {2020},
}

@book{Fischer.2018,
	address = {Berlin/Boston},
	author = {Fischer, Hanna},
	publisher = {de Gruyter},
	title = {Präteritumschwund im {{Deutschen}}: {{D}}okumentation und Erklärung eines Verdrängungsprozesses},
	year = {2018},
}

@book{Field.2012,
	address = {Los Angeles},
	author = {Field, Andy and Miles, Jeremy and Field, Zoë},
	publisher = {Sage},
	sortname = {Field, Andy and Miles, Jeremy and Field, Zoe},
	title = {Discovering statistics using R},
	year = {2012},
}

@book{Eisenberg.2013,
	address = {Stuttgart},
	author = {Eisenberg, Peter},
	edition = 4,
	number = {1},
	publisher = {Metzler},
	series = {Grundriss der deutschen Grammatik},
	title = {Das {{Wort}}},
	year = {2013},
}

@book{Duden.2016,
	address = {Berlin},
	author = {Duden},
	edition = 8,
	number = {9},
	publisher = {Dudenverlag},
	series = {Der Duden in zwölf Bänden},
	title = {Das {{Wörterbuch}} der sprachlichen Zweifelsfälle: {{R}}ichtiges und gutes {{Deutsch}}},
	year = {2016},
	options = {indexing=false}
}

@book{Dowty.1979,
	address = {Dordrecht/Boston},
	author = {Dowty, David R.},
	number = {7},
	publisher = {{D. Reidel}},
	series = {Studies in Linguistics and Philosophy},
	title = {Word meaning and Montague grammar: {{T}}he semantics of verbs and times in generative semantics and in Montague's {{PTQ}}},
	year = {1979},
}

@book{Dammel.2011,
	address = {Berlin/Boston},
	author = {Dammel, Antje},
	number = {103},
	publisher = {de Gruyter},
	series = {Studia Linguistica Germanica},
	title = {Konjugationsklassenwandel: {{P}}rinzipien des Ab-, Um-, Aus- und Aufbaus verbalflexivischer Allomorphie in germanischen {{Sprachen}}},
	year = {2011},
}

@book{Cumming.2017,
	address = {New York/London},
	author = {Cumming, Geoff and Calin-Jageman, Robert},
	publisher = {Routledge},
	title = {Introduction to the new statistics: {{{E}}}stimation, open science, and beyond},
	year = {2017},
}

@book{Comrie.1989,
	address = {Chicago},
	author = {Comrie, Bernard},
	edition = 2,
	publisher = {{Chicago University Press}},
	title = {Language universals and linguistic typology: {{S}}yntax and morphology},
	year = {1989},
}

@book{Carstensen.2010,
	address = {Heidelberg},
	author = {Carstensen, Kai-Uwe and Ebert, Christian and Ebert, Cornelia and Jekat, Susanne and Klabunde, Ralf and Langer, Hagen},
	edition = 3,
	publisher = {Spektrum},
	title = {Computerlinguistik und Sprachtechnologie: {{{{{E}}}}}ine {{{E}}}inführung},
	year = {2010},
}

@book{Bybee.2010,
	address = {Cambridge},
	author = {Bybee, Joan L.},
	publisher = {{Cambridge University Press}},
	title = {Language, usage and cognition},
	year = {2010},
}

@book{Bybee.2007,
	address = {Oxford},
	author = {Bybee, Joan L.},
	publisher = {{Oxford University Press}},
	title = {Frequency of use and the organization of language},
	year = {2007},
}

@book{Bybee.1994,
	address = {Chicago},
	author = {Bybee, Joan L. and Perkins, Revere D. and Pagliuca, William},
	publisher = {{Chicago University Press}},
	title = {The evolution of grammar: {{T}}ense, aspect, and modality in the languages of the world},
	year = {1994},
}

@book{Bybee.1985,
	address = {Amsterdam/Philadelphia},
	author = {Bybee, Joan L.},
	number = {9},
	publisher = {{J. Benjamins}},
	series = {Typological Studies in Language},
	title = {Morphology: {{A}} study of the relation between meaning and form},
	year = {1985},
}

@book{Braune.2018,
	address = {Berlin/Boston},
	author = {Braune, Wilhelm and Heidermanns, Frank},
	edition = 16,
	number = {1: {{L}}aut- und {Formenlehre}},
	publisher = {de Gruyter},
	series = {Sammlung kurzer Grammatiken germanischer Dialekte. A: Hauptreihe},
	title = {Althochdeutsche {{Grammatik}}},
	year = {2018},
}

@book{BornkesselSchlesewsky.2009,
	address = {Oxford},
	author = {Bornkessel-Schlesewsky, Ina and Schlesewsky, Matthias},
	publisher = {{Oxford University Press}},
	title = {Processing syntax and morphology: {{A}} neurocognitive perspective},
	year = {2009},
}

@book{Booij.2010,
	address = {Oxford},
	author = {Booij, Geert},
	publisher = {{Oxford University Press}},
	series = {Oxford Linguistics},
	title = {Construction morphology},
	year = {2010},
}

@book{BlumenthalDrame.2012,
	address = {Berlin/Boston},
	author = {Blumenthal-Dramé, Alice},
	publisher = {de Gruyter},
	sortname = {Blumenthal-Drame, Alice},
	title = {Entrenchment in usage-based theories: {{W}}hat corpus data do and do not reveal about the mind},
	year = {2012},
}

@book{Bittner.20031991,
	address = {Berlin},
	author = {Bittner, Dagmar},
	publisher = {Zentrum für Allgemeine Sprachwissenschaft, Sprachtypologie und Universalienforschung},
	title = {Von starken Feminina und schwachen Maskulina: {{D}}ie neuhochdeutsche Substantivflexion -- Eine Systemanalyse im Rahmen der natürlichen Morphologie},
	year = {2003 [1991]},
	sortyear = {2003}
}

@book{Bittner.1996,
	address = {Tübingen},
	author = {Bittner, Andreas},
	number = {51},
	publisher = {Stauffenburg},
	series = {Studien zur deutschen Grammatik},
	title = {Starke „schwache“ {{{{Verben}}}} -- schwache „starke“ {{{{Verben}}}}: {{D}}eutsche Verbflexion und {{Natürlichkeit}}},
	year = {1996},
}

@book{Bergmann.2016,
	address = {Göttingen},
	author = {Bergmann, Rolf and Moulin, Claudine and Ruge, Nikolaus},
	edition = 9,
	publisher = {{Vadenhoeck {\&} Ruprecht}},
	title = {Alt- und {{Mittelhochdeutsch}}: {{A}}rbeitsbuch zur {{Grammatik}} der älteren deutschen Sprachstufen und zur deutschen {{Sprachgeschichte}}},
	year = {2016},
}

@book{Bates.1988,
	address = {New York},
	author = {Bates, Elizabeth and Bretherton, Inge and {Snyder Lynn}},
	publisher = {{Cambridge University Press}},
	title = {From first words to grammar: {{I}}ndividual differences and dissociable mechanisms},
	year = {1988},
}

@book{Augst.1975,
	address = {Tübingen},
	author = {Augst, Gerhard},
	number = {25},
	publisher = {Narr},
	series = {Forschungsberichte des Instituts für Deutsche Sprache},
	title = {{{Untersuchungen}} zum Morpheminventar der deutschen Ge\-gen\-warts\-spra\-che},
	year = {1975},
}

@article{Zevin.2002,
	author = {Zevin, Jason D. and Seidenberg, Mark S.},
	journal = {Journal of Memory and Language},
	number = {1},
	pages = {1--29},
	title = {Age of acquisition effects in word reading and other tasks},
	volume = {47},
	year = {2002},
}

@article{Witzel.2012,
	author = {Witzel, Naoko and Witzel, Jeffrey and Forster, Kenneth},
	doi = {10.1007/s10936-011-9179-x},
	journal = {Journal of Psycholinguistic Research},
	number = {2},
	pages = {105--128},
	title = {Comparisons of online reading paradigms: {{{E}}}ye tracking, moving-window, and maze},
	volume = {41},
	year = {2012},
}

@article{Whittlesea.1987,
	author = {Whittlesea, Bruce W. A.},
	journal = {Journal of Experimental Psychology: Learning, Memory, and Cognition},
	number = {1},
	pages = {3--17},
	title = {Preservation of specific experiences in the representation of general knowledge},
	volume = {13},
	year = {1987},
}

@article{Whaley.1978,
	author = {Whaley, C. P.},
	journal = {Journal of Verbal Learning and Verbal Behavior},
	pages = {143--154},
	title = {Word-nonword classification time},
	volume = {17},
	year = {1978},
}

@article{Weyerts.1997,
	author = {Weyerts, Helga and Penke, Martina and Dohrn, Ulrike and Clahsen, Harald and Münte, Thomas F.},
	doi = {10.1097/00001756-199703030-00028},
	journal = {Neuroreport},
	number = {4},
	pages = {957--962},
	sortname = {Weyerts, Helga and Penke, Martina and Dohrn, Ulrike and Clahsen, Harald and Munte, Thomas F.},
	title = {Brain potentials indicate differences between regular and irregular {{German}} plurals},
	volume = {8},
	year = {1997},
}

@article{Werner.1989,
	author = {Werner, Otmar},
	journal = {Zeitschrift für Phonetik, Sprachwissenschaft und Kommunikationsforschung},
	pages = {34--47},
	title = {Sprachökonomie und {{Natürlichkeit}} im {{Bereich}} der Morphologie},
	volume = {42},
	year = {1989},
}

@article{Wegener.1985,
	author = {Wegener, Heide},
	journal = {Linguistische Berichte},
	pages = {127--139},
	title = {„Er bekommt widersprochen“: {{A}}rgumente für die Existenz eines Dativpassivs im {{Deutschen}}.},
	volume = {96},
	year = {1985},
}

@article{Vennemann.1987,
	author = {Vennemann, Theo},
	journal = {Zeitschrift für deutsches Altertum und deutsche Literatur},
	number = {3},
	pages = {165--204},
	title = {Muta cum Liquida: {{W}}orttrennung und Syllabierung im Gotischen ({{M}}it einem Anhang zur Worttrennung in der Pariser Handschrift der althochdeutschen Isidor-Übersetzung.)},
	volume = {116},
	year = {1987},
}

@incollection{Thornton.2019,
	author = {Thornton, Anna M.},
	booktitle = {{{Oxford}} research encyclopedia of linguistics},
	editor = {Aronoff, Mark},
	location = {New York},
	publisher = {Oxford University Press},
	title = {Overabundance in morphology},
	year = {2019},
}

@article{Thieroff.2003,
	author = {Thieroff, Rolf},
	journal = {Linguistik online},
	number = {4},
	pages = {105--117},
	title = {Die Bedienung des Automatens durch den Mensch: {{D}}eklination der schwachen Maskulina als Zweifelsfall},
	volume = {16},
	year = {2003},
}

@article{Taraban.1996,
	author = {Taraban, Roman and Roark, Bret},
	doi = {10.1017/S014271640000761X},
	journal = {Applied Psycholinguistics},
	number = {02},
	pages = {125--148},
	title = {Competition in learning language-based categories},
	volume = {17},
	year = {1996},
}

@article{Tagliamonte.2012,
	author = {Tagliamonte, Sali A. and Baayen, R. Harald},
	doi = {10.1017/S0954394512000129},
	journal = {Language Variation and Change},
	number = {2},
	pages = {135--178},
	title = {Models, forests, and trees of {{York}} {{English}}: {\textit{{Was}}/\textit{were}} variation as a case study for statistical practice},
	volume = {24},
	year = {2012},
}

@article{Strobl.2008,
	author = {Strobl, Carolin and Boulesteix, Anne-Laure and Kneib, Thomas and Augustin, Thomas and Zeileis, Achim},
	journal = {BMC. Bioinformatics},
	note = {Version 1.3-5},
	number = {307},
	title = {Conditional variable importance for random forests},
	url = {http://www.biomedcentral.com/1471-2105/9/307},
	urldate = {2020-08-04},
	volume = {9},
	year = {2008},
}

@article{Stefanowitsch.2009,
	author = {Stefanowitsch, Anatol},
	doi = {10.1515/ZGL.2009.036},
	journal = {Zeitschrift für Germanistische Linguistik},
	number = {3},
	pages = {211},
	title = {{{Bedeutung}} und Gebrauch in der Konstruktionsgrammatik: {{W}}ie kompositionell sind modale Infinitive im {{Deutschen}}?},
	volume = {37},
	year = {2009},
}

@article{Sorace.2000,
	author = {Sorace, Antonella},
	journal = {Language},
	number = {4},
	pages = {859--890},
	title = {Gradients in auxiliary selection with intransitive verbs},
	volume = {76},
	year = {2000},
}

@article{Smolka.2013,
	author = {Smolka, Eva and Khader, Patrick H. and Wiese, Richard and Zwitserlood, Pienie and Rösler, Frank},
	doi = {10.1162/jocn_a_00384},
	journal = {Journal of Cognitive Neuroscience},
	number = {8},
	pages = {1284--1304},
	sortname = {Smolka, Eva and Khader, Patrick H. and Wiese, Richard and Zwitserlood, Pienie and Rosler, Frank},
	title = {Electrophysiological evidence for the continuous processing of linguistic categories of regular and irregular verb inflection in {{German}}},
	volume = {25},
	year = {2013},
}

@article{Shapiro.1969,
	author = {Shapiro, Bernard J.},
	journal = {Journal of Verbal Learning and Verbal Behavior},
	pages = {248--251},
	title = {The subjective estimation of relative word frequency},
	volume = {8},
	year = {1969},
}

@article{Shannon.1995,
	author = {Shannon, Thomas F.},
	journal = {American Journal of Germanic Linguistics {\&} Literatures},
	number = {2},
	pages = {129--163},
	title = {Toward a cognitive explanation of perfect auxiliary variation: {{S}}ome modal and aspectual effects in the history of {{Germanic}}},
	volume = {7},
	year = {1995},
}

@article{Schafer.2019,
	author = {Schäfer, Roland},
	doi = {10.1515/cllt-2015-0051},
	journal = {Corpus Linguistics and Linguistic Theory},
	number = {2},
	pages = {383--417},
	sortname = {Schafer, Roland},
	title = {Prototype-driven alternations: {{T}}he case of {{German}} weak nouns},
	volume = {15},
	year = {2019},
}

@article{Sandberg.1998,
	author = {Sandberg, Bengt},
	journal = {Sprachwissenschaft},
	pages = {381--412},
	title = {Zur Distribution \textit{Funken} -- \textit{Funke} nach semanto-syntaktischen {{Merkmalen}}},
	volume = {23},
	year = {1998},
}

@article{Saffran.2003,
	author = {Saffran, Jenny R.},
	journal = {Current Directions in Psychological Science},
	number = {4},
	pages = {110--114},
	title = {Statistical language learning: {{M}}echanisms and constraints},
	volume = {12},
	year = {2003},
}

@article{Saffran.1996,
	author = {Saffran, Jenny R. and Aslin, Richard N. and Newport, Elissa L.},
	journal = {Science},
	number = {5294},
	pages = {1926--1928},
	title = {Statistical learning by 8-month-old infants},
	volume = {274},
	year = {1996},
}

@article{Rubin.1974,
	author = {Rubin, David C.},
	journal = {Perception {\&} Psycholinguistics},
	number = {1},
	pages = {193--196},
	title = {The subjective estimation of relative syllable frequency},
	volume = {16},
	year = {1974},
}

@article{Rubenstein.1970,
	author = {Rubenstein, Herbert and Garfield, Lonnie and Millikan, Jane A.},
	journal = {Journal of Verbal Learning and Verbal Behavior},
	number = {5},
	pages = {487--494},
	title = {Homographic entries in the internal lexicon},
	volume = {9},
	year = {1970},
}

@article{Rosch.1976b,
	author = {Rosch, Eleanor and Simpson, Carol and Miller, R. Scott},
	doi = {10.1037//0096-1523.2.4.491},
	journal = {Journal of Experimental Psychology: Human Perception and Performance},
	number = {4},
	pages = {491--502},
	title = {Structural bases of typicality effects},
	volume = {2},
	year = {1976},
}

@article{Rosch.1976,
	author = {Rosch, Eleanor and Mervis, Carolyn B. and Gray, Wayne D. and Johnson, David M. and Boyes-Braem, Penny},
	doi = {10.1016/0010-0285(76)90013-X},
	journal = {Cognitive Psychology},
	number = {3},
	pages = {382--439},
	title = {Basic objects in natural categories},
	volume = {8},
	year = {1976},
}

@article{Rosch.1975c,
	author = {Rosch, Eleanor and Mervis, Carolyn B.},
	journal = {Cognitive Psychology},
	pages = {573--605},
	title = {Family resemblances: {Studies} in the internal structure of categories},
	volume = {7},
	year = {1975},
}

@article{Rosch.1975b,
	author = {Rosch, Eleanor},
	journal = {Journal of Experimental Psychology: General},
	number = {3},
	pages = {192--233},
	title = {Cognitive representations of semantic categories},
	volume = {104},
	year = {1975},
}

@article{Rosch.1973,
	author = {Rosch, Eleanor},
	journal = {Cognitive Psychology},
	pages = {328--350},
	title = {Natural categories},
	volume = {4},
	year = {1973},
}

@article{Roehm.2013,
	author = {Roehm, Dietmar and Sorace, Antonella and Bornkessel-Schlesewsky, Ina},
	doi = {10.1080/01690965.2012.712143},
	journal = {Language and Cognitive Processes},
	number = {8},
	pages = {1244--1274},
	title = {Processing flexible form-to-meaning mappings: {{{E}}}vidence for enriched composition as opposed to indeterminacy},
	volume = {28},
	year = {2013},
}

@article{Roehm.2005,
	author = {Roehm, Dietmar and Bornkessel, Ina D. and Haider, Hubert and Schlesewsky, Matthias},
	journal = {Neuroreport},
	number = {8},
	pages = {875--878},
	title = {When case meets agreement: {{{E}}}vent-related potential effects for morphology-based conflict resolution in human language comprehension},
	volume = {16},
	year = {2005},
}

@article{Rayner.2000,
	author = {Rayner, Keith and Kambe, Gretchen and Duffy, Susan A.},
	doi = {10.1080/713755934},
	journal = {Quarterly Journal of Experimental Psychology},
	number = {4},
	pages = {1061--1080},
	title = {The effect of clause wrap-up on eye movements during reading},
	volume = {53},
	year = {2000},
}

@article{Rayner.1986,
	author = {Rayner, Keith and Duffy, Susan A.},
	doi = {10.3758/BF03197692},
	journal = {Memory {\&} Cognition},
	number = {3},
	pages = {191--201},
	title = {Lexical complexity and fixation times in reading: {{{E}}}ffects of word frequency, verb complexity, and lexical ambiguity},
	volume = {14},
	year = {1986},
}

@article{Pollack.1959,
	author = {Pollack, Irwin and Rubenstein, Herbert and Decker, Louis},
	journal = {Journal of the Acoustical Society of America},
	pages = {273--279},
	title = {Intelligibility of known and unknown message sets.},
	volume = {31},
	year = {1959},
}

@article{Poitou.2004b,
	author = {Poitou, Jacques},
	journal = {LYLIA (Lyon-Linguistique-Allemande)},
	pages = {1--24},
	title = {Prototypentheorie und lexikalische {{Semantik}}},
	volume = {3},
	year = {2004},
}

@article{Poitou.2004,
	author = {Poitou, Jacques},
	journal = {Linguistik online},
	number = {2},
	pages = {71--93},
	title = {Prototypentheorie und Flexionsmorphologie},
	volume = {19},
	year = {2004},
}

@article{Plunkett.1991,
	author = {Plunkett, Kim and Marchman, Virginia},
	journal = {Cognition},
	pages = {43--102},
	title = {{{U}}-shaped learning and frequency effects in a multi-layered perceptron: {{I}}mplications for child language acquisition},
	volume = {38},
	year = {1991},
}

@article{Pinker.1991,
	author = {Pinker, Steven and Prince, Alan},
	journal = {Proceedings of the Annual Meeting of the Berkeley Linguistics Society},
	pages = {230--251},
	volume = {17},
	title = {Regular and irregular morphology and the psychological status of rules of grammar},
	year = {1991},
	doi = {10.3765/bls.v17i0.1624},
}

@article{Pinker.1988,
	author = {Pinker, Steven and Prince, Alan},
	journal = {Cognition},
	pages = {73--193},
	title = {On language and connectionism: {{A}}nalysis of a parallel distributed processing model of language acquisition},
	volume = {28},
	year = {1988},
}

@article{Perek.2017,
	author = {Perek, Florent and Goldberg, Adele E.},
	journal = {Cognition},
	pages = {276--293},
	title = {Linguistic generalization on the basis of function and constraints on the basis of statistical preemption},
	volume = {168},
	year = {2017},
}

@article{Penke.1997,
	author = {Penke, Martina and Weyerts, Helga and Gross, Matthias and Zander, Elke and Münte, Thomas F. and Clahsen, Harald},
	journal = {Cognitive Brain Research},
	pages = {37--52},
	sortname = {Penke, Martina and Weyerts, Helga and Gross, Matthias and Zander, Elke and Munte, Thomas F. and Clahsen, Harald},
	title = {How the brain processes complex words: {{A}}n event-related potential study of {{German}} verb inflections},
	volume = {6},
	year = {1997},
}

@article{Peirce.2019,
	author = {Peirce, Jonathan and Gray, Jeremy R. and Simpson, Sol and MacAskill, Michael and Höchenberger, Richard and Sogo, Hiroyuki and Kastman, Erik and Lindel{\o}v, Jonas Kristoffer},
	doi = {10.3758/s13428-018-01193-y},
	journal = {Behavior Research Methods},
	note = {Version: 3.1.5},
	number = {51, S. 195--203},
	pages = {195--203},
	sortname = {Peirce, Jonathan and Gray, Jeremy R. and Simpson, Sol and MacAskill, Michael and Hochenberger, Richard and Sogo, Hiroyuki and Kastman, Erik and Lindel{\o}v, Jonas Kristoffer},
	title = {{{PsychoP}}y2: {{{E}}}xperiments in behavior made easy},
	url = {https://www.psychopy.org/},
	urldate = {2020-08-04},
	volume = {51},
	year = {2019}
}

@article{Osterhout.1994,
	author = {Osterhout, Lee and Holcomb, Philip and Swinney, David A.},
	journal = {Journal of Experimental Psychology: Learning, Memory, and Cognition},
	number = {4},
	pages = {786--803},
	title = {Brain potentials elicited by garden-path sentences: {{{E}}}vidence of the application of verb information during parsing},
	volume = {20},
	year = {1994},
}

@article{Nubling.2008,
	author = {Nübling, Damaris},
	journal = {Zeitschrift für Dialektologie und Linguistik},
	number = {3},
	pages = {282--330},
	sortname = {Nubling, Damaris},
	title = {Was tun mit den Flexionsklassen?~Deklinationsklassen und ihr {{Wandel}} im {{Deutschen}} und seinen {{Dialekten}}},
	volume = {75},
	year = {2008},
}

@article{Nubling.2004,
	author = {Nübling, Damaris and Dammel, Antje},
	journal = {Beiträge zur Geschichte der deutschen Sprache und Literatur},
	number = {2},
	pages = {177--207},
	sortname = {Nubling, Damaris and Dammel, Antje},
	title = {Relevanzgesteuerter morphologischer Umbau im {{Frühneuhochdeutschen}}},
	volume = {126},
	year = {2004},
}

@article{Nubling.2001,
	author = {Nübling, Damaris},
	issue = {1},
	journal = {Deutsche Sprache},
	pages = {20--45},
	sortname = {Nubling, Damaris},
	title = {Von \textit{oh mein Jesus!} {{z}}u \textit{oje!} {{D}}er Interjektionalisierungspfad von der sekundären zur primären Interjektion},
	volume = {29},
	year = {2001},
}

@article{Nubling.1998,
	author = {Nübling, Damaris},
	journal = {Zeitschrift für Sprachwissenschaft},
	number = {2},
	pages = {185--203},
	sortname = {Nubling, Damaris},
	title = {Wie die Alten sungen: {{Z}}ur {{Rolle}} von {{Frequenz}} und Allomorphie beim präteritalen Numerusausgleich im {{Frühneuhochdeutschen}}},
	volume = {17},
	year = {1998},
}

@article{Nowak.2010b,
	author = {Nowak, Jessica},
	journal = {Journal of Germanic Linguistics},
	number = {4},
	pages = {361--380},
	title = {On the emergence of an eighth ablaut class in {{German}} and {{Dutch}}},
	volume = {22},
	year = {2010},
}

@article{Norris.2006,
	author = {Norris, Dennis},
	doi = {10.1037/0033-295X.113.2.327},
	journal = {Psychological Review},
	number = {2},
	pages = {327--357},
	title = {The {{{{Bayesian}}}} reader: {{{{E}}}}xplaining word recognition as an optimal {{{{Bayesian}}}} decision process},
	volume = {113},
	year = {2006},
}

@article{Nesset.2010,
	author = {Nesset, Tore and Janda, Laura A.},
	journal = {Cognitive Linguistics},
	number = {4},
	pages = {699--725},
	title = {Paradigm structure: {{{E}}}vidence from {{Russian}} suffix shift},
	volume = {21},
	year = {2010},
}

@article{Nash.2011,
	author = {Nash, John C. and Varadhan, Ravi},
	journal = {Journal of Statistical Software},
	note = {Version: 2020-4.2},
	number = {9},
	pages = {1--14},
	title = {Unifying optimization algorithms to aid software system users: {{o}}ptimx for R},
	url = {http://www.jstatsoft.org/v43/i09/},
	urldate = {2020-08-04},
	volume = {43},
	year = {2011},
}

@article{Nakagawa.2017,
	author = {Nakagawa, Shinichi and Johnson, Paul C. D. and Schielzeth, Holger},
	doi = {10.1098/rsif.2017.0213},
	journal = {Journal of the Royal Society Interface},
	number = {134},
	pages = {1--11},
	title = {The coefficient of determination R$^2$ and intra-class correlation coefficient from generalized linear mixed-effects models revisited and expanded},
	volume = {14},
	year = {2017},
}

@article{Morrison.2000,
	author = {Morrison, Catriona M. and Ellis, Andrew W.},
	journal = {British Journal of Psychology},
	pages = {167--180},
	title = {Real age of acquisition effects in word naming and lexical decision},
	volume = {91},
	year = {2000},
}

@article{Morrison.1995,
	author = {Morrison, Catriona M. and Ellis, Andrew W.},
	journal = {Journal of Experimental Psychology: Learning, Memory, and Cognition},
	number = {1},
	pages = {116--133},
	title = {Roles of word frequency and age of acquisition in word naming and lexical decision},
	volume = {21},
	year = {1995},
}

@incollection{McKinney.2010,
	author = {McKinney, Wes},
	booktitle = {Proceedings of the 9th Python in Science conference (SCIPY 2010)},
	editor = {van der Walt, Stéfan and Jarrod Millman},
	pages = {56--61},
	title = {Data structures for statistical computing in Python},
	doi = {10.25080/Majora-92bf1922-00a},
	year = {2010}
}

@article{McDonald.2003,
	author = {McDonald, Scott A. and Shillcock, Richard C.},
	doi = {10.1016/S0042-6989(03)00237-2},
	journal = {Vision Research},
	number = {16},
	pages = {1735--1751},
	title = {Low-level predictive inference in reading: {{T}}he influence of transitional probabilities on eye movements},
	volume = {43},
	year = {2003},
}

@article{McDonald.2001,
	author = {McDonald, Scott A. and Shillcock, Richard C.},
	journal = {Language and Speech},
	number = {3},
	pages = {295--323},
	title = {Rethinking the word frequency effect: {{T}}he neglected role of distributional information in lexical processing},
	volume = {44},
	year = {2001},
}

@article{Ludecke.2018,
	author = {Lüdecke, Daniel},
	journal = {Journal of Open Source Software},
	note = {Version: 0.15.1},
	number = {26},
	pages = {772},
	sortname = {Ludecke, Daniel},
	title = {ggeffects: {{T}}idy data frames of marginal effects from regression models},
	url = {https://www.rdocumentation.org/packages/ggeffects/versions/0.14.3},
	urldate = {2020-08-04},
	volume = {3},
	year = {2018},
}

@article{Lewis.2001,
	author = {Lewis, Michael B. and Gerhand, Simon and Ellis, Hadyn D.},
	journal = {Cognition},
	pages = {189--205},
	title = {Re-evaluating age-of-acquisition effects: {{A}}re they simply cumulative-frequency effects?},
	volume = {78},
	year = {2001},
}

@article{Lakoff.1973,
	author = {Lakoff, George},
	issue = {4},
	journal = {Journal of Philosophical Logic},
	pages = {458--508},
	title = {Hedges: {{A}} study in meaning criteria and the logic of fuzzy concepts},
	volume = {2},
	year = {1973},
}

@article{Kutas.1983,
	author = {Kutas, Marta and Hillyard, Steven A.},
	doi = {10.3758/BF03196991},
	journal = {Memory {\&} Cognition},
	number = {5},
	pages = {539--550},
	title = {Event-related brain potentials to grammatical errors and semantic anomalies},
	volume = {11},
	year = {1983},
}

@article{Kuperman.2013,
	author = {Kuperman, Victor and Drieghe, Denis and Keuleers, Emmanuel and Brysbaert, Marc},
	journal = {Quarterly Journal of Experimental Psychology},
	number = {3},
	pages = {563--580},
	title = {How strongly do word reading times and lexical decision times correlate? {{C}}ombining data from eye movement corpora and megastudies},
	volume = {66},
	year = {2013},
}

@article{Krott.2013,
	author = {Krott, Andrea and Lebib, Riadh},
	doi = {10.1016/j.brainres.2012.12.012},
	journal = {Brain Research},
	pages = {70--83},
	title = {Electrophysiological evidence for a neural substrate of morphological rule application in correct wordforms},
	volume = {1496},
	year = {2013}
}

@article{Krischke.2012,
	author = {Krischke, Wolfgang},
	journal = {Linguistik online},
	number = {3},
	pages = {55--84},
	title = {Des Menschens {{{Genitiv}}}e: {{N}}ormabweichende {{{Genitiv}}}-Varianten bei schwachen Maskulina},
	volume = {53},
	year = {2012},
}

@article{Kopcke.2021,
	author = {Köpcke, Klaus-Michael and Schimke, Sarah and Wecker, Verena},
	doi = {10.3366/word.2021.0173},
	journal = {Word Structure},
	number = {1},
	pages = {1--24},
	sortname = {Kopcke, Klaus-Michael and Schimke, Sarah and Wecker, Verena},
	title = {Processing of {{German}} noun plurals: {{{E}}}vidence for first- and second-order schemata},
	volume = {14},
	year = {2021},
}

@article{Kopcke.2017,
	author = {Köpcke, Klaus-Michael and Wecker, Verena},
	doi = {10.1007/s11525-016-9292-5},
	journal = {Morphology},
	number = {1},
	pages = {77--103},
	sortname = {Kopcke, Klaus-Michael and Wecker, Verena},
	title = {Source- and product-oriented strategies in {L2} acquisition of plural marking in {{German}}},
	volume = {27},
	year = {2017},
}

@article{Kopcke.2005,
	author = {Köpcke, Klaus-Michael},
	journal = {Didaktik Deutsch},
	pages = {67--83},
	sortname = {Kopcke, Klaus-Michael},
	title = {„Die Prinzessin küsst den Prinz“: {{F}}ehler oder gelebter {{Sprachwandel}}?},
	volume = {18},
	year = {2005},
}

@article{Kopcke.1995,
	author = {Köpcke, Klaus-Michael},
	journal = {Zeitschrift für Sprachwissenschaft},
	pages = {159--180},
	sortname = {Kopcke, Klaus-Michael},
	title = {Die {{Klassifikation}} der schwachen Maskulina in der deutschen {{Gegenwartssprache}}: {{{{E}}}}in {{Beispiel}} für die Leistungsfähigkeit der Prototypentheorie},
	volume = {14},
	year = {1995},
}

@article{Kirchner.2010,
	author = {Kirchner, Robert and Moore, Roger K. and Chen, Tsung-Ying},
	doi = {10.1016/j.wocn.2010.07.005},
	journal = {Journal of Phonetics},
	number = {4},
	pages = {540--547},
	title = {Computing phonological generalization over real speech exemplars},
	volume = {38},
	year = {2010}
}

@article{Keuleers.2010,
	author = {Keuleers, Emmanuel and Diependaele, Kevin and Brysbaert, Marc},
	doi = {10.3389/fpsyg.2010.00174},
	journal = {Frontiers in Psychology},
	pages = {1--15},
	title = {Practice effects in large-scale visual word recognition studies: {{A}} lexical decision study on 14,000 {Dutch} mono- and disyllabic words and nonwords},
	volume = {1},
	year = {2010},
}

@article{Kelly.1986,
	author = {Kelly, Michael H. and Bock, J. Kathryn},
	journal = {Journal of Memory and Language},
	pages = {59--74},
	title = {Prototypicality in a linguistic context: {{{E}}}ffects on sentence structure},
	volume = {25},
	year = {1986},
}

@article{Keller.2009,
	author = {Keller, Frank and Gunasekharan, Subahshini and Mayo, Neil},
	journal = {Behavior Research Methods},
	number = {1},
	pages = {1--12},
	title = {Timing accuracy of web experiments: {{A}} case study using the {WebE}xp software package},
	volume = {41},
	year = {2009},
}

@article{Kaan.2003,
	author = {Kaan, Edith and Swaab, Tamara Yvonne},
	journal = {Journal of Cognitive Neuroscience},
	number = {1},
	pages = {98--110},
	title = {Repair, revision and complexity in syntactic analysis: {{A}}n electrophysiological differentiation},
	volume = {15},
	year = {2003},
}

@article{Kaan.2000,
	author = {Kaan, Edith and Harris, Anthony and Gibson, Edward and Holcomb, Phillip},
	doi = {10.1080/016909600386084},
	journal = {Language and Cognitive Processes},
	number = {2},
	pages = {159--201},
	title = {The P600 as an index of syntactic integration difficulty},
	volume = {15},
	year = {2000},
}

@article{Jurafsky.1996,
	author = {Jurafsky, Daniel},
	journal = {Cognitive Science},
	pages = {137--194},
	title = {A probabilistic model of lexical and syntactic access and disambiguation},
	volume = {20},
	year = {1996},
}

@article{Johnson.2013,
	author = {Johnson, Matt A. and Goldberg, Adele E.},
	doi = {10.1080/01690965.2012.717632},
	journal = {Language and Cognitive Processes},
	number = {10},
	pages = {1439--1452},
	title = {Evidence for automatic accessing of constructional meaning: {{J}}abberwocky sentences prime associated verbs},
	volume = {28},
	year = {2013},
}

@article{Joeres.1996,
	author = {Joeres, Rolf},
	journal = {Sprachwissenschaft},
	pages = {301--336},
	title = {\textit{Der Friede} oder \textit{der Frieden}: {{{{E}}}}in Normproblem der Substantivflexion},
	volume = {21},
	year = {1996},
}

@article{Jaeger.1996,
	author = {Jaeger, Jeri J. and Lockwood, Alan H. and Kemmerer, David L. and {van Valin}, Robert D. and Murphy, Brian W. and Khalak, Hanif G.},
	doi = {10.2307/416276},
	journal = {Language},
	number = {3},
	pages = {451--497},
	title = {A positron emission tomographic study of regular and irregular verb morphology in {{English}}},
	volume = {72},
	year = {1996},
}

@article{Indefrey.1997,
	author = {Indefrey, Peter and Brown, Colin and Hagoort, Peter and Herzog, Hans and Sach, M. and Seitz, Rüdiger J.},
	journal = {Neuroimage},
	pages = {548},
	sortname = {Indefrey, Peter and Brown, Colin and Hagoort, Peter and Herzog, Hans and Sach, M. and Seitz, Rudiger J.},
	title = {A {{PET}} study of cerebral activation patterns induced by verb inflection},
	volume = {5},
	year = {1997},
}

@article{Hundt.2000,
	author = {Hundt, Markus},
	journal = {Deutsche Sprache},
	pages = {1--24},
	title = {Deutschlands meiste Kreditkarte: {{Probleme}} der Wortartenklassifikation},
	volume = {28},
	year = {2000},
}

@article{Hotzenkocherle.1962,
	author = {Hotzenköcherle, Rudolf},
	journal = {Wirkendes Wort},
	pages = {321--331},
	sortname = {Hotzenkocherle, Rudolf},
	title = {Entwicklungsgeschichtliche {Grundzüge} des {Neuhochdeutschen}},
	volume = {12},
	year = {1962},
}

@article{Hothorn.2006,
	author = {Hothorn, Torsten and Hornik, Kurt and Zeileis, Achim},
	journal = {Journal of Computational and Graphical Statistics},
	note = {Version 1.3-5},
	number = {3, S. 651--674},
	title = {Unbiased recursive partitioning: {{A}} conditional inference framework},
	url = {http://www.biomedcentral.com/1471-2105/9/307},
	urldate = {2020-08-04},
	volume = {15},
	year = {2006},
}

@article{Hopper.1980,
	author = {Hopper, Paul and Thompson, Sandra A.},
	journal = {Language},
	number = {2},
	pages = {251--299},
	title = {Transitivity in grammar and discourse},
	volume = {56},
	year = {1980},
}

@article{Hasher.1984,
	author = {Hasher, Lynn and Zacks, Rose T.},
	journal = {American Psychologist},
	number = {12},
	pages = {1372--1388},
	title = {Automatic processing of fundamental information},
	volume = {39},
	year = {1984},
}

@article{Harnisch.1988,
	author = {Harnisch, Rüdiger},
	journal = {Zeitschrift für Phonetik, Sprachwissenschaft und Kommunikationsforschung},
	number = {4},
	pages = {426--437},
	sortname = {Harnisch, Rudiger},
	title = {Natürliche Morphologie und morphologische Ökonomie: {{{{E}}}}in Vermittlungsversuch angesichts der Morphologien natürlicher {{Sprachen}}},
	volume = {41},
	year = {1988},
}

@article{Hanulikova.2012,
	author = {Hanulikova, Adriana and {van Alphen}, Petra M. and {van Goch}, Merel M. and Weber, Andrea},
	doi = {10.1162/jocn_a_00103},
	journal = {Journal of Cognitive Neuroscience},
	number = {4},
	pages = {878--887},
	title = {When one person's mistake is another's standard usage: {{T}}he effect of foreign accent on syntactic processing},
	volume = {24},
	year = {2012},
}

@article{Hahne.1999,
	author = {Hahne, Anja and Friederici, Angela D.},
	journal = {Journal of Cognitive Neuroscience},
	number = {2},
	pages = {194--205},
	title = {{{{E}}}lectrophysiological evidence for two steps in syntactic analysis: {{{{E}}}}arly automatic and late controlled processes},
	volume = {11},
	year = {1999},
}

@article{Grainger.1990,
	author = {Grainger, Jonathan},
	journal = {Journal of Memory and Language},
	pages = {228--244},
	title = {Word frequency and neighborhood frequency effects in lexical decision and naming},
	volume = {29},
	year = {1990},
}

@article{Grainger.1989,
	author = {Grainger, Jonathan and O'Regan, Kevin J. and Jacobs, Arthur M. and Segui, Juan},
	journal = {Perception {\&} Psycholinguistics},
	number = {3},
	pages = {189--195},
	sortname = {Grainger, Jonathan and O'Regan, Kevin J. and Jacobs, Arthur M. and Segui, Juan},
	title = {On the role of competing word units in visual word recognition: {{T}}he neighborhood frequency effect},
	volume = {45},
	year = {1989},
}

@article{Gouvea.2010,
	author = {Gouvea, Ana C. and Phillips, Colin and Kazanina, Nina and Poeppel, David},
	doi = {10.1080/01690960902965951},
	journal = {Language and Cognitive Processes},
	number = {2},
	pages = {149--188},
	title = {The linguistic processes underlying the P600},
	volume = {25},
	year = {2010},
}

@article{Goldinger.1998,
	author = {Goldinger, Stephen D.},
	journal = {Psychological Review},
	number = {2},
	pages = {251--279},
	title = {Echoes of echoes? {{A}}n episodic~theory of lexical Access},
	volume = {105},
	year = {1998},
}

@article{Gillmann.2011,
	author = {Gillmann, Melitta},
	doi = {10.1515/bgsl.2011.027},
	journal = {Beiträge zur Geschichte der deutschen Sprache und Literatur},
	number = {2},
	pages = {203--234},
	title = {Die {{Grammatikalisierung}} des \textit{sein}-Perfekts: {{{E}}}ine korpuslinguistische {{Untersuchung}} zur Hilfsverbselektion der Bewegungsverben im {{Deutschen}}},
	volume = {133},
	year = {2011},
}

@article{Gervain.2013,
	author = {Gervain, Judit and Werker, Janet F.},
	doi = {10.1038/ncomms2430},
	journal = {Nature Communications},
	pages = {1490},
	title = {Prosody cues word order in 7-month-old bilingual infants},
	volume = {4},
	year = {2013},
}

@article{Gervain.2008,
	author = {Gervain, Judit and Nespor, Marina and Mazuka, Reiko and Horie, Ryota and Mehler, Jacques},
	doi = {10.1016/j.cogpsych.2007.12.001},
	journal = {Cognitive Psychology},
	number = {1},
	pages = {56--74},
	title = {Bootstrapping word order in prelexical infants: {{A}} {{Japanese}}-{{Italian}} cross-linguistic study},
	volume = {57},
	year = {2008},
}

@article{Gernsbacher.1984,
	author = {Gernsbacher, Morton Ann},
	journal = {Journal of Experimental Psychology: General},
	number = {2},
	pages = {256--281},
	title = {Resolving 20 {years} of inconsistent interactions between lexical familiarity and orthography, concreteness, and polysemy},
	volume = {113},
	year = {1984},
}

@article{Gardner.1987,
	author = {Gardner, Michael K. and Rothkopf, Ernst Z. and Lapan, Richard and Lafferty, Toby},
	journal = {Memory {\&} Cognition},
	number = {1},
	pages = {24--28},
	title = {The word frequency effect in lexical decision: {{F}}inding a frequency-based component},
	volume = {15},
	year = {1987},
}

@article{Fowler.1987,
	author = {Fowler, Carol A. and Housum, Jonathan},
	journal = {Journal of Memory and Language},
	pages = {489--504},
	title = {Talkers' signaling of ``new'' and ``old'' words in speech and listeners' perception and use of the distinction},
	volume = {26},
	year = {1987},
}

@article{Forster.2010,
	author = {Forster, Kenneth I.},
	doi = {10.1075/ml.5.3.05for},
	journal = {The Mental Lexicon},
	number = {3},
	pages = {347--357},
	title = {Methodological and analytic frontiers in lexical research (part I)},
	volume = {5},
	year = {2010},
}

@article{Forster.2009,
	author = {Forster, Kenneth I. and Guerrera, Christine and Elliot, Lisa},
	doi = {10.3758/BRM.41.1.163},
	journal = {Behavior Research Methods},
	number = {1},
	pages = {163--171},
	title = {The maze task: {{M}}easuring forced incremental sentence processing time},
	volume = {41},
	year = {2009},
}

@article{Forster.2003,
	author = {Forster, Kenneth I. and Forster, Jonathan C.},
	doi = {10.3758/BF03195503},
	journal = {Behavior Research Methods, Instruments, {\&} Computers},
	number = {1},
	pages = {116--124},
	title = {{{DMDX}}: {{A}} windows display program with millisecond accuracy},
	volume = {35},
	year = {2003},
}

@article{Flick.2016,
	author = {Flick, Johanna},
	doi = {10.1515/bgsl-2016-0017},
	journal = {Beiträge zur Geschichte der deutschen Sprache und Literatur},
	number = {2},
	pages = {479},
	title = {Der \textit{am}-Progressiv und parallele \textit{am} V-\textit{en} \textit{sein}-Konstruktionen},
	volume = {138},
	year = {2016},
}

@article{Flexser.1975,
	author = {Flexser, Arthur J. and Bower, Gordon H.},
	journal = {Bulletin of the Psychonomic Society},
	number = {3},
	pages = {321--324},
	title = {Further evidence regarding instructional effects on frequency judgments},
	volume = {6},
	year = {1975},
}

@article{Fine.2013,
	author = {Fine, Alex and Jaeger, T. Florian},
	journal = {Proceedings of the Annual Meeting of the Cognitive Science Society},
	pages = {2279--2284},
	title = {Syntactic priming in language comprehension allows linguistic expectations to converge on the statistics of the input},
	volume = {35},
	year = {2013},
}

@article{FenkOczlon.1991,
	author = {Fenk-Oczlon, Gertraud},
	journal = {Folia Linguistica},
	number = {3-4},
	pages = {361--394},
	title = {{{{{Frequenz}}}} und {{Kognition}} -- {{{{Frequenz}}}} und {{Markiertheit}}},
	volume = {25},
	year = {1991},
}

@article{FabriciusHansen.1977,
	author = {Fabricius-Hansen, Catherine},
	journal = {Deutsche Sprache},
	pages = {193--205},
	title = {Zur Klassifizierung der starken {{Verben}} im {{Neuhochdeutschen}}},
	volume = {5},
	year = {1977},
}

@article{Enger.2011,
	author = {Enger, Hans-Olav and Nesset, Tore},
	doi = {10.1002/9781118266892.ch1},
	journal = {Language Typology and Universals},
	number = {3},
	pages = {193--212},
	title = {Constraints on diachronic development: {{T}}he animacy hierarchy and the relevance constraint},
	volume = {64},
	year = {2011},
}

@article{Ellis.2014,
	author = {Ellis, Nick C. and O'Donnell, Matthew B. and Römer, Ute},
	journal = {Linguistic Approaches to Bilingualism},
	number = {4},
	pages = {405--431},
	sortname = {Ellis, Nick C. and O'Donnell, Matthew B. and Romer, Ute},
	title = {Second language verb-argument constructions are sensitive to form, function, frequency, contingency, and prototypicality},
	volume = {4},
	year = {2014},
}

@article{Ellis.2009,
	author = {Ellis, Nick C. and Ferreira-Junior, Fernando},
	doi = {10.1075/arcl.7.08ell},
	journal = {Annual Review of Cognitive Linguistics},
	pages = {188--221},
	title = {Constructions and their acquisition: {{I}}slands and the distinctiveness of their occupancy},
	volume = {7},
	year = {2009},
}

@article{Ellis.2008,
	author = {Ellis, Nick C.},
	journal = {The Modern Language Journal},
	number = {2},
	pages = {232--249},
	title = {The dynamics of second language emergence: {{C}}ycles of language use, lan\-guage change, and language acquisition},
	volume = {92},
	year = {2008},
}

@article{Ellis.2002b,
	author = {Ellis, Nick C.},
	doi = {10.1017/S0272263102002024},
	journal = {Studies in Second Language Acquisition},
	number = {2},
	pages = {143--188},
	title = {Frequency effects in language processing: {{A}} review with implications for theories of implicit and explicit language acquisition},
	volume = {24},
	year = {2002},
}

@article{Ellis.2002,
	author = {Ellis, Nick C.},
	doi = {10.1017/S0272263102002140},
	journal = {Studies in Second Language Acquisition},
	number = {2},
	pages = {297--339},
	title = {Reflections on frequency effects in language processing},
	volume = {24},
	year = {2002},
}

@article{Ellis.1998,
	author = {Ellis, Nick C. and Schmidt, Richard},
	journal = {Language and Cognitive Processes},
	number = {2/3},
	pages = {307--336},
	title = {{{Rules}} or associations in the acquisition of morphology? {{F}}requency by regularity interaction in human and {{PDP}} learning of {morphosyntax}},
	volume = {13},
	year = {1998},
}

@article{Elio.1984,
	author = {Elio, Renée and Anderson, John R.},
	journal = {Memory {\&} Cognition},
	number = {1},
	pages = {20--30},
	sortname = {Elio, Renee and Anderson, John R.},
	title = {The effects of information order and learning mode on schema abstraction},
	volume = {12},
	year = {1984},
}

@article{Eisenberg.1991,
	author = {Eisenberg, Peter},
	journal = {Zeitschrift für Sprachwissenschaft},
	number = {1},
	pages = {37--64},
	title = {Syllabische {{Struktur}} und Wortakzent: {{P}}rinzipien der Prosodik deutscher {{Wörter}}},
	volume = {10},
	year = {1991},
}

@article{Eisenberg.1990,
	author = {Eisenberg, Peter and Voigt, Gerhard},
	journal = {Praxis Deutsch},
	pages = {10--15},
	title = {Grammatikfehler?},
	volume = {102},
	year = {1990},
}

@article{Diependaele.2012,
	author = {Diependaele, Kevin and Brysbaert, Marc and Neri, Peter},
	doi = {10.3389/fpsyg.2012.00348},
	journal = {Frontiers in Psychology},
	pages = {1--9},
	title = {How noisy is lexical decision?},
	volume = {3},
	year = {2012},
}

@article{DiMeola.2000,
	author = {{Di Meola}, Claudio},
	journal = {Pandaemonium Germanicum: Revista de Estudos Germanísticos},
	pages = {321--368},
	title = {{{Deutsche}} Präpositionen im Überblick: {{F}}orm, Stellung und Rektion},
	volume = {4},
	year = {2000},
}

@article{Detges.2002,
	author = {Detges, Ulrich and Waltereit, Richard},
	journal = {Zeitschrift für Sprachwissenschaft},
	number = {2},
	pages = {151--195},
	title = {Grammaticalization vs. {{R}}eanalysis: {{A}} semantic-pragmatic account of functional change in grammar},
	volume = {21},
	year = {2002},
}

@article{Dammel.2014,
	author = {Dammel, Antje and Nowak, Jessica},
	journal = {Philologia Frisica},
	pages = {307--328},
	title = {Zur Reorganisation starker Verbklassen im {{West}}- und Ostfriesischen},
	volume = {2014},
	year = {2014},
}

@article{Dammel.2010b,
	author = {Dammel, Antje and Nowak, Jessica and Schmuck, Mirjam},
	doi = {10.1017/S1470542710000097},
	journal = {Journal of Germanic Linguistics},
	number = {04},
	pages = {337--359},
	title = {Strong-verb paradigm leveling in four {{Germanic}} languages: {{A}} category frequency approach},
	volume = {22},
	year = {2010},
}

@article{Dammel.2006,
	author = {Dammel, Antje and Nübling, Damaris},
	journal = {Folia Linguistica},
	number = {1-2},
	pages = {97--113},
	sortname = {Dammel, Antje and Nubling, Damaris},
	title = {The superstable marker as an indicator of categorial weakness?},
	volume = {XL},
	year = {2006},
}

@article{Dabrowska.2014b,
	author = {Dąbrowska, Ewa},
	doi = {10.1075/ml.9.3.02dab},
	journal = {The Mental Lexicon},
	number = {3},
	pages = {401--418},
	sortname = {Dabrowska, Ewa},
	title = {Words that go together: {{M}}easuring individual differences in native speakers' knowledge of collocations},
	volume = {9},
	year = {2014},
}

@article{Clahsen.2004,
	author = {Clahsen, Harald and Hadler, Meike and Weyerts, Helga},
	doi = {10.1017/S0305000904006506},
	journal = {Journal of Child Language},
	number = {3},
	pages = {683--712},
	title = {Speeded production of inflected words in children and adults},
	volume = {31},
	year = {2004},
}

@article{Clahsen.2001,
	author = {Clahsen, Harald and Eisenbeiss, Sonja and Hadler, Meike and Sonnenstuhl, Ingrid},
	doi = {10.1353/lan.2001.0140},
	journal = {Language},
	number = {3},
	pages = {510--543},
	title = {The mental representation of inflected words: {{A}}n experimental study of adjectives and verbs in {{German}}},
	volume = {77},
	year = {2001},
}

@article{Clahsen.1997,
	author = {Clahsen, Harald and Eisenbeiss, Sonja and Sonnenstuhl-Henning, Ingrid},
	journal = {Theoretical Linguistics},
	number = {3},
	pages = {201--249},
	title = {Morphological structure and the processing of inflected words},
	volume = {23},
	year = {1997},
}

@article{Carroll.2012,
	author = {Carroll, Ryan and Svare, Ragnar and Salmons, Joseph},
	journal = {Journal of Historical Linguistics},
	number = {2},
	pages = {153--172},
	title = {Quantifying the evolutionary dynamics of {German} verbs},
	volume = {2},
	year = {2012}
}

@article{Bybee.2006b,
	author = {Bybee, Joan L.},
	journal = {Language},
	number = {4},
	pages = {711--733},
	title = {From usage to grammar: {The} mind's response to repetition},
	volume = {82},
	year = {2006},
}

@article{Bybee.2006,
	author = {Bybee, Joan L. and Eddington, David},
	journal = {Language},
	number = {2},
	pages = {323--355},
	title = {A usage based approach to {{Spanish}} verbs of 'becoming'.},
	volume = {82},
	year = {2006},
}

@article{Bybee.1997,
	author = {Bybee, Joan L. and Thompson, Sandra A.},
	journal = {Annual Meeting of the Berkeley Linguistics Society},
	number = {1},
	pages = {378--388},
	title = {Three frequency effects in syntax},
	volume = {23},
	year = {1997},
}

@article{Bybee.1995,
	author = {Bybee, Joan L.},
	doi = {10.1080/01690969508407111},
	journal = {Language and Cognitive Processes},
	number = {5},
	pages = {425--455},
	title = {Regular morphology and the lexicon},
	volume = {10},
	year = {1995},
}

@article{Bybee.1983,
	author = {Bybee, Joan L. and Moder, Carol Lynn},
	journal = {Language},
	number = {2},
	pages = {251--270},
	title = {Morphological classes as natural categories},
	volume = {59},
	year = {1983},
}

@article{Bybee.1982,
	author = {Bybee, Joan L. and Slobin, Dan I.},
	journal = {Language},
	number = {2},
	pages = {265--289},
	title = {{{Rules}} and schemas in the development and use of the {{English}} past tense},
	volume = {58},
	year = {1982},
}

@article{Brainerd.2002,
	author = {Brainerd, Charles J. and Reyna, Valerie F. and Forrest, T. J.},
	journal = {Child Development},
	number = {5},
	pages = {1363--1377},
	title = {Are young children susceptible to the false-memory illusion?},
	volume = {73},
	year = {2002},
}

@article{Booij.2012,
	author = {Booij, Geert},
	journal = {Morphology},
	pages = {343--346},
	title = {Construction morphology, a brief introduction},
	volume = {22},
	year = {2012},
}

@article{Beretta.2003,
	author = {Beretta, Alan and Campbell, Carrie and Carr, Thomas H. and Huang, Jie and Schmitt, Lothar M. and Christianson, Kiel and Cao, Yue},
	doi = {10.1016/S0093-934X(02)00560-6},
	journal = {Brain and Language},
	number = {1},
	pages = {67--92},
	title = {An {{ER}}-f{{MRI}} investigation of morphological inflection in {{German}} reveals that the brain makes a distinction between regular and irregular forms},
	volume = {85},
	year = {2003},
}

@article{Battig.1969,
	author = {Battig, William F. and Montague, William E.},
	journal = {Journal of Experimental Psychology Monograph},
	number = {3},
	pages = {1--46},
	title = {Category norms of verbal items in 56 categories: {{A}} replication and extension of the connecticut category norms},
	volume = {80},
	year = {1969},
}

@article{Bates.2015,
	author = {Bates, Douglas and Mächler, Martin and Bolker, Ben and Walker, Steve},
	journal = {Journal of Statistical Software},
	note = {Version 1.1-23},
	number = {1},
	pages = {1--48},
	sortname = {Bates, Douglas and Machler, Martin and Bolker, Ben and Walker, Steve},
	title = {Fitting linear mixed-effects models using lme4},
	url = {https://cran.r-project.org/web/packages/lme4/index.html},
	urldate = {2020-08-04},
	volume = {67},
	year = {2015},
}

@article{Bartke.2005,
	author = {Bartke, Susanne and Rösler, Frank and Streb, Judith and Wiese, Richard},
	doi = {10.1016/j.jneuroling.2004.10.001},
	journal = {Journal of Neurolinguistics},
	number = {1},
	pages = {29--55},
	sortname = {Bartke, Susanne and Rosler, Frank and Streb, Judith and Wiese, Richard},
	title = {An {{ERP}}-study of {{German}} `irregular' morphology},
	volume = {18},
	year = {2005},
}

@article{Barenfanger.2002,
	author = {Bärenfänger, Olaf},
	journal = {Linguistik online},
	number = {3},
	pages = {3--17},
	sortname = {Barenfanger, Olaf},
	title = {Merkmals- und Prototypensemantik: {{{{E}}}}inige grundsätzliche Überlegungen},
	volume = {12},
	year = {2002},
}

@article{Barca.2012,
	author = {Barca, Laura and Pezzulo, Giovanni},
	doi = {10.1371/journal.pone.0035932},
	journal = {PloS one},
	number = {4},
	pages = {1--9},
	title = {Unfolding visual lexical decision in time},
	volume = {7},
	year = {2012},
}

@article{Bar.2004,
	author = {Bar, Moshe},
	doi = {10.1038/nrn1476},
	journal = {Nature Reviews. Neuroscience},
	number = {8},
	pages = {617--629},
	title = {Visual objects in context},
	volume = {5},
	year = {2004},
}

@article{Baayen.2011,
	author = {Baayen, R. Harald and Milin, Petar and Đurđević, Dusica Filipović and Hendrix, Peter and Marelli, Marco},
	doi = {10.1037/a0023851},
	journal = {Psychological Review},
	number = {3},
	pages = {438--481},
	sortname = {Baayen, R. Harald and Milin, Petar and Durdevic, Dusica Filipovic and Hendrix, Peter and Marelli, Marco},
	title = {An amorphous model for morphological processing in visual comprehension based on naive discriminative learning},
	volume = {118},
	year = {2011},
}

@article{Auer.2014,
	author = {Auer, Peter},
	journal = {Linguistik online},
	number = {4},
	pages = {7--20},
	title = {Anmerkungen zum {{Salienzbegriff}} in der {{Soziolinguistik}}},
	volume = {66},
	year = {2014},
}

@article{AudringBooij.2016,
	author = {Audring, Jenny and Booij, Geert},
	journal = {Linguistics},
	number = {4},
	pages = {617--637},
	title = {Cooperation and coercion},
	volume = {54},
	year = {2016},
}

@article{Alegre.1999,
	author = {Alegre, Maria and Gordon, Peter},
	doi = {10.1006/jmla.1998.2607},
	journal = {Journal of Memory and Language},
	number = {1},
	pages = {41--61},
	title = {Frequency effects and the representational status of regular inflections},
	volume = {40},
	year = {1999},
}

@article{Agel.2008,
	author = {Ágel, Vilmos},
	journal = {Informationen Deutsch als Fremdsprache},
	number = {1},
	pages = {64--84},
	sortname = {Agel, Vilmos},
	title = {Bastian Sick und die {{Grammatik}}: {{{{E}}}}in ungleiches Duell},
	volume = {35},
	year = {2008},
}
