@book{langsci-current-book, author = {Ryan M. Kasak}, title = {{A grammar of Mandan}}, year = {2024}, series = {Comprehensive Grammar Library}, number = {10}, location = {Berlin}, publisher = {Language Science Press}, options = {dataonly=true} } 
