@BOOK{Comrie1981,
  author = {Bernard Comrie},
  year = {1981},
  title = {Language Universals and Linguistic Typology},
  address = {Oxford},
  publisher = {Basil Blackwell}
}

@BOOK{Chomsky1957,
  author = {Noam Chomsky},
  year = {1957},
  title = {Syntactic structures},
  address = {The Hague},
  publisher = {Mouton} 
}


@BOOK{Circov1900,
  author = {Ćircov, Boban},
  sortname={Circov},
  year = {1957},
  title = {Test book},
  address = {The Hague},
  publisher = {Mouton} 
}
 
@misc{Nordhoff2018,
  author = {Sebastian Nordhoff},
  year = {2018},
  title = {BibTeX generator},
  url = {http://glottotopia.org/doc2tex/doc2bib},
  note = {Follow the link to generate BibTeX} 
}

@book{aikhenvald2005,
	author={Alexandra Y. Aikhenvald},
	year={2005},
	title={Evidentiality},
	publisher={Oxford University Press},
	address={Oxford, UK}
	}

@book{aikhenvald2018,
    author={Alexandra Y. Aikhenvald},
    year={2018},
    title={Serial verbs},
    publisher={Oxford University Press},
    address={Oxford, UK}
    }

@article{aissen2003,
	author={Judith Aissen},
	year={2003},
	title={Differential object marking: {I}conicity vs. economy},
	journal={{Natural Langauge and Linguistic Theory}},
	volume={21(3)},
	pages={435-483}
	}

@book{allen1814a,
       author = {Paul Allen},
       year = {1814},
       title = {{History of the expedition under the command of Captains Lewis and Clark to the sources of the Missouri, thence across the Rocky Mountains and down the River Columbia to the Pacific Ocean performed during the years 1804-5-6 by order of the government of the United States}},
			volume={1},
       publisher = {Bradford and Inskeep},
       address = {Philadelphia, PA}
     }

@book{allen1814b,
       author = {Paul Allen},
       year = {1814},
       title = {{History of the expedition under the command of Captains Lewis and Clark to the sources of the Missouri, thence across the Rocky Mountains and down the River Columbia to the Pacific Ocean performed during the years 1804-5-6 by order of the government of the United States}},
			volume={2},
       publisher = {Bradford and Inskeep},
       address = {Philadelphia, PA}
     }

@article{alsina1999,
	author={Alex Alsina},
	year={1999},
	title={Where is the {Mirror Principle}?},
	journal={The Linguistic Review},
	volume={16(1)},
	pages={1-42}
	}

@article{ameka1992,
	author={Felix Ameka},
	year={1992},
	title={Interjections: {T}he universal yet neglected part of speech},
	journal={Journal of Pragmatics},
	volume={18(2-3)},
	pages={101-118}
	}

@article{anderson1977,
	author={Stephen R. Anderson},
	year={1977},
	title={On the formal description of inflection},
	journal={Proceedings of {Chicago Linguistic Society}},
	volume={13},
	pages={15-44}
	}

@article{anderson1982,
		author={Stephen R. Anderson},
		year={1982},
		title={Where's morphology?},
		journal={Linguistic Inquiry},
		volume={13(4)},
		pages={571-612}
		}

@book{anderson1992,
		author={Stephen R. Anderson},
		year={1992},
		title={A-morphous morphology},
		publisher={University of Cambridge Press},
		address={Cambridge, UK}
		}

@book{andersonzwicky2003,
	author={Stephen R. Anderson and Arnold M. Zwicky},
	year={2003},
	title={Clitics},
	booktitle={International {Encyclopedia of Linguistics}},
	edition={2},
	pages={328-328},
	volume={I},
	publisher={Oxford University Press},
	address={Oxford, UK}
	}

@book{anderson2005,
		author={Stephen R. Anderson},
		year={2005},
		title={Aspects on the theory of clitics},
		publisher={Oxford University Press},
		address={Oxford, UK}
		}

@article{anderson2008,
	author={Stephen R. Anderson},
	year={2008},
	title={English reduced auxiliaries really are simple clitics},
	journal={Lingue e Linguaggio},
	volume={2},
	pages={169-186}
	}

@book{andrist1964,
    author={Ralph K. Andrist and Rafael D. Palacios},
    year={1964},
    title={The long death: {The} last days of the {Plains} {Indian}},
    publisher={Macmillan},
    address={New York, NY}
    }

@book{aronoff1994,
		author={Mark Aronoff},
		year={1994},
		title={Morphology by itself: {S}tems and inflectional classes},
		publisher={MIT Press},
		address={Cambridge, MA}
		}

@article{aronoffxu2010,
	author={Mark Aronoff and Zheng Xu},
	year={2010},
	title={A {Realization Optimality-Theoretic} approach to affix order},
	journal={Morphology},
	volume={20(2)},
	pages={381-411}
	}

@book{aronson1990,
	author={Howard I. Aronson},
	year={1990},
	title={Georgian: {A} reading grammar},
	address={Columbus, OH},
	publisher={Slavica}
	}

@book{axtell1981,
	author={James Axtell},
	year={1981},
	title={The {Indian} peoples of Eastern {America}: {A} documentary history of the sexes},
	address={New York, NY},
	publisher={Oxford University Press}
	}


@article{baker1985,
		author={Mark C. Baker},
		year={1985},
		title={The {Mirror Principle} and morphosyntactic explanation},
		journal={Linguistic Inquiry},
		volume={16(3)},
		pages={373-415}
		}

@book{baker2008,
	author={Mark C. Baker},
	year={2008},
	title={The Syntax of Agreement and Concord},
	publisher={Cambridge University Press},
	address={Cambridge, UK}
	}

@incollection{baird2010,
	author={Brandon O. Baird},
	year={2010},
	title={Phonetic and phonological realizations of `broken glottal' vowels in {K'ichee'}},
	editor={Kirill Shklovsky and Pedro Mateo Pedro and Jessica Coon},
	booktitle={{Proceedings of Formal Approaches to Mayan Linguistics (FAMLi)} 1},
	publisher={MIT Working Papers in Linguistics},
	address={Cambridge, MA},
	pages={39-49}
	}
	
@article{beckmanpierrehumbert1986,
	author={Mary Beckman and Janet Pierrehumbert},
	year={1986},
	title={Intonational structure in {Japanese} and {English}},
	journal={Phonology Handbook},
	volume={3},
	pages={255-309}
	}

@article{bennettTA,
	author={Ryan Bennett},
	year={2016},
	title={Mayan phonology},
	journal={Language and Linguistics Compass},
	volume={10(10)},
	pages={469-514}
	}

@book{benson2000,
		author={Edwin Benson},
		year={2000},
		title={Nu {Eta} --- {``We the People''}: {A} {Mandan} language booklet for classroom use with simple vocabulary for anyone to learn a few everyday words in the {Mandan} language},
		address={Twin Buttes, ND},
		publisher={Twin Buttes School District}
		}

@book{benson1999,
		author={Edwin Benson},
		year={1999},
		title={Mandan coloring book: {A}n {English} \& {Mandan} word builder - {Book 5: Foods}},
		address={Twin Buttes, ND},
		publisher={Twin Buttes School District}
		}

@book{bensonspottedbearkasak2016,
    author={Edwin Benson and Corey {Spotted Bear} and Ryan Kasak},
    year={2016},
    title={Ptį́įni ropxímina'ki},
    publisher={Language Conservancy Press},
    address={Bloomington, IN}
}

@incollection{benua1995,
	author={Laura Benua},
	year={1995},
	title={Identity effects in morphological truncation},
	booktitle={Papers in {Optimality Theory}},
	series={University of Massachusetts Occasional Papers 18},
	editor={Jill N. Beckman and Laura Walsh Dickey and Suzanne Urbanczyk},
	pages={77-136},
	publisher={Graduate Linguistics Student Association of the University of Massachusetts, Amherst},
	address={Amherst, MA} 
	}

@book{bhat2004,
    author={D. N. S.  Bhat},
    title={Pronouns},
    year={2004},
    address={Oxford, UK},
    publisher={Oxford University Press},
    }

@article{billings2002,
	author={Loren A. Billings},
	year={2002},
	title={Phrasal clitics},
	journal={Journal of {Slavic Linguistics}},
	volume={10(1-2)},
	pages={53-104}
	}

@misc{birdbear2016,
	author={Martha {Bird Bear}},
	year={2016},
	title={Personal correspondence},
	howpublished={(In-person conversations during fieldwork conducted in New Town and Mandaree, ND during the summer of 2015)}
	}

@book{boasdeloria1941,
	author={Franz Boas and Ella Deloria},
	year={1941},
	title={Dakota grammar},
	publisher={U.S. Government Printing Office},
	address={Washington, DC}
	}

@incollection{bobaljik1994,
	author={Jonathan Bobaljik},
	year={1994},
	title={What does {Adjacency} do?},
	booktitle={MIT {Working Papers in Linguistics} 22: {The Morphology-Syntax Connection}},
	editor={Heidi Harley and Colin Phillips},
	pages={1-32},
        publisher={MIT Working Papers in Linguistics},
        address={Cambridge, MA}
	}

@misc{boersmaweenik2016,
	author={Paul Boersma and David Weenik},
	year={2020},
	title={Praat: {D}oing phonetics by computer},
	howpublished={Computer program. Version 6.1.27},
	urldate = {2020-10-13},
	url = {http://www.praat.org}
	}
	
@book{booij1995,
	author={Geert Booij},
	year={1995},
	title={The phonology of {Dutch}},
	publisher={Carendon},
	address={Oxford, UK}
	}

@book{bonaparte1862,
	author={Louis-Lucien Bonaparte},
	year={1862},
	title={Langue basque et langues finnoises},
	publisher={Strangeways \& Walden},
	address={London, UK}
	}

@phdthesis{boyle2007,
	author = {John P. Boyle},
	year = {2007},
	title = {Hidatsa morpho-syntax and clause structure},
	school = {University of Chicago},
	address = {Chicago, IL}
	}

@article{boyle2011,
	author={John P. Boyle},
	year={2011},
	title={Switch-reference in {Hidatsa}: {T}he evolution of a grammatical system},
	journal={International Journal of American Linguistics},
	volume={77(3)},
	pages={413-428}
	}

@misc{boyle2012,
		author={John P. Boyle},
		year={2012},
		title={Internally and externally headed relative clauses in {Mandan} and {Hocąk}},
		howpublished={Paper presented at the 32nd Siouan and Caddoan Languages Conference. University of Kansas: Lawrence, KS}
		}


@misc{boyle2013,
		author={John P. Boyle},
		year={2013},
		title={The instrumental prefixes in {Siouan}},
		howpublished={Paper presented at the 33rd Siouan and Caddoan Languages Conference. Sitting Bull College: Fort Yates, ND}
		}


@book{boyle2014,
       author = {John P. Boyle},
       year = {2014},
       title = {{Hiráaca iré'! -- Speak Hidatsa! Level 1}},
       publisher = {Language Conservancy Press},
       address = {Bloomington, IN}
     }

@misc{boyleetal2016,
	author={John P. Boyle and Ryan Kasak and Sarah Lundquist and Armik Mirzayan and Jonnia Torres and Brittany Williams},
		year={2016},
		title={A preliminary study on accentuation in {Hidatsa}},
		howpublished={Paper presented at the annual meeting of Society for the Studies of Indigenous Languages of the Americas at the Linguistic Society of America annual meeting. Washington, DC}
		}

@book{bowers1950,
			author={Alfred W. Bowers},
			year={1950},
			title={Mandan social and ceremonial organization},
			publisher={University of Chicago Press},
			address={Chicago, IL}
		}

@misc{bowers1971,
		author={Alfred W. Bowers},
		year={1971},
		title={{Mandan-Hidatsa ethnohistory and linguistics}},
		howpublished={(Collection of 155 hours of Mandan and Hidatsa narratives from Otter Sage and Annie Eagle archived at the American Philosophical Society in Philadelphia, PA)}
		}

@book{bybee1985,
		author={Joan Bybee},
		year={1985},
		title={Morphology: {A} study in the relationship between form and meaning},
		publisher={John Benjamins},
		address={Philadelphia, PA}
		}

@book{caffareletal2004,
	author={Alice Caffarel and James Robert Martin and Christian M. I. M. Matthiessen},
	year={2004},
	title={Language typology: {A} functional perspective},
	publisher={John Benjamins},
	address={Philadelphia, PA}
	}

@book{calloway2008,
			author={Colin G. Calloway},
			year={2008},
			title={{First peoples: {A} documentary history of American history}},
			edition={3},
			publisher={Bedford/St. Martin's},
			address={Boston, MA}
		}

@misc{carmodykasak2023,
    author={Maeve Carmody and Ryan M. Kasak},
    year={2023},
    title={Creating a treebank for {Mandan}},
    howpublished={Paper presented at the 43rd Siouan and Caddoan Languages Conference. University of Oklahoma: Norman, OK}
    }
	
@inproceedings{malouf1963,
    author={Carling Malouf},
    year={1963},
    title={{Crow-Flies-High} {(32MZ1)}, a historic {Hidatsa} village in the {Garrison Reservoir Area, North Dakota}},
    editor={Roberts, Jr., Frank H. H.},
    booktitle={{Smithsonian Institution Bureau of American Ethnography Bulletin 185}},
    series={River Basin Survey Papers, No. 29},
    pages={133-166},
    address={Washington, DC},
    publisher={United States Government Printing Office}
    }

@article{carter1983,
	author={Richard T. Carter},
	title={Root-final consonant clusters in {M}andan},
	year={1983},
	journal={Napao: {A} {Saskatchewan} {Anthropology} {Journal}},
	volume={13},
	pages={1-4}
	}

@incollection{carter1991a,
       author = {Richard T. Carter},
       title = {Maximilian's {Ruptare} vocabulary: {P}hilological evidence and {Mandan} phonology},
       booktitle = {{Proceedings of the 1990 Mid-America Linguistics Conference and Conference of Siouan-Caddoan Linguistics}},
       editor = {Frances Ingemann},
       pages = {479-489},
       year={1991},
       address = {Lawrence, KS},
       publisher = {University of Kansas}
     }

@incollection{carter1991b,
       author = {Richard T. Carter},
       title = {{Old Man Coyote and the Wild Potato: A Mandan trickster tale}},
       booktitle = {Linguistic studies presented to {John L. Finlay}},
       editor = {H. Christopher Wolfart},
       pages = {27-43},
       year = {1991},
       address = {Winnipeg, MB},
       publisher = {University of Manitoba},
     }

@article{casali1997,
	author={Roderic F. Casali},
	year={1997},
	title={Vowel elision in hiatus contexts: {W}hich vowel goes?},
	journal={Language},
	volume={73(3)},
	pages={493-533}
	}

@incollection{casali2011,
	author={Roderic F. Casali},
	year={2011},
	title={Hiatus resolution},
	booktitle={The {Blackwell} companion to {Phonology}},
	editor={Marc {van Osstendorp} and Colin J. Ewen and Elizabeth Hume and Keren Rice},
	pages={1434-1460},
	publisher={Blackwell Publishers},
	address={Oxford, UK},
	volume={3}
	}

@book{catlin1844,
		author={George Catlin},
		year={1844},
		title={Letters and notes on the manners, customs, and condition of the {North American Indians}},
		volume={2},
		edition={3},
		publisher={Wiley and Putnam},
		address={New York, NY}
		}

@phdthesis{cattaneo2009,
	author={Andrea Cattaneo},
	year={2009},
	title={It is all about clitics: {T}he case of a {Northern Italian} dialect like {Bellinzonese}},
	school = {New York University},
	address={New York, NY}
	}

@book{chafe1976,
	author={Wallace L. Chafe},
	year={1976},
	title={{The Caddoan, Iroquoian, and Siouan Languages}},
	publisher={Mouton},
	address={The Hague, Netherlands}
	}

@incollection{chafe1999,
	author={Wallace L. Chafe},
	year={1999},
	title={Florescence as a force in grammaticalization},
	editor={Spike Gildea},
	booktitle={Reconstructing Grammar: {Comparative} Linguistics and Grammaticalization},
	pages={39-64},
	publisher={John Benjamins},
	address={Philadelphia, PA}
	}

@incollection{chitoranetal2002,
	author={Ioana Chitoran and Louis Goldstein and Dani Byrd},
	year={2002},
	title={Gestural overlap and recoverability: {A}rticulatory evidence from {Georgian}},
	editor={Carlos Gussenhoven and Natasha Warner},
	booktitle={Laboratory {Phonology} 7},
	pages={419-447},
	publisher={Mouton de Gruyter},
	address={New York, NY}
	}

@article{cho2001,
	author={Taehong Cho},
	year={2001},
	title={Effects of morpheme boundaries on intergestural timing: {E}vidence from {Korean}},
	journal={Phonetica},
	volume={58(3)},
	pages={129-162}
	}

@article{choladefoged1999,
		author={Taehong Cho and Peter Ladefoged},
		year={1999},
		title={Variation and universals of {VOT}: {E}vidence from 18 languages},
		journal={Journal of Phonetics},
		volume={27(2)},
		pages={207-229}
		}
		
@incollection{chomsky1970,
	author={Noam Chomsky},
	year={1970},
	title={Remarks on nominalizations},
	editor={Roderick A. Jacobs and Peter S. Rosenbaum},
	booktitle={Readings in {English} transformational grammar},
	pages={184-221},
	publisher={Ginn},
	address={Waltham, MA}
	}

@incollection{chomsky1993,
	author={Noam Chomsky},
	year={1993},
	title={A minimalist program for linguistic theory},
	editor={Ken L. Hale and S. Jay Keyser},
	booktitle={The view from {Building 20}: {Essays} in linguistics in honor of {Sylvain Bromberger}},
	pages={1-52},
	publisher={MIT Press},
	address={Cambridge, MA}
	}
	
@book{chomsky1995,
	author={Noam Chomsky},
	year={1995},
	title={The {Minimalist Program}},
	publisher={MIT Press},
	address={Cambridge, MA}
	}

@incollection{chomsky2000,
	author={Noam Chomsky},
	year={2000},
	title={Minimalist inquiries},
	booktitle={Step by Step},
	editor={Roger Martin and David Michaels and Juan Uriagereka and Samuel Jay Keyser},
	pages={89-155},
	publisher={MIT Press},
	address={Cambridge, MA}
	}

@incollection{chomsky2001,
	author={Noam Chomsky},
	year={2001},
	title={Derivation by Phase},
	booktitle={{Ken Hale}: {A} Life in Language},
	editor={Michael Kenstowicz},
	pages={1-52},
	publisher={MIT Press},
	address={Cambridge, MA}
	}
	
@book{chomskyhalle1968,
	author={Noam Chomsky and Morris Halle},
	year={1968},
	title={The sound pattern of {English}},
	publisher={MIT Press},
	address={Cambridge, MA}
	}

@book{cinque1999,
	author={Guglielmo Cinque},
	year={1999},
	title={Adverbs and functional heads: {A} cross-linguistics perspective.},
	publisher={Oxford University Press},
	address={Oxford, UK}
	}

@phdthesis{ciucivara2009,
	author={Oana Ciucivara},
	year={2009},
	title={A syntactic analysis of pronominal clitic clusters in {Romance}: {The} view from {Romanian}},
	school = {New York University},
	address={New York, NY}
	}

@article{coberly1979,
			author={Mary Coberly},
			title={{A text analysis and brief grammatical sketch based on `Trickster Challenges the Buffalo': A Mandan text collected by Edward Kennard.}},
       journal={Colorado Research in Linguistics},
       volume={8},
       year = 1979,
       pages = {19-94}
     }	
     
@incollection{coen2021,
    author={Noah Coen},
    title={{(Para-)}Adpositional morphosyntax in {Siouan}: {A} case study of {Lakhota-Dakota-Nakota, Catawba, and Crow}},
    year={2022},
    booktitle={Proceedings of the 41st {Siouan and Caddoan Languages Conference}},
    editor={Ryan M. Kasak and Catherine Rudin and Armik Mirzayan and Samiron Dutta},
    publisher={University of Oklahoma Department of Modern Languages, Literatures, and Linguistics},
    address={Norman, OK},
    pages={13-58}
    }
     
@book{cole1982,
	author={Peter Cole},
	year={1982},
	title={{Imbabura Quechua}},
	publisher={North-Holland Publishing Company},
	address={Amsterdam, Netherlands}
	}

@article{cowell2007,
	author={Andrew Cowell},
	year={2007},
	title={Arapaho imperatives: {Indirectness}, politeness and communal ``face''},
	journal={Journal of Linguistic Anthropology},
	volume={17(1)},
	pages={44-60}
	}

@book{cowellmoss2008,
    author={Cowell, Andrew and Moss, Sr. Alonzo},
    year={2008},
    title={The {Arapaho} Language},
    publisher={University of Colorado Press},
    address={Boulder, CO}
    }

@article{craighale1988,
	author={Collete G. Craig and Ken Hale},
	year={1988},
	title={Relational preverbs in some languages of the {Americas}: {Typological} and historical perspectives},
	journal={Language},
	volume={64(2)},
	pages={312-344}
	}

@incollection{creissels2008,
	author={Denis Creissels},
	year={2008},
	title={Remarks on split intransitivity and fluid intransitivity},
	booktitle={Empirical issues in {Syntax} and {Semantics} 7},
	editor={Olivier Bonami and Patricia {Cabredo Hofherr}},
	pages={139-168}
	}

@incollection{croft1988,
	author={William Croft},
	year={1988},
	title={Agreement vs. case marking and direct objects},
	booktitle={Agreement in natural language: {A}pproaches, theories, descriptions},
	editor={Michael Barlow and Charles A. Ferguson},
	pages={159-179},
	address={Stanford, CA},
	publisher={CSLI Publications}
	}

@book{croft2003,
    author={William Croft},
    year={2003},
    title={Typology and universals},
    edition={2},
    publisher={Cambridge University Press},
    address={Cambridge, UK}
    }
	
@phdthesis{cumberland2005,
	author={Linda A. Cumberland},
	year={2005},
	title={A Grammar of {Assiniboine}: {A} {Siouan} language of the {Northern} {Plains}},
	school = {Indiana University},
	address={Bloomington, IN}
	}

@book{cumberlandrankin2012,
	author={Linda A. Cumberland and Robert L. Rankin},
	year={2012},
	title={Káⁿze Íe Wayáje: {A}n Annotated Dictionary of {Kaw} ({Kanza})},
	publisher={Kanza Language Project of the Kaw Nation},
	address={Kaw City, OK}
	}

@book{dalby2003,
	author={Andrew Dalby},
	year={2003},
	title={Language in Danger: {The} loss of linguistic diversity and the threat to our future},
	publisher={Columbia University Press},
	address={New York, NY}
	}

@book{disciullowilliams1987,
	author={Anna-Maria {Di Sciullo} and Edwin Williams},
	year={1987},
	title={On the definition of word},
	publisher={MIT Press},
	address={Cambridge, MA}
	}

@incollection{dixonaikhenvald2003,
	author={Robert M.W. Dixon and Alexandra Y. Aikhenvald},
	year={2003},
	title={Word: {A} Typological Framework},
	booktitle={Word: {A} Crosslinguistic Typology},
	editor={Robert M.W. Dixon and Alexandra Y. Aikhenvald},
	publisher={Cambridge University Press},
	address={Cambridge, UK},
	pages={1-37}
	}

@book{densmore1923,
		author={Frances Densmore},
		year={1923},
		title={{Mandan and Hidatsa music}},
		series={Smithsonian Institution, Bureau of American Ethnology, Bulletin 80},
		publisher={United States Government Printing Office},
		address={Washington, DC}
		}

@incollection{dorsey1885,
		author={James Owen Dorsey},
		year={1885},
		title={On the comparative phonology of four {Siouan} languages},
		booktitle={Annual report of the {Board} of {Regents} of the {Smithsonian} {Institution} showing the operations, expenditures, and condition of the {Institution} for the year 1883},
		publisher={Government Printing Office},
		address={Washington, DC},
		pages={919-930}
		}

@article{dorsey1893,
	author={James Owen Dorsey},
	year={1893},
	title={The {Biloxi Indians} of {Louisiana}},
	journal={Proceedings of the American Association for the Advancement of Science},
	volume={42},
	pages={267-287}
	}

@book{dorseyswanton1912,
	author={James Owen Dorsey and John R. Swanton},
	year={1912},
	title={A Dictionary of the {Biloxi} and {Ofo} Languages},
	publisher={United States Government Printing Office},
	address={Washington, DC},
	series={Smithsonian Institution, Bureau of American Ethnology, Bulletin 47}
	}

@book{downing2006,
		author={Laura J. Downing},
		year={2006},
		title={Canonical forms in prosodic morphology},
		publisher={Oxford University Press},
		address={Oxford, UK}
		}

@incollection{dryer2009,
	title={A comparison of preverbs in {Kutenai} and {Algonquian}},
	year={2009},
	author={Matthew R. Dryer},
	booktitle={Papers of the {Twenty-ninth} {Algonquian} {Conference}},
	editor={David Pentland},
	pages={63-94},
	publisher={University of Manitoba},
	address={Winnipeg, MB}
	}

@incollection{dryer2013,
  author    = {Matthew S. Dryer},
  booktitle = {The World Atlas of Language Structures Online},
  editor    = {Matthew S. Dryer and Martin Haspelmath},
  publisher = {Max Planck Institute for Evolutionary Anthropology},
  address   = {Leipzig, Germany},
  title     = {Order of Subject, Object and Verb},
  type      = {Data set},
  url       = {https://doi.org/10.5281/zenodo.13950591},
  year      = {2013},
  note      = {(v. 2020.4)}
}

@article{drummond2007,
		author={Alexei J. Drummond and Andrew Rambaut},
		year={2007},
		title={{BEAST}: {Bayesian} evolutionary analysis by sampling trees},
		journal={BMC Evolutionary Biology},
		volume={7},
		pages={214}
		}

@book{einaudi1976,
	author={Paula Ferris Einaudi},
	year={1976},
	title={A grammar of {Biloxi}},
	publisher={Garland},
	address={New York, NY}
	}
	

@article{embicknoyer2001,
		author={David Embick and Rolf Noyer},
		year={2001},
		title={Movement operations after syntax},
		journal={Linguistic Inquiry},
		volume={32(4)},
		pages={555-595}
		}

@book{erdoesortiz1998,
	author={Richard Erdoes and Alfonso Ortiz},
	year={1998},
	title={{American Indian} Trickster Tales},
	address={New York, NY},
	publisher={Penguin}
	}

@book{fenn2015,
			author={Elizabeth A. Fenn},
			year={2015},
			title={Encounters at the heart of the world: {A} history of the {Mandan} people},
			publisher={Hill and Wang},
			address={New York, NY}
		}

@incollection{galvessandalo2004,
	author={Charlotte Galves and Filomena Sândalo},
	year={2004},
	title={Clitic-placement in {Modern} and {Classical Portuguese}},
	editor={Ana Castro and Marcelo Ferreira and Valentine Hacquard and Andrés Pablo Salanova},
	booktitle={{MIT} working papers in linguistics 47: {Collected} papers on {Romance} syntax},
	pages={115-128},
	publisher={MITWPL},
	address={Cambridge, MA}
	}

@article{galvessousa2005,
	author={Charlotte Galves and Maria Clara {Paixão de Sousa}},
	year={2005},
	title={The change in clitic placement from {Classical} to {Modern European Portuguese}: {Results} from the {Tycho Brahe Corpus}},
	journal={Journal of Portuguese Linguistics},
	volume={4(1)},
	pages={39-67}
	}

@misc{garcia2022,
	author={Wendy Elvira-García},
	year={2022},
	title={create-pictures-with-tiers.praat},
	howpublished={Computer program. Version 6},
	urldate = {2024-08-09},
	url = {https://github.com/wendyelviragarcia/create_pictures/blob/master/create_pictures.praat}
	}

@phdthesis{garellek2013,
	author={Marc Garellek},
	year={2013},
	title={Production and perception of glottal stops},
	school = {University of California, Los Angeles},
	address={Los Angeles, CA}
	}

@article{gick1999,
	author={Bryan Gick},
	year={1999},
	title={A gesture-based account of intrusive consonants in {E}nglish},
	journal={Phonology},
	volume={16(1)},
	pages={29-54}
	}

@misc{goddard2000,
	author={Ives Goddard},
	year={2000},
	title={The identity of {Red Thunder Cloud}},
	howpublished={Society for the Study of Indigenous Languages of the Americas Newsletter, April}
	}
	

@article{good2011,
		author={Jeff Good},
		year={2011},
		title={The typology of templates},
		journal={Language and Linguistics Compass},
		volume={5(10)},
		pages={731-747}
		}
		
@book{good2016,
		author={Jeff Good},
		year={2016},
		title={The linguistic typology of templates},
		publisher={Cambridge University Press},
		address={Cambridge, UK}
		}

@incollection{graczyk1987,
	author={Randolph Graczyk},
	year={1987},
	title={Switch reference in {Crow}: {A}n emergent category},
	editor={Paul Kroeber and Robert Moore},
	booktitle={{Native American} Languages and Grammatical Typology},
	pages={119-135},
	publisher={Indiana Linguistics Club},
	address={Bloomington, IN}
	}

@phdthesis{graczyk1991,
	author={Randolph Graczyk},
	year={1991},
	title={Incorporation and cliticization in {Crow} morpho-syntax},
	school = {University of Chicago},
	address={Chicago, IL}
	}

@misc{graczyk1997,
	author={Randolph Graczyk},
	title={Switch-reference in {Biloxi}},
	year={1997},
	howpublished={Paper presented at the annual meeting of the Society for the Studies of Indigenous Languages of the Americas in conjunction with the Linguistic Society of America. Chicago, IL.}
	}

@book{graczyk2007,
       author = {Randolph Graczyk},
       year = {2007},
       title = {{A grammar of Crow}},
       publisher = {University of Nebraska Press},
       address = {Lincoln, NE}
     }

@book{greenberg1963,
		author={Joseph H. Greenberg},
		year={1963},
		title={Some universals of grammar with particular reference to the order of meaningful elements},
		publisher={MIT Press},
		address={Cambridge, MA}
		}

@incollection{greer2016,
       author = {Jill D. Greer},
       title = {Baxoje-{Chiwere} grammar sketch},
       booktitle = {{Advances in the study of Siouan languages and linguistics}},
			series={{Studies in Diversity Linguistics 11}},
       editor = {Catherine Rudin and Binah T. Gordon},
       pages = {183-228},
       year={2016},
       address = {Berlin, Germany},
       publisher = {Language Science Press}
     }

@book{grimm2012,
	author={Thaddeus C. Grimm},
	year={2012},
	title={The {Siouan} languages},
	publisher={Mennonite Press},
	address={Newton, KS}
	}

@article{haas1968,
	author={Mary Haas},
	year={1968},
	title={The last words of {Biloxi}},
	journal={International Journal of American Linguistics},
	volume={34(2)},
	pages={77-84}
	}

@incollection{haimanmunro1983,
	author={John Haiman and Pamela Munro},
	year={1983},
	title={Introduction},
	booktitle={Switch-Reference and {Universal Grammar}},
	editor={John Haiman and Pamela Munro},
	pages={ix-xv},
	publisher={John Benjamins},
	address={Philadelphia, PA}
	}

@article{halewhiteeagle1980,
	author={Kenneth Hale and Josie {White Eagle}},
	year={1980},
	title={A preliminary metrical account of {Winnebago} accent},
	journal={International Journal of American Linguistics},
	volume={46(2)},
	pages={117-132}
	}

@misc{haleetal1977,
	author={Kenneth Hale and Ellavina Tsosie-Perkins and Richard Demers and Dorothy Shank},
	year={1977},
	title={Structure of {Navajo}},
	howpublished={Ms. University of Arizona. Tuscon, AZ}
	}

@article{hale2001,
		author={Kenneth Hale},
		year={2001},
		title={The {Navajo} verb stem position and the bipartite structure of the {Navajo} conjunct sector},
		journal={Linguistic Inquiry},
		volume={32(4)},
		pages={678-693}
		}
		
@article{hall2006,
	author={Nancy Hall},
	year={2006},
	title={Cross-linguistic patterns of vowel intrusion},
	journal={Phonology},
	volume={23(3)},
	pages={387-429}
	}


@incollection{hallemarantz1993,
		author={Morris Halle and Alec Marantz},
		year={1993},
		title={{Distributed Morphology} and the pieces of inflection},
		editor={Kenneth Hale and S. Jay Keyser},
		booktitle={The View from {Building} 20},
		publisher={MIT Press},
		address={Cambridge, MA}
		}

@book{hanna1911,
	author={Charles Augustus Hanna},
	year={1911},
	title={The wilderness trail: {Or}, the ventures and adventures of the {Pennsylvania} traders on the {Allegheny} path},
	volume={1},
	publisher={G.P. Putnam and Sons},
	address={New York, NY}
	}

@incollection{harley2010,
		author={Heidi Harley},
		year={2010},
		title={Affixation and the {Mirror Principle}},
		editor={Raffaella Folli and Christiane Ullbricht},
		booktitle={Interfaces in linguistics},
		pages={166-186},
		publisher={Oxford University Press},
		address={Oxford, UK}
		}

@misc{harper1948,
		author={Allan G. Harper},
		year={1948},
		title={Land problems on the {Fort Berthold Indian Reservation} arising from the {Garrison Project}},
		howpublished={Report. Missouri River Basin Investigations Staff. Region No. 2 Bureau of Indian Affairs. April 20, 1948. Revised, May 7, 1948.}
	}

@incollection{harris2003,
	author={Alice C. Harris},
	year={2003},
	title={Preverbs and their origins in {Georgian} and {Udi}},
	pages={61-73},
	booktitle={Yearbook of Morphology 2003},
	editor={Geert Booij and Jaap {Van Marle}},
	publisher={Kluwer Academic Publishers},
	address={New York, NY}
	}

@book{harris2017,
	author={Alice C. Harris},
	year={2017},
	title={Multiple exponence},
	publisher={Oxford University Press},
	address={Oxford, UK}
	}

@mastersthesis{hartmann2009,
	author={Iren Hartmann},
	year={2009},
	title={Modality in {Hoocąk}},
	school = {University of Erfurt},
	address={Erfurt, Germany}
	}

@mastersthesis{headley1971,
		author={Headly, Jr., Robert K.},
		year={1971},
		title={The origin and distribution of the {Siouan} speaking tribes},
		school = {Catholic University of America},
		address={Washington, DC}
	}

@book{helmbrechtlehmann2006,
	editor={Johannes Helmbrecht and Christian Lehmann},
	year={2006},
	title={{Hocąk-English/English-Hocąk Learner's Dictionary}},
	publisher={Arbeitspapiere des Seminars für Sprachwissenschaft der Universität Erfurt},
	address={Erfurt, Germany}
	}

@incollection{helmbrechtlehmann2008,
	author={Johannes Helmbrecht and Christian Lehmann},
	year={2008},
	title={Hocank's challenge to morphological theory},
	editor={K. David Harrison and David Rood and Arienne Dwyer},
	booktitle={Lessons from Documented Endangered Languages},
	publisher={John Benjamins},
	address={Philadelphia, PA},
	pages={271-316}
	}
	
@misc{helmbrecht2006,
	author={Johannes Helmbrecht},
	year={2006},
	title={Applicatives in {Siouan} languages: {A} study in comparative grammar},
	howpublished={Paper presented at the 3rd Workshop on Comparative Siouan Grammar. Rocky Mountain College: Billings, MT.}
	}

@incollection{helmbrecht2008,
		author={Johannes Helmbrecht},
		year={2008},
		title={Decay and loss of applicatives in {Siouan} languages: {A} grammaticalization perspective},
		editor={Elisabeth Verhoeven and Stavros Skopeteas and Yong-Min Shin and Yoko Nishina and Johannes Helmbrecht},
		booktitle={Studies in grammaticalization},
		pages={135-156},
		publisher={Mouton de Gruyter},
		address={New York, NY}
		}



@phdthesis{hollow1970,
       author = {Robert C. Hollow},
       year = {1970},
       title = {{A Mandan dictionary}},
       school = {University of California, Berkeley},
       address = {Berkeley, CA}
     }

@unpublished{hollow1973a,
			author={Robert C. Hollow},
			year={1973},
			title={Mandan texts},
			howpublished={{Box 3: Robert C. Hollow materials. (A set of 22 texts recorded, transcribed, and translated by Robert C. Hollow held at the North Dakota State Historical Society.)}},
		}

@unpublished{hollow1973b,
			author={Robert C. Hollow},
			year={1973},
			title={Mandan texts},
			howpublished={{Box 5: Robert C. Hollow materials. (A set of Edward Kennard's (1933-1934) 22 texts re-elicited, transcribed, and translated by Robert C. Hollow held at the North Dakota State Historical Society.)}},
		}


@book{hollow1976,
       author = {Robert C. Hollow and A. Wesley Jones and David J. Ripley},
       year = {1976},
       title = {Mandan teacher's guide: {E}lementary level},
       publisher = {Mary College Indian Languages Program},
       address = {Bismark, ND}
     }



@incollection{hyman2003,
		author={Larry M. Hyman},
		year={2003},
		title={Suffix ordering in {Bantu}: {A} morphocentric approach},
		booktitle={{Yearbook of Morphology 2003}},
		publisher={Springer Netherlands},
		address={Dordrecht, Netherlands},
		pages={245-281},
		editor={Geert Booij and van Marle, Jaap}
		}

@book{ingham2003,
		author={Bruce Ingham},
		year={2003},
		title={Lakota},
		publisher={LINCOM Europa},
		address={Munich, Germany}
		}

@incollection{itomester1999,
	author={Junko Itô and R. Armin Mester},
	year={1999},
	title={Realignment},
	booktitle={The Prosody-Morphology Interface},
	editor={René Kager and Harry {van der Hulst} and Wim Zonneveld},
	pages={188-217},
	publisher={Cambridge University Press},
	address={Cambridge, UK}
	}

@inproceedings{janda1983,
	author={Richard D. Janda},
	year={1983},
	title={``Morphemes'' aren't something that grows on trees: {Morphology} as more the phonology than the syntax of words},
	booktitle={Papers from the {Parassion} on the {Interplay of Phonology, Morphology, and Syntax}},
	editor={John Richardson and Mitchell Marks and Amy Chukerman},
	pages={79-95},
	publisher={Chicago Linguistic Society},
	address={Chicago, IL}
	}

@book{johnson2007,
       author = {Craig M. Johnson},
       year = {2007},
       title = {{A chronology of Middle Missouri Plains village sites}},
			series={{Smithsonian Contributions to Anthropology, Number 47}},
       publisher = {Smithsonian Institution Scholarly Press},
       address = {Washington, DC}
     }

@book{jones1956,
	author={Daniel Jones},
	year={1956},
	title={An Outline of {English} Phonetics},
	edition={8},
	publisher={Heffer},
	address={Cambridge, UK}
	}

@article{jones1983,
	author={A. Wesley Jones},
	year={1983},
	title={Some archaisms and innovations in {Hidatsa}},
	journal={Napao: {A} {Sasketchewan Anthropology Journal}},
	editor={Mary Marino},
	volume={8},
	pages={8-10}
	}

@article{jones1983b,
	author={A. Wesley Jones},
	year={1983},
	title={On {Proto-Siouan} ablaut and nasalization: {A} note to follow {David} {S.} {Rood}'s paper},
	journal={Napao: {A} {Sasketchewan Anthropology Journal}},
	editor={Mary Marino},
	volume={13},
	pages={29-30}
	}

@inproceedings{jones1991,
	author={A. Wesley Jones},
	year={1991},
	title={The case of root extensions in {Proto-Siouan}},
	booktitle={{The Proceedings of the 1990 Mid-America Linguistics Conference of Siouan and Caddoan Languages}},
	editor={Frances Ingemann},
	publisher={University of Kansas Linguistics Department},
	address={Lawrence, KS},
	pages={505-517}
	}

@phdthesis{julian2010,
	author={Charles Julian},
	year={2010},
	title={A History of the {Iroquoian} Languages},
	school = {University of Manitoba},
	address={Winnipeg, MB}
	}
	
@misc{kang1999,
	author={Ongmi Kang},
	year={1999},
	title={A correspondence analysis on hiatus resolution in {Korean}},
	howpublished={Ms. Chosun University}
	}

@misc{kasak2012,
	author={Ryan M. Kasak},
	year={2012},
	title={Treatment of vertitivity in {Siouan} languages},
	howpublished={Paper presented at the 32nd Siouan and Caddoan Languages Conference. University of Kansas: Lawrence, KS}
	}

@misc{kasak2013,
		author={Ryan M. Kasak},
		year={2013},
		title={Applicatives and valency in {Mandan}},
		howpublished={Paper presented at the 33rd Siouan and Caddoan Languages Conference. Sitting Bull College: Fort Yates, ND}
		}
		
@misc{kasak2013b,
	author={Ryan M. Kasak},
	year={2013},
	title={A reconstruction of verbs of motion in {Proto-Siouan}},
	howpublished={Paper presented at the annual meeting of Society for the Studies of Indigenous Languages of the Americas at the Linguistic Society of America annual meeting. Boston, MA}
	}

@misc{kasakqp1,
		author={Ryan M. Kasak},
		year={2014},
		title={Siouan preverbs, pronominals, and morphological theory},
		howpublished={Qualifying paper presented to the Yale University Linguistics Department. New Haven, CT}
		}

@book{kasak2014,
       author = {Ryan M. Kasak},
       year = {2014},
       title = {{Núu'etaa íroonista! -- Speak Mandan! Level 1}},
       publisher = {Language Conservancy Press},
       address = {Bloomington, IN}
     }

@misc{kasak2014a,
	author={Ryan M. Kasak},
	year={2014},
	title={The clitic field in Mandan},
	howpublished={Paper presented at annual winter meeting of the Society for the Study of Indigenous Languages of the Americas in conjunction with the Linguistic Society of America. Minneapolis, MN.}
	}

@unpublished{kasak2015,
			author={Ryan M. Kasak},
			year={2015},
			title={A computational approach to {Siouan} phylogenetics},
			howpublished={Ms. New Haven, CT: Yale University}
			}

@misc{kasak2015b,
		author={Ryan M. Kasak},
		year={2015},
		title={Caddo inflectional morphology},
		howpublished={Paper presented at the 35th Siouan and Caddoan Languages Conference. Tunica-Biloxi Tribe: Marksville, LA}
		}

@incollection{kasak2016,
       author = {Ryan M. Kasak},
       title = {A distant genetic relationship between {Siouan-Catawban} and {Yuchi}},
       booktitle = {{Advances in the study of Siouan languages and linguistics}},
			series={{Studies in Diversity Linguistics 11}},
       editor = {Catherine Rudin and Binah T. Gordon},
       pages = {5-39},
       year={2016},
       address = {Berlin, Germany},
       publisher = {Language Science Press}
     }

@misc{kasaketal2016,
	author={Ryan Kasak and Sarah Lundquist and Jonnia Torres and Brittany Williams},
	year={2016},
	title={Templatic morphology in {Siouan} and boundary-sensitive affixation},
	howpublished={Paper presented at the 21st Workshop on the Structure and Constituency of the Languages of the Americas (WSCLA). Montreal, QC: Université du Québec à Montréal.}
	}

@phdthesis{kasak2019,
	author={Ryan M. Kasak},
	year={2019},
	title={Affix ordering and templatic morphology in {Mandan}},
	school = {Yale University},
	address={New Haven, CT}
	}

@incollection{kasak2022,
	author={Ryan M. Kasak},
	year={2022},
	title={Topic and focus in {Mandan}},
	editor={Ryan M. Kasak and Catherine Rudin and Armik Mirzayan and Samiron Dutta},
	booktitle={Proceedings of the 41st {Siouan and Caddoan Languages Conference}},
	publisher={University of Oklahoma Department of Modern Languages, Literatures, and Linguistics},
	address={Norman, OK},
        pages={59-89}
	}
	

@incollection{kasaklundquist2019,
	author={Ryan M. Kasak and Sarah Lundquist},
	year={2019},
	title={Nasal harmony in {Hoocąk} and {Mandan}},
	editor={Ryan M. Kasak},
	booktitle={Proceedings of the 38th {Siouan} and {Caddoan} {Languages} {Conference}},
	pages={99-122},
	address={Chicago, IL},
	publisher={Northeastern Illinois University Linguistics Department}
	}
	
@book{kaufman2011,
	author={David V. Kaufman},
	year={2011},
	title={Biloxi-{English} dictionary with {English}-{Biloxi} Index},
	publisher={Kansas University ScholarWorks},
	address={Lawrence, KS}
	}
	
@phdthesis{kaufman2014,
		author={David V. Kaufman},
		year={2014},
		title={The {Lower Mississippi Valley} as a language area},
		school = {University of Kansas},
		address={Lawrence, KS}
		}

@misc{kawahara2002,
	author={Shigeto Kawahara},
	year={2002},
	title={Feature recycling: {H}iatus resolution by way of glide formation in {Japanese}},
	howpublished={Talk presented at International Christian University: Tokyo, Japan.}
	}

@article{kayne1991,
	author={Richard S. Kayne},
	year={1991},
	title={Romance clitics, verb movement, and {PRO}},
	journal={Linguistic Inquiry},
	volume={22(4)},
	pages={647-686}
	}

@book{kayne1994,
	author={Richard S. Kayne},
	year={1994},
	title={The antisymmetry of syntax},
	publisher={MIT Press},
	address={Cambridge, MA}
	}

@unpublished{kennard1934,
			author={Edward Kennard},
			title={Mandan folkloristic texts},
			year={1934},
			howpublished={(Collection of 28 narratives elicited and transcribed by Edward Kennard held at the American Philosophical Society. Philadelphia, PA.)}
}

@article{kennard1936,
       author={Edward Kennard},
       title={Mandan grammar},
       journal={International Journal of American Linguistics},
       volume={9(1)},
       year = 1936,
       pages = {1-43}
     }

@phdthesis{key1982,
	author={Patrick J. Key},
	year={1982},
	title={Craniometric relationships among {Plains} {Indians}: {C}ulture-Historical and evolutionary implications},
	school = {University of Tennessee},
	address={Knoxville, TN}
	}

@incollection{kidwai2005,
	author={Ayesha Kidwai},
	year={2005},
	title={Santali `Backernagel' clitics: {Distributing} clitic doubling},
	editor={Rajendra Singh},
	booktitle={The yearbook of {South Asian} languages and literatures},
	pages={189-207},
	publisher={Mouton de Gruyter},
	address={New York, NY}
	}

@unpublished{kipp1852,
       author={James Kipp},
       title={Mandan vocabulary},
       year={1852},
			howpublished={Ms. Saint Louis, MO}
     }

@book{kramer2003,
	author={Martin Krämer},
	year={2003},
	title={Vowel harmony and {Correspondence Theory}},
	publisher={Mouton de Gruyter},
	address={Berlin, Germany}
	}

@unpublished{Koontz1984,
    author = {John E. Koontz},
    title = {Preliminary sketch of the {Omaha}-{Ponka} language},
    year={1984},
    howpublished = {Ms. Boulder, CO: University of Colorado}
}

@unpublished{koontz1985,
		author={John E. Koontz},
		year={1985},
		title={Siouan subgrouping},
		howpublished={Ms. Boulder, CO: University of Colorado}
		}

@book{kurz1937,
			author={Rudolf Friederich Kurz},
			year={1937},
			title={{Journal of Rudolph Friederich Kurz: An acccount of his experiences among fur traders and
American Indians on the Mississippi and the Upper Missouri Rivers during the years 1846 to 1852}},
			publisher={Government Printing Office},
			address={Washington, DC}
		}

@book{ladefogedjohnson2015,
	author={Peter Ladefoged and Keith Johnson},
	year={2015},
	title={A course in {Phonetics}},
	edition={7},
	publisher={Cengage Learning},
	address={Stamford, CT}
	}

@book{ladefogedmaddieson1996,
	author={Peter Ladefoged and Ian Maddieson},
	year={1996},
	title={The Sounds of the World's Languages},
	publisher={Blackwell Publishers},
	address={Cambridge, MA}
	}

@book{larsen1997,
	author={Clark Spencer Larsen},
	year={1997},
	title={Bioarchaeology: {I}nterpreting behavior from the human skeleton},
	publisher={Cambridge University Press},
	address={Cambridge, UK},
	}

@mastersthesis{larson2005,
	author={Rory M. Larson},
	year={2005},
	title={Acculturation terms in {Omaha}},
	school = {University of Nebraska},
	address={Lincoln, NE}
	}

@incollection{larson2016,
       author = {Rory M. Larson},
       title = {Regular sound shifts in the history of {Siouan}},
       booktitle = {{Advances in the study of Siouan languages and linguistics}},
			series={{Studies in Diversity Linguistics 11}},
       editor = {Catherine Rudin and Binah T. Gordon},
       pages = {63-82},
       year={2016},
       address = {Berlin, Germany},
       publisher = {Language Science Press}
     }

@book{lefebvremuysken1988,
    author={Claire Lefebvre and Pieter Muysken},
    year={1988},
    title={Mixed categories: {Nominalizations} in {Quechua}},
    publisher={Kluwer Academic Publishers},
    address={Dordrecht, Netherlands}
    }

@book{lehmer1971,
			author={Donald J. Lehmer},
			year={1971},
			title={Introduction to {Middle Missouri} archeology},
			series={{National Park Service, Anthropological Papers 1}},
			publisher={Department of the Interior},
			address={Washington, DC}
		}

@book{leman2013,
		author={Wayne Leman},
		year={2013},
		title={A reference grammar of the {Cheyenne} language},
		edition={4},
		publisher={Lulu Press},
		address={Raleigh, NC}
		}

@book{lipkind1945,
	author={William Lipkind},
	year={1945},
	title={Winnebago Grammar},
	publisher={King's Crown Press},
	address={New York, NY}
	}

@book{littleowl1992,
			author = {Ronald Samuel {Little Owl} and Christian Engell Rhod},
			year = 1992,
			title = {{Núeta-Mandan}},
			note = {(Unpublished textbook to accompany Mandan course at Fort Berthold Community College.) Ms. New Town, ND.}
		}

@phdthesis{linn2000,
	author={Mary Sarah Linn},
	year={2000},
	title={A grammar of {Euchee (Yuchi)}},
	school = {University of Kansas},
	address={Lawrence, KS}
	}

@incollection{lombardi2001,
	author={Linda Lombardi},
	year={2001},
	title={Why place and voice are different: {C}onstraint-specific alternations in {Optimality Theory}},
	editor={Linda Lombardi},
	booktitle={Segmental phonology in {Optimality Theory}},
	pages={13-45}
	}

@article{lombardi2002,
	author={Linda Lombardi},
	year={2002},
	title={Coronal epenthesis and markedness},
	journal={Phonology},
	volume={19(2)},
	pages={219-251}
	}

@misc{lovett1975,
		author={William Andrew Lovett},
		year={1975},
		title={{Last Mandan Indian, 108, is buried}},
		howpublished={News release. Department of the Interior, Bureau of Indian Affairs. Prepared Jan. 14, 1975.}
		}

@book{lowie1909,
    author={Robert H. Lowie},
    title={The {Assiniboine}},
    year={1909},
    series={Anthropological papers of the {American} {Museum} of {Natural} {History}},
    volume={4},
    publisher={American Museum of Natural History},
    address={New York, NY}
    }

@article{lowie1913,
	author={Robert H. Lowie},
	year={1913},
	title={{Societies of the Crow, Hidatsa and Mandan Indians}},
	journal={Anthropological Papers of the American Museum of Natural History},
	volume={11(3)},
	pages={145-358}
	}
	
@article{lowie1942,
	author={Robert H. Lowie},
	year={1942},
	title={The {Crow} Language: {Grammatical} sketch and Analyzed Text},
	journal={{University of California Publications in American Archaeology and Ethnology}},
	volume={39(1)},
	pages={1-142}
	}

@misc{lundquist2015,
		author={Sarah Lundquist},
		year={2015},
		title={Phonology and function of reduplication in {Hoocąk}},
		howpublished={Paper presented at the 35nd Siouan and Caddoan Languages Conference. Tunica-Biloxi Tribe: Marksville, LA}
		}

@inbook{maddieson2013,
  address   = {Leipzig, Germany},
  author    = {Ian Maddieson},
  booktitle = {The world atlas of language structures online},
  editor    = {Matthew S. Dryer and Martin Haspelmath},
  publisher = {Max Planck Institute for Evolutionary Anthropology},
  title     = {Absence of Common Consonants},
  url       = {http://wals.info/chapter/18},
  year      = {2013}
}

@incollection{maddieson2013b,
  address   = {Leipzig, Germany},
  author    = {Ian Maddieson},
  booktitle = {The World Atlas of Language Structures Online},
  editor    = {Matthew S. Dryer and Martin Haspelmath},
  publisher = {Max Planck Institute for Evolutionary Anthropology},
  title     = {Consonant Inventories},
  url       = {https://wals.info/chapter/1},
  year      = {2013}
}

@incollection{maguire2017,
	author={Warren Maguire},
	year={2017},
	title={Epenthesis in liquid$+$consonant clusters in Scots},
	editor={Janet Cruickshank and Robert {McColl} Millar},
	booktitle={Before the {Storm}: {Papers} from the {Forum for Research on the Languages of Scotland and Ulster} triennial meeting, {Ayr} 2015},
	publisher={Forum for Research on the Languages of Scotland and Ireland},
	address={Aberdeen, UK},
	pages={156-183}
	}

@book{manova2015,
		author={Stela Manova},
		year={2015},
		title={Affix ordering across languages and frameworks},
		publisher={Oxford University Press},
		address={Oxford, UK}
		}

@article{manovaaronoff2010,
		author={Stela Manova and Mark Aronoff},
		year={2010},
		title={Modeling affix order},
		journal={Morphology},
		volume={20(1)},
		pages={109-131}
		}

@book{mapp2013,
			author={Paul W. Mapp},
			year={2013},
			title={{The elusive West and the contest for empire}},
			publisher={University of North Carolina Press},
			address={Chapel Hill, NC}
		}
		
@book{matthews1877,
	author={Washington Matthews},
	year={1877},
	title={Ethnography and philology of the {Hidatsa} {Indians}},
	series={{United States Geological and Geographical Survey Miscellaneous Publications}},
        number={7},
	publisher={Government Printing Office},
	address={Washington, DC},
	pages={iii-238}
	}

@article{matthews1878,
    author ={Washington Matthews},
    title ={A folk-tale of the {Hidatsa} {Indians}},
    journal ={The Folk-Lore Record},
    volume={1},
    pages={136-143},
    year ={1878} 
}

@book{matthews1991,
	author={Peter H. Matthews},
	year={1991},
	title={Morphology},
	publisher={Cambridge University Press},
	address={Cambridge, UK}
	}


@book{maximilian1839,
       author = {{Prinz zu Wied-Neuwied} Maximilian},
       year = {1839},
       title = {{Reise in das innere Nord-America in den Jahren 1832 bis 1834}},
       publisher = {J. Hölscher},
       address = {Koblenz, Prussia}
     }

@article{mccarthy1981,
		author={John J. McCarthy},
		year={1981},
		title={A prosodic theory of nonconcatenative morphology},
		journal={Linguistic Inquiry},
		volume={12(3)},
		pages={373-418}
		}

@article{mccarthy1982,
	author={John J. McCarthy},
	year={1982},
	title={Prosodic structure and expletive infixation},
	journal={Language},
	volume={58(3)},
	pages={574-590}
	}
		
@article{mccarthy1986,
	author={John J. McCarthy},
	year={1986},
	title={{OCP} effects: {G}emination and Antigemination},
	journal={Linguistic Inquiry},
	volume={17(2)},
	pages={207-263},
	}

@article{mccarthy2003,
	author={John J. McCarthy},
	year={2003},
	title={{OT} constraints are categorical},
	journal={Phonology},
	volume={20(1)},
	pages={75-138}
	}

@book{mccarthy2008,
	author={John J. McCarthy},
	year={2008},
	title={Doing {Optimality Theory}: {A}pplying Theory to Data},
	publisher={Blackwell},
	address={Malden, MA}
	}

@misc{mccarthyprince1986,
	author={John J. McCarthy and Alan Prince},
	year={1986},
	title={{Prosodic Morphology}},
	howpublished={Ms. Amherst, MA: University of Massachusetts \& Brandeis University}
	}

@incollection{mccarthyprince1990,
	author={John J. McCarthy and Alan Prince},
	year={1990},
	title={Prosodic morphology and templatic morphology},
	editor={Mushira Eid and John J. McCarthy},
	booktitle={Perspectives on {Arabic} Linguistics {II}: {Papers from the Second Annual Symposium on Arabic Linguistics}},
	publisher={John Benjamins},
	address={Philadelphia, PA}
	}

@article{mccarthyprince1993,
	author={John J. McCarthy and Alan Prince},
	year={1993},
	title={{Prosodic Morphology I}: {C}onstraint interaction and satisfaction},
	journal={Linguistics Department Faculty Publication Series},
	note={Paper 14}
	}

@incollection{mccarthyprince1993b,
	author={John J. McCarthy and Alan Prince},
	year={1993},
	title={Generalized alignment},
	editor={Geert Booij and Jaap {van Marle}},
	booktitle={Yearbook in Morphology 1993},
        publisher={Springer-Science+Business Media, B.V.},
        location={New York, NY},
	pages={79-153}
	}

@incollection{mcdonnough2000,
	author={Joyce McDonough},
	year={2000},
	title={Athabaskan redux: {Against} the position class as a morphological category},
	booktitle={Morphological analysis in comparison},
	editor={Wolfgang U. Dressler and Oskar E. Pfeiffer and Markus A. Pöchtrager and John R. Rennison},
	pages={155-178},
        publisher={John Benjamins},
        address={Philadelphia, PA}
	}

@article{mcmahonetal1994,
	author={April McMahon and Paul Foulkes and Laura Tollfree},
	year={1994},
	title={Gestural representations and {Lexical Phonology}},
	journal={Phonology},
	volume={11(2)},
	pages={277–316}
	}
	
@book{medicinehorse1986,
    author={Mary Helen {Medicine Horse}},
    year={1987},
    title={Apsaalooke Bacheeitche [{Crow} chiefs]},
    address={Crow Agency, MT},
    publisher={Bilingual Materials Development Center}
    }
	
@book{melnar2004,
	author={Lynette Melnar},
	year={2004},
	title={Caddo verbal morphology},
	publisher={University of Nebraska Press},
	address={Lincoln, NE}
	}
	
@book{meyer1977,
	author={Roy W. Meyer},
	year={1977},
	title={The village {Indians} of the {Upper Missouri}: {T}he {Mandans}, {Hidatsa}, and {Arikaras}},
	publisher={University of Nebraska Press},
	address={Lincoln, NE}
	}

@article{miner1979,
	author={Kenneth L. Miner},
	year={1979},
	title={{Dorsey's Law} in {Winnebago-Chiwere} and {Winnebago} accent},
	journal={International Journal of American Linguistics},
	volume={45(1)},
	pages={25-33}
	}
	
@article{miner1981,
	author={Kenneth L. Miner},
	year={1981},
	title={Metrics, or {Winnebago} Made Harder},
	journal={International Journal of American Linguistics},
	volume={47(4)},
	pages={340-342}
	}

@phdthesis{mirzayan2010,
	author={Armik Mirzayan},
	year={2010},
	title={Lakota Intonation and Prosody},
	school = {University of Colorado, Boulder},
	address={Boulder, CO}
	}

@incollection{mithun1986,
	author={Marianne Mithun},
	year={1986},
	title={Evidential diachrony in {Northern Iroquoian}},
	booktitle={Evidentiality: {T}he Linguistic Coding of Epistemology},
	editor={Wallace Chafe and Johanna Nichols},
	publisher={Ablex Publishing Corporation},
	address={Norwood, NJ}
	}

@incollection{mithun1991,
	author={Marianne Mithun},
	year={1991},
	title={The development of bound pronominal paradigms},
	booktitle={Language {Typology} 1988: {T}ypological models in reconstruction},
	editor={Winfred P. Lehmann and Helen-Jo J. Hewitt},
	pages={85-104},
	publisher={John Benjamins},
	address={Amsterdam, Netherlands}
	}

@article{mithun2003,
	author={Marianne Mithun},
	year={2003},
	title={Why prefixes?},
	journal={Acta Linguistica Hungarica},
	volume={50(1-2)},
	pages={155-185}
	}

@incollection{mithun2014,
	author={Marianne Mithun},
	year={2014},
	title={Morphology: {What's} in a word?},
	booktitle={How languages work},
	editor={Carol Genetti},
	publisher={Cambridge University Press},
	address={Cambridge, UK},
	pages={71-99}
	}

@incollection{mithun2017,
	author={Marianna Mithun},
	year={2017},
	title={Affix ordering: {Motivation} and interpretation},
	booktitle={The {Cambridge} Handbook of Morphology},
	editor={Andrew Hippisley and Gregory Stump},
	pages={149-185},
	publisher={Cambridge University Press},
	address={Cambridge, UK}
	}

@book{mixco1997a,
       author = {Mauricio Mixco},
       year = {1997},
       title = {Mandan},
       publisher = {LINCOM Europa},
       address = {Munich, Germany}
     }

@article{mixco1997b,
			author={Mauricio Mixco},
			year={1997},
			title={Mandan switch reference: {A} preliminary view},
			journal={Anthropological Linguistics},
			volume={39},
			pages={220-298}
		}

@book{moore1999,
	author={John H. Moore},
	year={1999},
	title={The {Cheyenne}},
	address={Malden, MA},
	publisher={Blackwell}
	}

@book{moravcsik1977,
	author={Edith A. Moravcsik},
	year={1977},
	title={On rules of infixing},
	publisher={Indiana University Linguistics Club},
	address={Bloomington, IN}
	}

@article{muller2003,
	author={Stefan Müller},
	year={2003},
	title={Solving the bracketing paradox: {An} analysis of the morphology of {German} particle verbs},
	journal={Journal of Linguistics},
	volume={39(2)},
	pages={275-325}
	}

@misc{neely2019,
	author={Justin Neely},
	year={2019},
	title={Potawatomi Dictionary},
	howpublished={Online dictionary of Potawatomi and English lexemes compiled by Justin Neely in association with the Citizen Potawatomi Nation},
	urldate = {2020-10-06},
	url = {http://www.potawatomidictionary.com}
	}

@book{nesporvogel1986,
	author={Marina Nespor and Irene Vogel},
	year={1986},
	title={Prosodic phonology},
	address={Dordrecht, Netherlands},
	publisher={Foris}
	}
	
@incollection{nichols1988,
    author={Johanna Nichols},
    year={1988},
    title={On alienable and inalienable possession},
    editor={William Shipley},
    booktitle={In Honor of {Mary Hass}: {From} the {Haas Festival Conference on Native American} linguistics},
    pages={557-609},
    address={Berlin, Germany},
    publisher={Mouton de Gruyter}
    }

@article{nordlinger2010,
	author={Rachel Nordlinger},
	year={2010},
	title={Verbal morphology in {Murrinh-Patha}: {E}vidence for templates},
	journal={Morphology},
	volume={20(2)},
	pages={321-341}
	}

@misc{northdakota,
    author = {{North Dakota Studies program}},
    year={},
    title={Mandan, {Hidatsa}, {Sahnish}},
    note={Website created by the Audience Engagement and Museums division of the State Historical Society of North Dakota},
    url = {www.ndstudies.gov/mandan-hidatsa-sahnish}
    }

@misc{oliverio1997,
	author={Giulia R. M. Oliverio},
	year={1997},
	title={Tutelo instrumental prefixes: {I}mplications for {Siouan}},
	howpublished={Paper presented at the 17th annual Siouan and Caddoan Languages Conference. Wayne State College: Wayne, NE}
	}

@incollection{oliveriorankin2003,
	author={Giulia Oliverio and Robert L Rankin},
	year={2003},
	title={On the sub-grouping of the {Virginia Siouan} languages},
	booktitle={{Algonquian and Iroquoian Linguistics Memoir 16: Essays on Algonquian, Catawban and Siouan linguistics in memory of Frank T. Siebert, Jr.}},
	pages={275-296},
	publisher={Algonquian and Iroquoian Linguistics},
	address={Winnipeg, MB}
	}

@mastersthesis{panick2021,
	author={Sean D. Panick},
	year={2021},
	title={R-nasalization in {Hoocąk}: {A} diachronic and synchronic perspective},
	school={California State University},
	address={Long Beach, CA}
	}


@phdthesis{park2012,
       author = {Indrek Park},
       year = {2012},
       title = {{A grammar of Hidatsa}},
       school = {Indiana University},
       address = {Bloomington, IN}
     }
    
@misc{park2021,
    author={Indrek Park},
    year={2021},
    title={Animacy in {Hidatsa}},
    howpublished={Paper presented at the 41st Siouan and Caddoan Languages Conference. Held online via Zoom due to the COVID-19 pandemic.}
    }

@book{parks1976,
		author={Douglas R. Parks},
		year={1976},
		title={A grammar of {Pawnee}},
		publisher={Garland},
		address={New York, NY}
		}

@

@misc{parksdemallie2002,
		author={Douglas R. Parks and Raymond J. Demallie},
		year={2002},
		title={{AISRI Interactive Database Search}},
		howpublished={Online database of Yanktonai Dakota, Arikara, Assiniboine, Skiri Pawnee, and South Band Pawnee compiled by Douglas Parks and Raymond Demallie at the American Indian Studies Research Institute at Indiana University, Bloomington},
		urldate = {2016-01-23},
		url = {http://zia.aisri.indiana.edu/~dictsearch}
		}

@book{parksjoneshollow1978,
		editor={Douglas R. Parks and A. Wesley Jones and Robert C. Hollow},
		year={1978},
		title={{Earth lodge tales from the Upper Missouri: Traditional stories of the Arikara, Hidatsa, and Mandan}},
		publisher={Mary College},
		address={Bismarck, ND}
		}
		

@book{parksbeltranwaters1979,
       author = {Douglas R. Parks and Janet Beltran and Ella P. Waters},
       year = {1979},
       title = {{Introduction to the Arikara language}},
       publisher = {Mary College},
       address = {Bismarck, ND}
     }

@incollection{parksrankin2001,
	author={Douglas R. Parks and Robert L. Rankin},
	year={2001},
	title={Siouan Languages},
	pages={94-114},
	booktitle={Handbook of {North} {American} {Indians}, {Vol.} 13 ({Plains})},
	editor={Raymond J. DeMallie},
	publisher={Smithsonian Institution},
	address={Washington, DC}
	}

@phdthesis{patterson1990,
	author={Trudi A. Patterson},
	year={1990},
	title={Theoretical aspects of {Dakota} morphology and phonology},
	school = {University of Illinois at Urbana-Champaign},
	address={Urbana-Champaign, IL}
	}

@incollection{perlmutter1988,
	author={David Perlmutter},
	year={1988},
	title={The {Split Morphology Hypothesis}: {Evidence} from {Yiddish}},
	booktitle={Theoretical Morphology},
	editor={Michael Hammond and Michael Noonan},
	pages={79-99},
	publisher={Academic Press},
	address={San Diego, CA}
	}

@book{peters1995,
			author={Virginia Bergman Peters},
			year={1995},
			title={Women of the earth lodges: {T}ribal life on the {Plains}},
			publisher={University of Oklahoma Press},
			address={Norman, OK},
		}

@book{picard1994,
		author={Marc Picard},
		year={1994},
		title={Principles and methods in historical phonology: {F}rom {Proto-Algonkian} to {Arapaho}},
		publisher={McGill-Queen's University Press},
		address={Montreal, QC}
		}

@incollection{pierrehumberttalkin1992,
	author={Janet Pierrehumbert and David Talkin},
	year={1992},
	title={Lenition of /h/ and glottal stop},
	pages={90-127},
	editor={Gerard J. Docherty and D. Robert Ladd},
	booktitle={Papers in {Laboratory Phonology} {II}: {G}esture, Segment, Prosody},
	address={Cambridge, UK},
	publisher={Cambridge University Press}
	}
	

@article{piggott1992,
	author={Glyne L. Piggott},
	year={1992},
	title={Variability in feature dependency: {T}he case of nasality},
	journal={Natural Language and Linguistic Theory},
	volume={10(1)},
	pages={33-78}
	}

@incollection{prince1990,
	author={Alan Prince},
	year={1990},
	title={Quantitative consequences of rhythmic organization},
	booktitle={Parasession on the Syllable in Phonetics and Phonology},
	editor={Michael Ziolkowski and Manuela Noske and Karen Deaton},
	address={Chicago, IL},
	publisher={Chicago Linguistic Society},
	pages={355-398}
	}
	
@misc{princesmolensky1993,
	author={Alan Prince and Paul Smolensky},
	year={1993},
	title={{Optimality Theory}: {C}onstraint interaction in {Generative Grammar}},
	howpublished={Ms. New Brunswick, NJ: Rutgers University, New Brunswick, and University of Colorado, Boulder}
	}

@book{prucha1990,
    author={Francis Paul Prucha},
    title={Atlas of {American} {Indian} affairs},
    year={1990},
    publisher={University of Nebraska Press},
    address={Lincoln, NE}
    }

@book{pylkkanen2008,
	author={Liina Pylkkänen},
	year={2008},
	title={Introducing arguments},
	publisher={MIT Press},
	address={Cambridge, MA}
	}

@phdthesis{quintero1997,
	author={Carolyn F. Quintero},
	year={1997},
	title={Osage phonology and verbal morphology},
	school = {University of Massachusetts Amherst},
	address={Amherst, MA}
	}

@book{quintero2004,
       author = {Carolyn F. Quintero},
       year = {2004},
       title = {Osage grammar},
       publisher = {University of Nebraska Press},
       address = {Lincoln, NE}
     }

@inproceedings{rankinetalnd,
		author={Robert L. Rankin and Richard T. Carter and A. Wesley Jones},
		year={1998},
		title={{Proto-Siouan phonology and grammar}},
		editor={Xingzhong Li and Luis Lopez and Tom Stroik},
		booktitle={Papers from the 1997 {Mid-America Linguistics Conference}},
		pages={366-375},
		address={Columbia, MO},
		publisher={University of Missouri-Columbia}
		}

@incollection{rankinetal2003,
	author={Robert L. Rankin and John Boyle and Randolph Graczyk and John Koontz},
	title={A synchronic and diachronic perspective on `word' in {Siouan}},
	booktitle={Word: {A} cross-linguistic typology},
	editor={Robert M. W. Dixon and Alexandra Y. Aikhenvald},
	pages={180-204},
	year={2003},
	address={Cambridge, UK},
	publisher={Cambridge University Press}
	}

@incollection{rankin1977,
    author={Robert L. Rankin},
    year={1977},
    title={From verb to auxiliary to noun classifier and definite article: {Grammaticalization} of the {Siouan} verbs `sit', `stand', `lie'},
    editor={Brown, Jr., Robert and Kathleen Houlihan and Larry G. Hutchinson and Andrew {MacLeish}},
    booktitle={Proceedings of the 1976 {Mid-America Linguistics Conference}},
    pages={273-283},
    publisher={University of Minnesota Departments of English and Linguistics},
    address={Minneapolis, MN}
    }

@misc{rankin1995,
	author={Robert L. Rankin},
	year={1995},
	title={On {Quapaw} (and {Siouan}) ``ablaut''},
	howpublished={Paper presented at the 15th Annual Siouan and Caddoan Languages Conference. University of New Mexico: Albuquerque, NM.}}

@inproceedings{rankin1996,
			author={Robert L. Rankin},
			year={1996},
			title={{Deeper genetic relationships in North America: {S}ome tempered pessimism}},
			editor={David Librik and Roxane Beeler},
			booktitle={Berkeley {Linguistics} {Society}: {Special} session on historical issues in {Native American} languages: {Proceedings} of the 22nd {Annual} {Meeting}},
			pages={117-128}
		}
			
@misc{rankin1998,
    author={Robert L. Rankin},
    year={1998},
    title={{Siouan-Catawban-Yuchi} genetic relationship: {With} a note on Caddoan},
    howpublished={Paper presented at the 18th Annual Siouan-Caddoan Linguistics Conference. Indiana University: Bloomington, IN.}
    }

@article{rankin2004,
    author={Robert L. Rankin},
    year={2004},
    title={The history and development of {Siouan} positionals with special attention to polygrammaticalization in {Dhegiha}},
    journal={Sprachtypologie und Universalienforschung},
    volume={57},
    issue={2/3},
    pages={202-227}
    }

@incollection{rankin2005,
	author={Robert L. Rankin},
	year={2005},
	title={Quapaw},
	booktitle={Native Languages of the {Southeastern United States}},
	editor={Heather K. Hardy and Janine Scancarelli},
	publisher={University of Nebraska Press},
	address={Lincoln, NE},
	pages={454-540}
	}

@misc{rankin2008,
	author={Robert L. Rankin},
	year={2008},
	title={Instrumental prefixes in the {Siouan} languages},
	howpublished={Paper presented at the 3rd Workshop on Comparative Siouan Syntax in conjunction with the 28th Siouan and Caddoan Languages Conference. Missouri Southern State University: Joplin, MO}
	}

@misc{rankin2010,
			author={Robert L. Rankin},
			year={2010},
			title={The place of {Mandan} in the {Siouan} language family},
			howpublished={Paper presented at the 30th annual Siouan and Caddoan Languages Conference. Northeastern Illinois University: Chicago, IL.}
		}

@book{rankin2015,
  address   = {Leipzig, Germany},
  editor    = {Robert L. Rankin and Richard T. Carter and A. Wesley Jones and John E. Koontz and David S. Rood and Iren Hartmann},
  publisher = {Max Planck Institute for Evolutionary Anthropology},
  title     = {{Comparative Siouan dictionary}},
  year      = {2015},
  url       = {http://csd.clld.org}
}

@book{rice2000,
		author={Keren Rice},
		year={2000},
		title={Morpheme order and semantic scope: {W}ord formation in the {Athapascan} verb},
		publisher={Cambridge University Press},
		address={Cambridge, UK},
		}

@book{riggs1893,
	author={Stephen Return Riggs},
	year={1893},
	title={Dakota Grammar, Texts, and Ethnography},
	publisher={Government Printing Office},
	address={Washington, DC}
	}

@incollection{rood1979,
		author={David S. Rood},
		year={1979},
		title={Siouan},
		editor={Lyle Campbell and Marianne Mithun},
		booktitle={The languages of {Native America}},
		pages={236-298},
		publisher={University of Texas Press},
		address={Austin, TX}
		}
		
@article{rood1983,
	author={David S. Rood},
	year={1983},
	title={A preliminary consideration of {Proto-Siouan} abalut},
	journal={Napao: {A} {Sasketchewan Anthropology Journal}},
	editor={Mary Marino},
	volume={13},
	pages={24-28}
	}
		

@incollection{roodtaylor1996,
	author={David S. Rood and Allan R. Taylor},
	year={1996},
	title={Sketch of {Lakota}, a {Siouan} language},
	booktitle={Handbook of {North} {American} {Indians}},
	volume={17},
	editor={Ives Goddard},
	publisher={Smithsonian Institute},
	address={Washington, D.C.}
	}

@article{rudes2000,
	author={Blaire A. Rudes},
	year={2000},
	title={Resurrecting costal {Catawban}: {The} reconstituted phonology and morphology of the {Woccon} language},
	journal={Southern Journal of Linguistics},
	volume={23(2)},
	pages={228-244}
	}

@misc{rudes2007a,
	author={Blaire A. Rudes},
	year={2007},
	title={Catawba verb morphology},
	howpublished={Ms. Charlotte, NC: University of North Carolina at Charlotte}
	}

@misc{rudes2007b,
	author={Blaire A. Rudes},
	year={2007},
	title={Esaw Texts},
	howpublished={Ms. Charlotte, NC: University of North Carolina at Charlotte}
	}

@article{sadock1985,
	author={Jerrold M. Sadock},
	year={1985},
	title={Autolexical syntax: {A} proposal for the treatment of noun incorporation and similar phenomena},
	journal={Natural Language \& Linguistic Theory},
	volume={3(4)},
	pages={379-439}
	}

@book{sadock1991,
	author={Jerrold M. Sadock},
	year={1991},
	title={Autolexical syntax: {A} theory of parallel grammatical representation},
	publisher={University of Chicago Press},
	address={Chicago, IL}
	}

@incollection{sapir1929,
		author={Edward Sapir},
		year={1929},
		title={{Central and North American languages}},
		booktitle={{Encyclopædia Britannica}},
            publisher={Encyclopædia Britannica Company},
            editor={James Louis Garvin},
            location={New York, NY},
            edition={14},
		volume={5},
		pages={138-141}
		}

@book{sampson1999,
	author={Rodney Sampson},
	year={1999},
	title={Nasal vowel evolution in {Romance}},
	publisher={Oxford University Press},
	address={New York, NY}
	}

@book{schoolcraft1853,
		author={Henry Rowe Schoolcraft},
		year={1853},
		title={{Historical and statistical information respecting the history, condition, and prospects of the Indian tribes of the United States; collected and prepared under the direction of the Bureau of Indian Affairs per act of Congress of March 3rd, 1847}},
		volume={3},
		publisher={Lippincott, Grambo \& Company},
		address={Philadelphia, PA}
		}

@article{selkirk1986,
	author={Elizabeth O. Selkirk},
	year={1986},
	title={On derived domains in sentence phonology},
	journal={Phonology Yearbook},
	volume={3},
	pages={371-405}
	}

@incollection{selkirk2011,
	author={Elizabeth O. Selkirk},
	year={2011},
	title={The Syntax-Phonology interface},
	editor={John Goldsmith and Jason Riggle and Alan C. Yu},
	booktitle={The Handbook of Phonological Theory},
	edition={2},
	pages={435-484}
	}

@book{shaw1980,
	author={Patricia Shaw},
	year={1980},
	title={Theoretical issues in {Dakota} phonology and morphology},
	publisher={Garland},
	address={New York, NY}
	}

@phdthesis{silverman1995,
	author={Daniel Silverman},
	year={1995},
	title={Phasing and recoverability},
	school = {University of California, Los Angeles},
	address={Los Angeles, CA}
	}

@incollection{silverstein1976,
	author={Michael Silverstein},
	year={1976},
	title={Hierarchy of features and ergativity},
	booktitle={Grammatical categories in {Australian} languages},
	editor={R. M. W. Dixon},
	pages={112-171},
	address={Canberra, Australia},
	publisher={Australian Institute of Aboriginal Studies}
	}

@incollection{simpson1986,
		author={Jane Simpson and Meg Withgott},
		year={1986},
		title={Pronominal clitic clusters and templates},
		editor={Hagin Borer},
		booktitle={Syntax and semantics 19: {T}he syntax of pronominal clitics},
		pages={149-174},
		publisher={Academic Press},
		address={New York, NY}
		}

@misc{smolensky1993,
	author={Paul Smolensky},
	year={1993},
	title={Harmony, markedness and phonological activity},
	howpublished={Paper presented at the Rutgers Optimality Workshop. Rutgers University: New Brunswick, NJ}
	}

%@misc{smolensky1993,
%	author={Paul Smolensky},
%	year={1993},
%	title={Harmony, markedness and phonological activity},
%	howpublished={Paper presentated at the Rutgers Optimality Workshop. Rutgers University: New Brunswick, NJ}
%	}

@book{speas1990,
	author={Margaret Speas},
	year={1990},
	title={Phrase structure in natural language},
	publisher={Kluwer Academic Publishers},
	address={Dordrecht, Netherlands}
	}

@book{speck1934,
	author={Frank G. Speck},
	year={1934},
	title={Catawba Texts},
	publisher={Columbia University Press},
	address={New York, NY}
	}

@book{spencer1991,
	author={Andrew Spencer},
	year={1991},
	title={Morphological theory},
	publisher={Blackwell Publishers},
	addresss={Oxford, UK}
	}

@article{spencer2003,
	author={Andrew Spencer},
	year={2003},
	title={Putting some order into morphology: {R}eflections on {Rice} (2000) and {Stump} (2001)},
	journal={Journal of Linguistics},
	volume={39},
	pages={621-646}
	}

@book{stearn1945,
			author={Esther W. Stearn and Allen E. Stearn},
			year={1945},
			title={{The effect of smallpox on the destiny of the Amerindian}},
			publisher={B. Humphries},
			address={Boston, MA}
		}

@article{steele1995,
	author={Susan Steele},
	year={1995},
	title={Towards a theory of morphological information},
	journal={Language},
	volume={71(2)},
	pages={260-309}
	}

@incollection{stump1992,
	author={Gregory T. Stump},
	year={1992},
	title={Position classes and morphological theory},
	editor={Geert Booij and Jaap {van Marle}},
	booktitle={Yearbook in {Morphology} 1992},
	publisher={Springer},
	address={London, UK}
	}

@incollection{stump1998,
	author={Gregory T. Stump},
	year={1998},
	title={Inflection},
	booktitle={A Handbook of Morphology},
	editor={Andrew Spencer and Arnold Zwicky},
	pages={13-43},
	publisher={Blackwell Publishers},
	address={Oxford, UK}
	}

@book{stump2001,
	author={Gregory T. Stump},
	year={2001},
	title={Inflectional morphology: {A} theory of paradigm structure},
	publisher={Cambridge University Press},
	address={Cambridge, UK}
	}

@book{swanton1952,
	author={John R. Swanton},
	year={1952},
	title={The {Indian} Tribes of {North America}},
	publisher={Government Printing Office},
	address={Washington, DC}
	}

@article{tak2011,
	author={Jin-Young Tak},
	year={2011},
	title={Universals of prenasalized consonants: {P}honemic or derived, single or complex?},
	journal={Journal of Universal Language},
	volume={12(2)},
	pages={127-158}
	}
	
@article{taylor1976,
	author={Allan R. Taylor},
	title={On verbs of motion in {Siouan} languages},
	year={1976},
	journal={International Journal of American Linguistics},
	volume={42(4)},
	pages={287-296}
	}	

@article{terzi1999,
	author={Arhonto Terzi},
	year={1999},
	title={Clitic combinations, their hosts, and their ordering},
	journal={Natural Language \& Linguistic Theory},
	volume={17(1)},
	pages={85-121}
	}

@book{thompson1966,
    author={Stith Thompson},
    year={1929},
    title={Tales of the {North} {American} {Indians}},
    publisher={Indiana University Press},
    address={Bloomington, IN}
    }

@book{tomkins1926,
    author={William Tomkins},
    year={1926},
    title={Universal {Indian Sign Language} of the {Plains Indians} of {North America}},
    publisher={General Grand Chapter},
    address={San Diego, CA}
    }
	
@mastersthesis{torres2010,
	author={Silvana Karin Torres},
	year={2010},
	title={Switch-reference in {Biloxi}: {T}he architecture of a complex morpho-discourse phenomenon},
		school={Northeastern Illinois University},
		address={Chicago, IL}
		}	

@mastersthesis{torres2013a,
		author={Jonnia Torres},
		year={2013},
		title={An acoustic analysis of {Mandan} voiceless stops},
		school={Northeastern Illinois University},
		address={Chicago, IL}
		}

@unpublished{torres2013b,
		author={Jonnia Torres},
		year={2013},
		title={Corpus-based linguistic investigation of stop consonants for {Siouan} languages: {A} {Lakota} case study},
		howpublished={Ms. Boulder, CO: University of Colorado}
		}

@incollection{travis2000,
	author={Lisa Travis},
	year={2000},
	title={The {L}-syntax/{S}-syntax boundary: {Evidence} from {Austronesian}},
	booktitle={Formal Issues in {Austronesian} Linguistics},
	editor={Ileana Paul and Vivianne Phillips and Lisa Travis},
	pages={167-194},
	publisher={Springer},
	address={Dordrecht, Netherlands}
	}

@phdthesis{trechter1995,
    author={Sara Trechter},
    year={1995},
    title={The pragmatic functions of gender deixis in {Lakota}},
    school = {University of Kansas},
    address={Lawrence, KS}
    }

@misc{trechteretal2009,
			author={Edwin Benson and Cory {Spotted Bear} and Sara Trechter},
			year={2009},
			title={Transcription of {Otter Sage}'s ``{Origin} of the {Mandan} people'' from 1988},
			howpublished={Ms. Twin Buttes, ND.}
			}

@unpublished{trechter2012,
			author = {Sara Trechter},
			year = {2012},
			title = {In the Words of Our Ancestors: The {Mandan} {L}anguage and {O}ral {T}raditions {P}reservation {P}roject},
			howpublished = {(Transcriptions that accompany two DVDs of Edwin Benson relaying traditional Mandan narratives.)}
		}
		
@misc{trechter2012b,
	author={Sara Trechter},
	year={2012},
	title={Mandan texts},
	howpublished={(A set of 16 narratives collected by Sarah Trechter in Twin Buttes, ND with Edwin Benson and Cory Spotted Bear between 2007 and 2010.)}
	}

@misc{trechter2013,
    author={Sara Trechter},
    year={2013},
    title={Spatial shift and {Mandan} positionals},
    howpublished={Paper presented at the annual meeting of Society for the Studies of Indigenous Languages of the Americas at the Linguistic Society of America annual meeting. Boston, MA}
    }

@article{uffmann2007,
	author={Christian Uffmann},
	year={2007},
	title={Intrusive [r] and optimal epenthetic consonants},
	journal={Language Sciences},
	volume={29(2-3)},
	pages={451-476}
	}

@book{ullrich2011,
	editor={Jan Ullrich},
	year={2011},
	title={New {Lakota} Dictionary},
	edition={2},
	publisher={Lakota Language Consortium},
	address={Bloomington, IN}
	}
	
@book{ullrichblackbear2016,
	author={Jan Ullrich and Ben {Black Bear}},
	year={2016},
	title={Lakota Grammar Handbook},
	publisher={Lakota Language Consortium},
	address={Bloomington, IN}
	}

@incollection{vanvalin1985,
	author={{Van Valin}, Jr., Robert D.},
	year={1985},
	title={Case marking and the structure of the {Lakota} clause},
	booktitle={Grammar inside and outside the clause: {S}ome approaches to theory from the field},
	editor={Johanna Nichols and Anthony C. Woodbury},
	publisher={Cambridge University Press},
	address={Cambridge, UK},
	pages={363-413}
	}
	
@article{vanvalin1987,
	author={{Van Valin}, Jr., Robert D.},
	year={1987},
	title={The role of government in the grammar of head-marking languages},
	journal={International Journal of American Linguistics},
	volume={53(4)},
	pages={371-397}
	}
	

@article{voegelin1941,
		author={Charles F. Voegelin},
		year={1941},
		title={{Historical results of Crow-Hidatsa comparisons, according to three methods}},
		journal={Proceedings of the Indiana Academy of Science},
		volume={50},
		pages={39-42}
		}

@phdthesis{wallace1993,
       author = {Karen Kay Wallace},
       year = {1993},
       title = {Verb incorporation and agreement in {Crow}},
       school = {University of California, Los Angeles},
       address = {Los Angeles, CA}
     }



@book{wheeleretal1999,
	author={Max W. Wheeler and Alan Yates and Nicolau Dols},
	year={1999},
	title={Catalan: {A} Comprehensive Grammar},
	address={New York, NY},
	publisher={Routledge}
	}
     
@article{whitman1947,
	author={William Whitman},
	year={1947},
	title={Grammar of {Ioway-Oto}},
	journal={International Journal of American Linguistics},
	volume={13(4)},
	pages={233-248}
	}

@article{will1906,
       author={George F. Will and Herbert J. Spinden},
       title={The {Mandans}: {A} study of their culture, archaeology and language},
       journal={Papers of the Peabody Museum of American Achaeology and Ethnology, Harvard University},
       volume={3(4)},
       year = 1906,
       pages = {79-219}
     }

@phdthesis{williamson1984,
	author={Janis S. Williamson},
	year={1984},
	title={Studies in {Lakota} grammar},
	school = {University of California, San Diego},
	address={San Diego, CA}
	}
	

@book{wolfart1981,
		author={H. Christoph Wolfart and Janet F. Carroll},
		year={1981},
		edition={2},
		title={Meet {Cree}: {A} guide to the language},
		publisher={University of Nebraska Press},
		address={Lincoln, NE}
		}

@article{wolff1950a,
		author={Hans Wolff},
		year={1950},
		title={{Comparative Siouan I}},
		journal={International Journal of American Linguistics},
		volume={16(2)},
		pages={61-66}
		}

@article{wolff1950b,
		author={Hans Wolff},
		year={1950},
		title={{Comparative Siouan II}},
		journal={International Journal of American Linguistics},
		volume={16(3)},
		pages={113-121}
		}

@article{wolff1950c,
		author={Hans Wolff},
		year={1950},
		title={{Comparative Siouan III}},
		journal={International Journal of American Linguistics},
		volume={16(4)},
		pages={168-178}
		}

@article{wolff1951,
		author={Hans Wolff},
		year={1951},
		title={{Comparative Siouan IV}},
		journal={International Journal of American Linguistics},
		volume={17(4)},
		pages={197-204}
		}

@incollection{wolvengray1991,
    author = {Arok Wolvengrey},
    title = {A marker of focus in {Mandan} discourse},
    booktitle = {The proceedings of the 1990 {Mid-America} {Linguistics} {Conference} and {Conference} of {Siouan-Caddoan} {Languages}},
    editor={Frances Ingemann},
    publisher = {University of Kansas},
    address={Lawrence, KS},
    year = {1991}
}

@phdthesis{wright1996,
	author={Richard Wright},
	year={1996},
	title={Consonant clusters and cue preservation in {Tsou}},
	school = {University of California, Los Angeles},
	address={Los Angeles, CA}
	}

@phdthesis{xu2007,
		author={Zheng Xu},
		year={2007},
		title={Inflectional morphology in {Optimality Theory}},
		school = {Stony Brook University},
		address={Stony Brook, NY}
		}

@article{xuaronoff2011,
	author={Zheng Xu and Mark Aronoff},
	year={2011},
	title={A {Realization Optimality Theory} approach to blocking and extending morphology exponence},
	journal={Journal of Linguistics},
	volume={47(3)},
	pages={673-707}
	}

@incollection{yip1998,
	author={Moira Yip},
	year={1998},
	title={Identity avoidance in phonology and morphology},
	editor={Steven G. Lapointe and Diane K. Brentari and Patrick M. Farrell},
	booktitle={Morphology and its relation to phonology and syntax},
	pages={216-246},
	publisher={CSLI Publications},
	address={Stanford, CA}
	}


@book{youngmorgan1987,
	author={Robert W. Young and William Morgan},
	year={1987},
	title={The {Navajo} language: {A} grammar and colloquial dictionary},
	edition={rev. edn.},
	address={Albuquerque, NM},
	publisher={University of New Mexico Press}
	}

@book{yu2007,
	author={Alan C. L. Yu},
	year={2007},
	title={A Natural History of Infixation},
	publisher={Oxford University Press},
	address={Oxford, UK}
	}

@incollection{zeller2003,
	author={Jochen Zeller},
	year={2003},
	title={Moved preverbs in {German}: {D}isplaced or misplaced?},
	booktitle={Yearbook in morphology 2003},
	editor={Geert Booij and Jaap {van Marle}},
	pages={179-212},
	publisher={Springer},
	address={Dordrecht, Netherlands}
	}

@article{zimmerman1980,
			author={Larry J. Zimmerman and Richard Whitten},
			year={1980},
			title={{Mass grave at Crow Creek in South Dakota reveals how Indians massacred Indians in 14th century attack}},
       journal={Smithsonian},
       volume={11(6)},
       pages={100-109}
     }	
 
@article{zsiga1997,
	author={Elizabeth Zsiga},
	year={1997},
	title={Features, gestures, and {Igbo} vowels: {A}n approach to the phonology-phonetics interface},
	journal={Language},
	volume={73(2)},
	pages={227–274}
	}

@misc{zwicky1977,
	author={Arnold M. Zwicky},
	year={1977},
	title={On clitics},
	howpublished={Ms. Bloomington, IN: Indiana University Linguistics Club.}
	}

@article{zwicky1985,
	author={Arnold M. Zwicky},
	year={1985},
	title={Clitics and particles},
	journal={Language},
	volume={61(2)},
	pages={283-305}
	}
