@incollection{AckermannZimmer2017,
	address = {Berlin},
	author = {Ackermann, Tanja and Christian Zimmer},
	publisher = {de Gruyter},
	title = {Morphologische Schemakonstanz: {Eine} empirische {Untersuchung} zum funktionalen Vorteil nominalmorphologischer Wortschonung im {Deutschen}},
	year = {2017},
	editor = {Nanna Fuhrhop and Renata Szczepaniak and Karsten Schmidt},
	booktitle = {Sichtbare und hörbare Morphologie},
	series = {Linguistische Arbeiten},
	number = {565},
	pages = {145--176}
}


@article{Alles1907/1908,
	author = {Alles, Konrad},
	journal = {Zeitschrift für deutsche Mundarten},
	pages = {[1907] 223--238, 348--377 \& [1908] 129--157},
	title = {Beiträge zur Substantivflexion der oberhessischen Mundarten},
	volume = {3--4},
	year = {1907/1908}
}


@article{Auer1989,
	author = {Auer, Peter},
	journal = {Linguistics},
	pages = {1071--1102},
	title = {Some ways to count morae: {{P}}rokosch’s {Law}, {Streitberg’s} {Law}, {Pfalz’s} {Law}, and other rhythmic regularities},
	volume = {27},
	year = {1989},
	langid = {english},
}


@article{Auer1991,
	author = {Auer, Peter},
	journal = {Zeitschrift für Sprachwissenschaft},
	number = {1},
	pages = {3--36},
	title = {Zur More in der Phonologie},
	volume = {10},
	year = {1991}
}


@incollection{Auer2010,
	address = {Strasbourg},
	author = {Auer, Peter},
	publisher = {Université de Strasbourg},
	title = {Der Grunddialekt als Konstrukt: {{W}}ie Gewährspersonen und Erheber in der direkten Befragung die {Daten} der Atlasdialektologie konstituieren},
	year = {2010},
	editor = {Dominique Huck and Thiresia Choremi},
	booktitle = {Parole(s) et langue(s), espaces et temps: Mélanges offerts à Arlette Bothorel-Witz},
	pages = {23--36}
}


@book{Baayen2015,
  author = {Baayen, R. Harald},
  year = {2015},
  title = {Analyzing linguistic data: {A} practical introduction to statistics using {R}},
  address = {Cambridge},
  publisher = {Cambridge University Press},
  langid = {english},
}

@book{Bachmann2000,
	address = {Stuttgart},
	author = {Bachmann, Armin},
	publisher = {Steiner},
	title = {Die {Mundart} von Eslarn in der Oberpfalz: Phonologie -- Morphologie -- Glossar},
	year = {2000},
	series = {Zeitschrift für Dialektologie und Linguistik, Beihefte},
	number = {112}
}


@incollection{Bailey2018,
	address = {Hoboken},
	author = {Bailey, Guy},
	publisher = {Wiley \& Sons},
	title = {Field interviews in dialectology},
	year = {2018},
  editor = {Charles Boberg and John Nerbonne and Dominic Watt},
  booktitle = {The handbook of dialectology},
  series = {Blackwell Handbooks in Linguistics},
  pages = {284--299},
  langid = {english},
}


@book{Bannert1976,
	address = {Lund},
	author = {Bannert, Robert},
	number = {10},
	publisher = {Gleerup},
	series = {Travaux de l'Institut de Linguistique de Lund},
	title = {Mittelbairische Phonologie auf akustischer und perzeptorischer {Grundlage}},
	year = {1976}
}


@incollection{Barbiers2010,
	address = {Berlin},
	author = {Barbiers, Sjef},
	publisher = {de Gruyter Mouton},
	title = {Language and space: {{S}}tructuralist and generative approaches},
	year = {2010},
  editor = {Peter Auer and Jürgen Erich Schmidt},
  booktitle = {Language and space: {An} international handbook of linguistic variation},
  volume = {1: {Theories} and methods},
  series = {Handbücher zur Sprach- und Kommunikationswissenschaft},
  number = {30.1},
  pages = {125--142},
  langid = {english},
}


@book{Birkenes2014,
	address = {Stuttgart},
	author = {Birkenes, Magnus Breder},
	publisher = {Steiner},
	title = {Subtraktive {Nominalmorphologie} in den {Dialekten} des {Deutschen}: Ein Beitrag zur Interaktion von Phonologie und Morphologie},
	year = {2014},
  series = {Zeitschrift für Dialektologie und Linguistik, Beihefte},
  number = {156},

}


@incollection{Birkenes2018,
	address = {Amsterdam},
	author = {Birkenes, Magnus Breder},
	publisher = {John Benjamins},
	title = {Frequency as a key to language change and reorganization: {On} subtraction in {German} dialects},
	year = {2018},
  editor = {Antje Dammel and Matthias Eitelmann and Mirjam Schmuck},
  booktitle = {Reorganising grammatical variation: {Diachronic} studies in the retention, redistribution and refunctionalisation of linguistic variants},
  series = {Studies in Language Companion},
  number = {203},
  pages = {57--92},
  langid = {english}
}


@incollection{Bisang2004,
	address = {Berlin},
	author = {Bisang, Walter},
	publisher = {de Gruyter},
	title = {Dialectology and typology: {An} integrative perspective},
	year = {2004},
  editor = {Bernd Kortmann},
  booktitle = {Dialectology meets typology: {Dialect} grammar from a cross-linguistic perspective},
  series = {Trends in Linguistics},
  number = {153},
  pages = {11--45},
  langid = {english}
}


@article{Bittner1988,
	author = {Bittner, Andreas},
	journal = {Zeitschrift für Phonetik, Sprachwissenschaft und Kommunikationsforschung},
	pages = {416--425},
	title = {Reguläre Irregularitäten: Zur Suppletion im Konzept der natürlichen Morphologie},
	volume = {41},
	year = {1988}
}


@incollection{BittnerKöpcke2016,
	address = {Berlin},
	author = {Bittner, Andreas and Klaus-Michael Köpcke},
	publisher = {de Gruyter},
	sortname = {Bittner, Andreas and Klaus-Michael Kopcke},
	title = {Motivierungsstrategien und Schemabildung: Überlegungen zur schematischen Strukturierung von Flexionssystemen am Beispiel der Pluralbildung im Deutschen},
	year = {2016},
  editor = {Andreas Bittner and Klaus-Michael Köpcke},
  booktitle = {Regularität und Irregularität in Phonologie und Morphologie: Diachron, kontrastiv, typologisch},
  series = {Lingua Historica Germanica},
  number = {13},
  pages = {47--78}
}


@incollection{Bittner1994,
	address = {Tübingen},
	author = {Bittner, Dagmar},
	publisher = {Niemeyer},
	title = {Die {Bedeutung} der Genusklassifikation für die Organisation der deutschen Substantivflexion},
	year = {1994},
  editor = {Klaus-Michael Köpcke},
  booktitle = {Funktionale Untersuchungen zur deutschen Nominal- und Verbalmorphologie},
  series = {Linguistische Arbeiten},
  number = {319},
  pages = {65--80}
}


@incollection{Bittner2000,
	address = {Berlin},
	author = {Bittner, Dagmar},
	publisher = {de Gruyter Mouton},
	title = {Gender classification and the inflectional system of {German} nouns},
	year = {2000},
  editor = {Barbara Unterbeck and Matti Rissanen and Terttu Nevalainen and Mirja Saari},
  booktitle = {Gender in Grammar and Cognition. {I}: {Approaches} to Gender},
  series = {Trends in Linguistics},
  number = {124},
  pages = {1--24},
  langid = {english}
}


@book{BrauneHeidermanns2018,
	address = {Berlin},
	author = {Braune, Wilhelm and Frank Heidermanns},
	publisher = {de Gruyter},
	title = {Althochdeutsche {Grammatik}},
  volume = {1: {{L}}aut- und {Formenlehre}},
	year = {2018},
  edition = {16. Aufl. Neu bearbeitet von Frank Heidermanns},
  series = {Sammlung kurzer Grammatiken germanischer Dialekte},
  number = {5.1}
}


@thesis{Brendel1962,
	address = {Erlangen},
	author = {Brendel, Paul},
	type = {Examensarbeit},
	title = {Mundartgeographie im Raume östlich von Nürnberg},
	year = {1962},
  school = {Friedrich-Alexander-Universität Erlangen-Nürnberg},
}


@article{Brenner1895,
	author = {Brenner, Oskar},
	journal = {Bayerns Mundarten},
	pages = {142--145},
	title = {Von der Rothenburger {Mundart}},
	volume = {2},
	year = {1895}
}


@incollection{Bybee1985a,
	address = {Amsterdam},
	author = {Bybee, Joan L.},
	publisher = {John Benjamins},
	title = {Diagrammatic iconicity in stem–inflection relations},
	year = {1985},
  editor = {John Haiman},
  booktitle = {{Iconicity in syntax: Proceedings of a symposium on iconicity in syntax, Stanford, June 24--26, 1983}},
  series = {Typological Studies in Language},
  number = {6},
  pages = {11--47},
  langid = {english}
}


@book{Bybee1985b,
	address = {Amsterdam},
	author = {Bybee, Joan L.},
	publisher = {John Benjamins},
	title = {Morphology: {A} study on the relation between meaning and form},
	year = {1985},
  series = {Typological Studies in Language},
  number = {9},
  langid = {english}
}


@incollection{Bybee1988,
	address = {San Diego},
	author = {Bybee, Joan L.},
	publisher = {Academy Press},
	title = {Morphology as lexical organization},
	year = {1988},
  editor = {Michael Hammond and Michael Noonan},
  booktitle = {Theoretical morphology: {Approaches} in modern linguistics},
  pages = {119--141},
  langid = {english},
}


@incollection{Bybee1994,
	address = {Oxford},
	author = {Bybee, Joan L.},
	publisher = {Pergamon Press},
	title = {Morphological universals and language change},
	year = {1994},
  editor = {Ronald E. Asher},
  booktitle = {The encyclopedia of language and linguistics},
  pages = {2557--2562},
  langid = {english}
}


@article{Bybee1995,
	author = {Bybee, Joan L.},
	journal = {Language and Cognitive Processes},
	number = {5},
	pages = {425--455},
	title = {Regular morphology and the lexicon},
	volume = {10},
	year = {1995},
  langid = {english}
}


@article{Bybee2006,
	author = {Bybee, Joan L.},
	journal = {Language},
	number = {4},
	pages = {711--733},
	title = {From usage to grammar: {{T}}he mind’s response to repetition},
	volume = {82},
	year = {2006},
  langid = {english}
}


@incollection{Bybee2010,
	address = {Oxford},
	author = {Bybee, Joan L.},
	publisher = {Oxford Universitiy Press},
	title = {Markedness: {{I}}conicity, economy, and frequency},
	year = {2010},
  editor = {Jae Jung Song},
  booktitle = {The {Oxford} handbook of linguistic typology},
  series = {Oxford Handbooks in Linguistics},
  pages = {131--147},
  langid = {english},
}


@article{BybeeModer1983,
	author = {Bybee, Joan L. and Carol Lynn Moder},
	journal = {Language},
	pages = {251--270},
	title = {Morphological classes as natural categories},
	volume = {59},
	year = {1983},
  langid = {english},
}


@article{BybeeNewman1995,
	author = {Bybee, Joan L. and Jean E. Newman},
	journal = {Linguistics},
	pages = {633--654},
	volume = {33},
	year = {1995},
  title = {Are stem changes as natural as affixes?},
  langid = {english}
}


@article{BybeeSlobin1982,
	author = {Bybee, Joan L. and Dan I. Slobin},
	journal = {Language},
	pages = {265--289},
	title = {{Rules} and schemas in the development and use of the {English} past tense},
	volume = {58},
	year = {1982},
  langid = {english}
}


@incollection{Carstairs-McCarthy1998,
	address = {Oxford},
	author = {Carstairs-McCarthy, Andrew},
	publisher = {Blackwell},
	title = {Paradigmatic structure: {{I}}nflectional paradigms and morphological classes},
	year = {1998},
  editor = {Andrew Spencer and Arnold M. Zwicky},
  booktitle = {The handbook of morphology},
  pages = {322--334},
  langid = {english}
}


@book{ChambersTrudgill2009,
	address = {Cambridge},
	author = {Chambers, Jack K. and Peter Trudgill},
	publisher = {Cambridge University Press},
	title = {Dialectology},
	year = {2009},
  series = {Cambridge Textbooks in Linguistics},
  edition = {2},
  langid = {english}
}


@book{Comrie1981,
	address = {Oxford},
	author = {Comrie, Bernard},
	publisher = {Basil Blackwell},
	title = {Language universals and linguistic typology: {Syntax} and morphology},
	year = {1981},
  langid = {english}
}


@book{Corbett2000,
	address = {Cambridge},
	author = {Corbett, Greville G.},
	publisher = {Cambridge University Press},
	title = {Number},
	year = {2000},
  series = {Cambridge Textbooks in Linguistics},
  langid = {english},
}


@book{Dammel2011,
	address = {Berlin},
	author = {Dammel, Antje},
	publisher = {de Gruyter},
	title = {Konjugationsklassenwandel: Prinzipien des Ab-, Um-, Aus- und Aufbaus verbalflexivischer Allomorphie in germanischen Sprachen},
	year = {2011},
  series = {Studia Linguistica Germanica},
  number = {103},
}


@incollection{Dammel2018,
	address = {Tübingen},
	author = {Dammel, Antje},
	publisher = {Stauffenburg},
	title = {Warum eigentlich nicht Worter? {{{E}}}in {Beitrag} zur Ökumene des Umlauts},
	year = {2018},
  editor = {Kerstin Kazzazi and Karin Luttermann and Sabine Wahl and Thomas Fritz},
  booktitle = {Worte über Wörter: Festschrift zu Ehren von Elke Ronneberger-Sibold},
  series = {Stauffenburg Festschriften},
  pages = {65--98}
}


@incollection{DammelDenkler2017,
	address = {Stuttgart},
	author = {Dammel, Antje and Markus Denkler},
	publisher = {Steiner},
	title = {Zur Reorganisation modulativer und additiver Pluralmarker in westfälischen {Dialekten} und im Luxemburgischen am {Beispiel} des {ER}-Plurals},
	year = {2017},
  editor = {Helen Christen and Peter Gilles and Christoph Purschke},
  booktitle = {Räume, Grenzen, Übergänge. Akten des 5. Kongresses der Internationalen Gesellschaft für Dialektologie des Deutschen (IGDD)},
  series = {Zeitschrift für Dialektologie und Linguistik, Beihefte},
  number = {171},
  pages = {93--116},
}


@article{DammelGillmann2014,
	author = {Dammel, Antje and Melitta Gillmann},
	journal = {Beiträge zur Geschichte der deutschen Sprache und Literatur},
	number = {2},
	pages = {173--229},
	title = {Relevanzgesteuerter Umbau der Substantivflexion im {Deutschen}: Spiegelt Diachronie Typologie?},
	volume = {136},
	year = {2014}
}


@incollection{DammelKürschner2008,
	address = {Amsterdam},
	author = {Dammel, Antje and Sebastian Kürschner},
	publisher = {John Benjamins},
	sortname = {Dammel, Antje and Sebastian Kurschner},
	title = {Complexity in nominal plural allomorphy: {A} contrastive survey of ten {Germanic} languages},
	year = {2008},
  editor = {Matti Miestamo and Kaius Sinnemäki and Fred Karlsson},
  booktitle = {Language complexity: {Typology}, contact, change},
  series = {Studies in Language Companion Series},
  number = {94},
  pages = {243--262},
  langid = {english}
}


@incollection{DammelEtAl2010,
	address = {Hildesheim},
	author = {Dammel, Antje and Sebastian Kürschner and Damaris Nübling},
	publisher = {Olms},
	sortname = {Dammel, Antje and Sebastian Kurschner and Damaris Nubling},
	title = {Pluralallomorphie in zehn germanischen {Sprachen}: Konvergenzen und Divergenzen in Ausdrucksverfahren und Konditionierung},
	year = {2010},
  editor = {Antje Dammel and Sebastian Kürschner and Damaris Nübling},
  booktitle = {Kontrastive germanistische Linguistik},
  volume = {2},
  series = {Germanistische Linguistik},
  number = {106--109},
  pages = {587--642}
}


@article{DammelNübling2006,
	author = {Dammel, Antje and Damaris Nübling},
	journal = {Folia Linguistica},
	number = {1--2},
	pages = {97--113},
	sortname = {Dammel, Antje and Damaris Nubling},
	volume = {40},
	year = {2006},
  title = {The superstable marker as an indicator of categorial weakness?},
  langid = {english},
}


@book{Denz1977,
	address = {Frankfurt am Main},
	author = {Denz, Josef},
	publisher = {Peter Lang},
	title = {Die {Mundart} von {Windisch}-Eschenbach: Ein Beitrag zum Lautstand und Wortschatz des heutigen Nordbairischen},
	year = {1977},
  series = {Europäische Hochschulschriften – Deutsche Literatur und Germanistik},
  number = {202},
}


@book{Diegritz1971,
	address = {Neustadt an der Aisch},
	author = {Diegritz, Theodor},
	number = {4},
	publisher = {Degener},
	series = {Schriften des Instituts für Fränkische Landesforschung an der Universität Erlangen-Nürnberg},
	title = {Lautgeographie des westlichen Mittelfrankens},
	year = {1971}
}


@phdthesis{Dietz1954,
	address = {Marburg},
	author = {Dietz, Gisela},
	title = {Mitteldeutsch und Oberdeutsch zwischen Vogelsberg, Spessart und Rhön},
	year = {1954},
  school = {Universität Marburg}
}


@incollection{Dingeldein1983,
	address = {Berlin},
	author = {Dingeldein, Heinrich},
	publisher = {de Gruyter},
	title = {Spezielle Pluralbildungen in den deutschen {Dialekten}},
	year = {1983},
  editor = {Werner Besch and Ulrich Knoop and Wolfgang Putschke and Herbert Ernst Wiegand},
  booktitle = {Dialektologie: Ein Handbuch zur deutschen und allgemeinen Dialektforschung},
  volume = {2},
  series = {Handbücher zur Sprach- und Kommunikationswissenschaft},
  number = {1.2},
  pages = {1196--1202},
}


@incollection{DomahsEtAl2017,
	address = {Berlin},
	author = {Frank Domahs and Lisa Bartha-Doering and Ulrike Domahs and Margarete Delazer},
	publisher = {de Gruyter},
	title = {Wie muss ein „guter“ deutscher Plural klingen? {{N}}umerusverarbeitung bei einer Patientin mit Primär Progressiver Aphasie},
	year = {2017},
  editor = {Nanna Fuhrhop and Renata Szczepaniak and Karsten Schmidt},
  booktitle = {Sichtbare und hörbare Morphologie},
  series = {Linguistische Arbeiten},
  number = {565},
  pages = {205--236},
  doi = {10.1515/9783110528978-008},
}


@phdthesis{Dozauer1967,
	address = {Ann Arbor, MI},
	author = {Dozauer, Rudolf},
	title = {A phonology of the dialect of {Bergstetten}},
	year = {1967},
  langid = {english},
  school = {University of Michigan}
}


@incollection{Dressler2000,
	address = {Berlin},
	author = {Dressler, Wolfgang U.},
	publisher = {de Gruyter},
	title = {Subtraction},
	year = {2000},
  editor = {Geert Booij and Christian Lehmann and Joachim Mugdan},
  booktitle = {Morphologie/Morphology: Ein internationales Handbuch zur Flexion und Wortbildung, 1. Halbband},
  series = {Handbücher zur Sprach- und Kommunikationswissenschaft},
  number = {17.1},
  pages = {581--587},
}


@incollection{Duke2005,
	address = {Berlin},
	author = {Duke, Janet},
	publisher = {de Gruyter},
	title = {Gender systems and grammaticalization: {{{E}}}vidence from {Germanic}},
	year = {2005},
  editor = {Torsten Leuschner and Tanja Mortelmans and Sarah {de Groodt}},
  booktitle = {Grammatikalisierung im Deutschen},
  series = {Linguistik -- Impulse \& Tendenzen},
  number = {9},
  pages = {31--57}
}


@phdthesis{Eich1925,
	address = {Leipzig},
	author = {Eich, Lothar},
	title = {Die {Mundart} des Rieses und ihr Übergang zum Fränkischen},
	year = {1925},
  school = {Universität Leipzig},
}


@incollection{Eroms1989,
	address = {Würzburg},
	author = {Eroms, Hans-Werner},
	publisher = {Königshausen \& Neumann},
	title = {Artikelparadigmen und Artikelfunktionen im {Dialekt} und in der {Standardsprache}},
	year = {1989},
  editor = {Erwin Koller and Werner Wegstein and Norbert Richard Wolf},
  booktitle = {Bayerisch-österreichische Dialektforschung: Würzburger Arbeitstagung 1986},
  series = {Würzburger Beiträge zur deutschen Philologie},
  number = {1},
  pages = {305--328},
}


@book{Fischer2018,
	address = {Berlin},
	author = {Fischer, Hanna},
	publisher = {de Gruyter},
	title = {Präteritumschwund im {Deutschen}: Dokumentation und Erklärung eines Verdrängungsprozesses},
	year = {2018},
  series = {Studia Linguistica Germanica},
  number = {132},
}


@incollection{Fischer2019,
	address = {Hildesheim},
	author = {Fischer, Hanna},
	publisher = {Olms},
	title = {Dialektgrammatiken als Datenquelle? {{Z}}um {Wert} der dialektgrammatischen {Literatur} für dialektvergleichende {Studien}},
	year = {2019},
  editor = {Sebastian Kürschner and Mechthild Habermann and Peter Otto Müller},
  booktitle = {Methodik moderner Dialektforschung: Erhebung, Aufbereitung und Auswertung von Daten am Beispiel des Oberdeutschen},
  series = {Germanistische Linguistik},
  number = {241--243},
  pages = {309--333},
}


@book{Fischer1895,
	address = {Tübingen},
	author = {Fischer, Hermann},
	publisher = {Laupp},
	title = {Atlas zur Geographie der schwäbischen {Mundart}},
	year = {1895}
}


@book{Förster1912/13,
	address = {Borna-Leipzig},
	author = {Förster, Alfred},
	publisher = {Noske},
	sortname = {Forster, Alfred},
	title = {Phonetik und Vokalismus der ostfränkischen Mundart der Stadt Neustadt},
	year = {1912/13}
}


@book{Fortson2007,
	address = {Malden},
	author = {Fortson, Benjamin W.},
	publisher = {Blackwell},
	title = {{Indo}-{European} language and culture: {An} introduction},
	year = {2007},
  series = {Blackwell Textbooks in Linguistics},
  number = {19},
  langid = {english},
}


@article{Franke1895,
	author = {Franke, Carl Gottlob},
	journal = {Bayerns Mundarten},
	pages = {73--93 \& 317--343},
	title = {Ostfränkisch und Obersächsisch},
	volume = {2},
	year = {1895}
}


@phdthesis{Freudenberg1959,
	address = {München},
	author = {Freudenberg, Rudolf},
	title = {Die {Mundart} von Böbing (Landkreis Schongau/Obb.)},
	year = {1959},
  school = {Ludwig-Maximilians-Universität München},
}


@incollection{Frommann1857,
	address = {Nürnberg},
	author = {Frommann, Georg Karl},
	publisher = {Schmid},
	title = {Grammatischer Abriß der Nürnberger {Mundart}},
	year = {1857},
  editor = {Johann Wolfgang Weikert},
  booktitle = {Ausgewählte Gedichte in Nürnberger Mundart},
  note = {Mit einem grammatischen Abriß und Glossar versehen von Georg Karl Frommann},
  pages = {289--352}
}


@book{Gebhardt1907,
	address = {Leipzig},
	author = {Gebhardt, August},
	publisher = {Breitkopf \& Härtel},
	title = {{Grammatik} der Nürnberger {Mundart}},
  note = {Unter Mitwirkung von Otto Bremer},
	year = {1907},
  series = {Sammlung kurzer Grammatiken deutscher Mundarten},
  number = {7},
}


@book{Gilles2019,
	address = {Berlin},
	author = {Gilles, Peter},
	publisher = {de Gruyter Mouton},
	title = {Komplexe Überdachung {II}: {{L}}uxemburg. Die Genese einer neuen Nationalsprache},
	year = {2019},
  editor = {Peter Auer and Jürgen Erich Schmidt and Joachim Herrgen},
  booktitle = {Language and space: {An} international handbook of linguistic variation},
  volume = {4: {Deutsch}},
  series = {Handbücher zur Sprach- und Kommunikationswissenschaft},
  number = {30.4},
  pages = {1039--1060},
}


@incollection{Girnth2006,
	address = {Heidelberg},
	author = {Girnth, Heiko},
	publisher = {Winter},
	title = {Arealität und {Grammatikalisierung}: Zur Dynamik der Pluralkodierung in den moselfränkischen Dialekten des Deutschen},
	year = {2006},
  editor = {Claudine Moulin and Damaris Nübling},
  booktitle = {Perspektiven einer linguistischen Luxemburgistik: Studien zu Diachronie und Synchronie},
  pages = {127--138},
}


@book{Gladiator1971,
	address = {München},
	author = {Gladiator, Klaus},
	publisher = {Fink},
	title = {{Untersuchungen} zur {Struktur} der mittelbairischen {Mundart} von Großberghofen},
	year = {1971},
  series = {Münchener {Studien} zur {Mundart}forschung},
  number = {II},
}


@incollection{Glaser1996,
	address = {Linz},
	author = {Glaser, Elvira},
	publisher = {Landesverlag},
	title = {Morphologie und {Funktion} des unbestimmten Artikels im {Bairischen}},
	year = {1996},
  editor = {Hans-Werner Eroms and Hermann Scheuringer},
  booktitle = {Sprache an Donau, Inn und Enns: Vorträge des Symposiums zu Sprache und Kultur des altbairischen Raumes, zugleich Zweite Arbeitstagung zu Sprache und Dialekt in Oberösterreich, vom 12. bis 14. Mai 1994 auf Burg Neuburg am Inn},
  series = {Schriften zur Literatur und Sprache in Oberösterreich},
  number = {5},
  pages = {149-169},
}


@incollection{Glaser2017,
	address = {Stuttgart},
	author = {Glaser, Elvira},
	publisher = {Steiner},
	title = {Wie sind die deutschen {Dialekte} in syntaktischer Hinsicht gegliedert?},
	year = {2017},
  editor = {Helen Christen and Peter {Gilles} and Christoph Purschke},
  booktitle = {Räume, {Grenzen}, Übergänge: Akten des 5. Kongresses der Internationalen Gesellschaft für Dialektologie des Deutschen (IGDD)},
  series = {Zeitschrift für Dialektologie und Linguistik, Beihefte},
  number = {171},
  pages = {165--183},
}


@article{Götz1987,
	author = {Götz, Ursula},
	journal = {Sprachwissenschaft},
	pages = {396--474},
	sortname = {Gotz, Ursula},
	title = {Die {Mundart} von Kallmünz: Phonetisch-phonologische Untersuchung unter diachronem und synchronem Aspekt},
	volume = {12},
	year = {1987}
}


@incollection{GolstonWiese1996,
	author = {Golston, Chris and Richard Wiese},
	address = {Dodrecht},
  publisher = {Kluwer},
	pages = {143--159},
	title = {Zero morphology and constraint interaction: {{S}}ubtraction and epenthesis in {German} dialects},
	year = {1996},
  editor = {Geert Booij and Jaap {von Marle}},
  booktitle = {Yearbook of Morphology 1995},
  langid = {english}
}


@incollection{Gordon2018,
	address = {Hoboken},
	author = {Gordon, Matthew J.},
	publisher = {Wiley \& Sons},
	title = {Structural dialectology},
	year = {2018},
  editor = {Charles Boberg and John Nerbonne and Dominic Watt},
  booktitle = {The handbook of dialectology},
  series = {Blackwell Handbooks in Linguistics},
  pages = {73--87},
}


@phdthesis{Grundler1951,
	address = {München},
	author = {Grundler, Wolfgang},
	title = {Die {Mundart} des Bezirkes Erding},
	year = {1951},
  school = {Ludwig-Maximilians-Universität München}
}


@book{Gütter1971,
	address = {München},
	author = {Gütter, Adolf},
	publisher = {Lerche},
	sortname = {Gutter, Adolf},
	title = {Nordbairischer {Sprachatlas}},
	year = {1971}
}


@incollection{Haas1983,
	address = {Berlin},
	author = {Haas, Walter},
	publisher = {de Gruyter},
	title = {Vokalisierung in den deutschen {Dialekten}},
	year = {1983},
  editor = {Werner Besch and Ulrich Knoop and Wolfgang Putschke and Herbert Ernst Wiegand},
  booktitle = {Dialektologie: Ein Handbuch zur deutschen und allgemeinen Dialektforschung},
  volume = {2},
  series = {Handbücher zur Sprach- und Kommunikationswissenschaft},
  number = {1.2},
  pages = {1111--1116},
}


@book{Hain1936,
	address = {Nürnberg},
	author = {Hain, Heinrich},
	publisher = {Spindler},
	title = {Mundartgeographie des oberen Rednitzgebietes},
	year = {1936}
}


@incollection{Harnisch1984,
	address = {Göppingen},
	author = {Harnisch, Rüdiger},
	publisher = {Kümmerle},
	sortname = {Harnisch, Rudiger},
	title = {Ist \textit{a blinda} männlich oder weiblich? {{Z}}u einem Fall von Kontamination im nordbairisch-ostfränkischen Grenzraum},
	year = {1984},
  editor = {Peter Wiesinger},
  booktitle = {Beiträge zur bairischen und ostfränkischen Dialektologie: Ergebnisse der Zweiten Bayerisch-Österreichischen Dialektologentagung Wien, 27. bis 30. September 1983},
  series = {Göppinger Arbeiten zur Germanistik},
  number = {409},
  pages = {81--93},
}


@book{Harnisch1987,
	address = {Tübingen},
	author = {Harnisch, Rüdiger},
	publisher = {Niemeyer},
	sortname = {Harnisch, Rudiger},
	title = {Natürliche generative Morphologie und Phonologie des {Dialekts} von Ludwigsstadt: Die Erprobung eines Grammatikmodells an einem einzelsprachlichen Gesamtsystem},
	year = {1987},
  series = {Linguistische Arbeiten},
  number = {190},
}


@article{Harnisch1988,
	author = {Harnisch, Rüdiger},
	journal = {Zeitschrift für Phonetik, Sprachwissenschaft und Kommunikationsforschung},
	pages = {426--437},
	sortname = {Harnisch, Rudiger},
	title = {Natürliche Morphologie und morphologische Ökonomie: Ein Vermittlungsversuch angesichts der Morphologien natürlicher Sprachen},
	volume = {41},
	year = {1988}
}


@incollection{Harnisch1990,
	author = {Harnisch, Rüdiger},
	address = {Salamanca},
  publisher = {Ediciones Universidad de Salamanca},
	pages = {53--64},
	sortname = {Harnisch, Rudiger},
	title = {Morphologische Irregularität -- Gebrauchshäufigkeit -- psychische {Nähe}: Ein Zusammenhang im empirischen Befund und in seiner theoretischen Tragweite},
	year = {1990},
  editor = {Julián Méndez Dosuna and Carmen Pensado},
  booktitle = {Naturalists at Krems: Papers from the workshop on natural phonology and natural morphology, Krems 1988},
}


@incollection{Harnisch1994a,
	address = {Stuttgart},
	author = {Harnisch, Rüdiger},
	publisher = {Steiner},
	sortname = {Harnisch, Rudiger},
	title = {Allomorphische Variation und kognitive Kosten: Evidenz aus dem Ortsdialekt von Ludwigstadt in Oberfranken},
	year = {1994},
  editor = {Wolfgang Viereck},
  booktitle = {Verhandlungen des Internationalen Dialektologenkongresses Bamberg 29.7.--4.8.1990},
  volume = {3: Regionalsprachliche Variation, Umgangs- und Standardsprachen},
  series = {Zeitschrift für Dialektologie und Linguistik, Beihefte},
  number = {76},
  pages = {283--296},
}


@incollection{Harnisch1994b,
	address = {Tübingen},
	author = {Harnisch, Rüdiger},
	publisher = {Niemeyer},
	sortname = {Harnisch, Rudiger},
	title = {Stammerweiterung im Singular -- Stammflexion im Plural: Zum Bautyp der deutschen Substantivdeklination},
	year = {1994},
  editor = {Klaus-Michael Köpcke},
  booktitle = {Funktionale Untersuchungen zur deutschen Nominal- und Verbalmorphologie},
  series = {Linguistische Arbeiten},
  number = {319},
  pages = {97--114},
}


@incollection{Harnisch1995,
	address = {Stuttgart},
	author = {Harnisch, Rüdiger},
	publisher = {Steiner},
	sortname = {Harnisch, Rudiger},
	title = {Fortis und Lenis im {Bairischen} -- naturaliter},
	year = {1995},
  editor = {Rüdiger Harnisch and Ludwig M. Eichinger and Anthony R. Rowley},
  booktitle = {,,\ldots im Gefüge der Sprachen``: Studien zu System und Soziologie der Dialekte. Festschrift für Robert Hinderling zum 60. Geburtstag},
  series = {Zeitschrift für Dialektologie und Linguistik, Beihefte},
  number = {90},
  pages = {69--93},
}


@article{Harnisch2000,
	author = {Harnisch, Rüdiger},
	journal = {Sprachwissenschaft},
	pages = {367--386},
	sortname = {Harnisch, Rudiger},
	title = {Morphologische Theorie und dialektale Empirie: System-, Typ- und Wandelmodelle im Lichte einiger Fallbeispiele},
	volume = {25},
	year = {2000}
}


@book{Harnisch2001,
	address = {Heidelberg},
	author = {Harnisch, Rüdiger},
	publisher = {Winter},
	sortname = {Harnisch, Rudiger},
	title = {Grundform- und Stamm-Prinzip in der Substantivmorphologie des {Deutschen}: Synchronische und diachronische Untersuchung eines typologischen Parameters},
	year = {2001},
  series = {Germanistische Bibliothek},
  number = {10},
}


@incollection{Harnisch2016,
	address = {Berlin},
	author = {Harnisch, Rüdiger},
	publisher = {de Gruyter},
	sortname = {Harnisch, Rudiger},
	title = {Phonologische und morphologische Bedingtheit flexivischer Irregularität und Prozeduren zur Bemessung ihrer Anteile},
	year = {2016},
  editor = {Andreas Bittner and Klaus-Michael Köpcke},
  booktitle = {Regularität und Irregularität in Phonologie und Morphologie: Diachron, kontrastiv, typologisch},
  series = {Lingua Historica Germanica},
  number = {13},
  pages = {79--100},
}


@incollection{Harnisch2019,
	address = {Berlin},
	author = {Harnisch, Rüdiger},
	publisher = {de Gruyter Mouton},
	sortname = {Harnisch, Rudiger},
	title = {Ostfränkisch},
	year = {2019},
  editor = {Peter Auer and Jürgen Erich Schmidt and Joachim Herrgen},
  booktitle = {Language and space: {An} international handbook of linguistic variation},
  volume = {4: {Deutsch}},
  series = {Handbücher zur Sprach- und Kommunikationswissenschaft},
  number = {30.4},
  pages = {363--406},
}


@incollection{HarnischPetzold2000,
	address = {Hildesheim},
	author = {Harnisch, Rüdiger and Rainer Petzold},
	publisher = {Olms},
	sortname = {Harnisch, Rudiger and Rainer Petzold},
	title = {°Schlz {OB}ö -- natürlich morphologisch},
	year = {2000},
  editor = {Andreas Bittner and Dagmar Bittner and Klaus-Michael Köpcke},
  booktitle = {Angemessene Strukturen: Systemorganisation in Phonologie, Morphologie und Syntax},
  pages = {141--156}
}


@article{HarnischRowley1990,
	author = {Harnisch, Rüdiger and Anthony R. Rowley},
	journal = {Zeitschrift für Dialektologie und Linguistik},
	number = {2},
	pages = {174--186},
	sortname = {Harnisch, Rudiger and Anthony R. Rowley},
	title = {Zum Nutzen ,,Natürlicher`` {Verfahren} in Orts- und Landschaftsgrammatiken. Oder: Is a natural dialectology profitable?},
	volume = {57},
	year = {1990}
}


@article{Hayes1989,
	author = {Hayes, Bruce},
	journal = {Linguistic Inquiry},
	pages = {253--306},
	title = {Compensatory lengthening in moraic phonology},
	volume = {20},
	year = {1989}
}


@book{Heilig1898,
	address = {Leipzig},
	author = {Heilig, Otto},
	publisher = {Breitkopf \& Härtel},
	title = {{Grammatik} der ostfränkischen {Mundart} des Taubergrundes und der Nachbarmundarten: Lautlehre},
	year = {1898},
  series = {Sammlung kurzer Grammatiken deutscher Mundarten},
  number = {5},
}


@thesis{Heinebrodt1963,
	address = {Erlangen},
	author = {Heinebrodt, Dieter},
	type = {Examensarbeit},
	title = {Lautgeographie des Fürther Umlandes},
	year = {1963},
  school = {Friedrich-Alexander-Universität Erlangen-Nürnberg},
}


@book{Hermann1957,
	note = {Aus dem Nachlaß des Verfassers herausgegeben von Dr. Adolf Siegel},
  address = {Coburg},
	author = {Hermann, Eduard},
	publisher = {Coburger Landesstiftung},
	title = {Die Coburger {Mundart}},
	year = {1957}
}


@article{Hinderling1980,
	author = {Hinderling, Robert},
	journal = {Zeitschrift für Dialektologie und Linguistik},
	number = {1},
	pages = {25--51},
	title = {Lenis und Fortis im {Bairischen}: Versuch einer morphophonemischen Interpretation},
	volume = {47},
	year = {1980}
}


@incollection{Hinderling2004,
	address = {Linz},
	author = {Hinderling, Robert},
	publisher = {Adalbert-Stifter-Institut des Landes Oberösterreich},
	title = {Zur {Sprache} und {Geschichte} in Nordostbayern},
	year = {2004},
  editor = {Stephan Gaisbauer and Hermann Scheuringer},
  booktitle = {Linzerschnitten. Beiträge zur 8. Bayerisch-österreichischen Dialektologentagung, zugleich 3. Arbeitstagung zu Sprache und Dialekt in Oberösterreich, in Linz, September 2001},
  series = {Schriften zur Literatur und Sprache in Oberösterreich},
  number = {8},
  pages = {91--98},
}


@phdthesis{Hirsch1958,
	address = {Würzburg},
	author = {Hirsch, Anton},
	title = {Dialektgeographische {Studien} über die {Mundarten} im Spessart (Der Aufbau einer Mundartbarriere)},
	year = {1958},
  school = {Julius-Maximilians-Universität Würzburg},
}


@article{Hockett1954,
	author = {Hockett, Charles F.},
	journal = {Word},
	pages = {210--234},
	title = {Two models of grammatical description},
	volume = {10},
	year = {1954},
  langid = {english},
}


@incollection{Jongen1982,
	address = {Berlin},
	author = {Jongen, René},
	publisher = {de Gruyter},
	sortname = {Jongen, Rene},
	title = {{Theoriebildung} der strukturellen {Dialektologie}},
	year = {1982},
  editor = {Werner Besch and Ulrich Knoop and Wolfgang Putschke and Herbert Ernst Wiegand},
  booktitle = {Dialektologie: Ein Handbuch zur deutschen und allgemeinen Dialektforschung},
  volume = {1},
  series = {Handbücher zur Sprach- und Kommunikationswissenschaft},
  number = {1.1},
  pages = {248--277},
}


@incollection{Kasper2017,
	author = {Kasper, Simon},
	title = {Passiv, Possession und Belebtheit},
	url = {http://www.syhd.info/apps/atlas/index.html#passiv-possession-und-belebtheit},
	year = {2017},
  editor = {Jürg Fleischer and Alexandra N. Lenz and Helmut Weiß},
  booktitle = {SyHD-atlas},
  urldate = {2020-11-09},
}


@incollection{Kasper2020,
	address = {Hildesheim},
	author = {Kasper, Simon},
	publisher = {Olms},
	title = {,,Kriegen`` interpretiert kriegen: Eine Annäherung am Beispiel der Dialekte in Hessen},
	year = {2020},
  editor = {Matthias Hahn and Andrea Kleene and Robert Langhanke and Anja Schaufuß},
  booktitle = {Dynamik in den deutschen Regionalsprachen: Gebrauch und Wahrnehmung. Beiträge aus dem Forum Sprachvariation},
  series = {Germanistische Linguistik},
  number = {250--251},
  pages = {11--54},
}


@book{Kaußler1962,
	address = {Ansbach},
	author = {Kaußler, Hans},
	publisher = {C. Brügel \& Sohn},
	sortname = {Kaussler, Hans},
	title = {Die {Mundart} der {Stadt} Ansbach und ihrer näheren Umgebung ({Lautlehre})},
	year = {1962}
}


@book{Keller1976,
	address = {Hamburg},
	author = {Keller, Thomas L.},
	number = {19},
	publisher = {Buske},
	series = {Hamburger Phonetische Beiträge -- Untersuchungen zur Phonetik und Linguistik},
	title = {The city dialect of {Regensburg}},
	year = {1976}
}


@phdthesis{Kemmeter1924,
	address = {Würzburg},
	author = {Kemmeter, Ernst},
	title = {{Lautlehre} der Schweinfurter {Mundart}},
	year = {1924},
  school = {Julius-Maximilians-Universität Würzburg},
}


@article{Kleber2017,
	author = {Kleber, Felicitas},
	journal = {Journal of the International Phonetic Association},
	pages = {1--22},
	title = {Complementary length in vowel–consonant sequences: {{A}}coustic and perceptual evidence for a sound change in progress in {Bavarian} {German}},
	volume = {2017},
	year = {2017},
  langid = {english},
}


@book{KleinEtAl2018,
	address = {Berlin},
	author = {Klein, Thomas and Hans-Joachim Solms and Klaus-Peter Wegera},
	publisher = {de Gruyter},
	title = {{Mittelhochdeutsche} {Grammatik}, Teil {II}: {{F}}lexionsmorphologie},
  volume = {1: {{S}}ubstantive, Adjektive, Pronomina},
	year = {2018}
}


@incollection{Klepsch2013,
	address = {Heidelberg},
	author = {Klepsch, Alfred},
	publisher = {Winter},
	title = {Wie entstand der {Sprachatlas} von {Mittelfranken}? {{P}}lanung, Exploration und {Publikation}},
	year = {2013},
  editor = {Horst Haider Munske and Andrea Mathussek},
  booktitle = {Handbuch zum Sprachatlas von Mittelfranken: Dokumentation und Auswertung},
  series = {Schriften zum Bayerischen Sprachatlas},
  number = {9},
  pages = {19--37},
}


@inproceedings{KlinglerEtAl2017,
	author = {Klingler, Nicola and Sylvia Moosmüller and Hannes Scheutz},
	booktitle = {Proceedings Interspeech 2017},
	pages = {2983--2987},
	sortname = {Klingler, Nicola and Sylvia Moosmuller and Hannes Scheutz},
	title = {Vowel and Consonant Sequences in three {Bavarian} Dialects of {Austria}},
	year = {2017},
  doi = {10.21437/Interspeech.2017-1154},
  langid = {english},
}


@incollection{Koch2006,
	author = {Koch, Günter},
	address = {Graz-Feldkirch},
  publisher = {Neugebauer},
	pages = {129--140},
	sortname = {Koch, Gunter},
	title = {Diatopische Heteromorphie: {{D}}ie Endung des {Partizips} Präteritum der schwachen {Verben} im alemannischen {Sprachraum}},
	year = {2006},
  editor = {Hubert Klausmann},
  booktitle = {Raumstrukturen im Alemannischen: Beiträge der 15. Arbeitstagung zur alemannischen Dialektologie Schloss Hofen, Vorarlberg 19.--21.9.2005}
}


@incollection{Koch2019,
	address = {Berlin},
	author = {Koch, Günter},
	publisher = {de Gruyter Mouton},
	sortname = {Koch, Gunter},
	title = {Bairisch in {Deutschland}},
	year = {2019},
  editor = {Peter Auer and Jürgen Erich Schmidt and Joachim Herrgen},
  booktitle = {Language and space: {An} international handbook of linguistic variation},
  volume  = {4: {Deutsch}},
  series = {Handbücher zur Sprach- und Kommunikationswissenschaft},
  number = {30.4},
  pages = {279--318},
}


@phdthesis{Köhler1934,
	address = {Würzburg},
	author = {Köhler, Otto},
	sortname = {Kohler, Otto},
	title = {Die Flexion in der {Mundart} von Aschenroth},
	year = {1934},
  school = {Julius-Maximilians-Universität Würzburg},
}


@incollection{König2010,
	address = {Berlin},
	author = {König, Werner},
	publisher = {de Gruyter Mouton},
	sortname = {Konig, Werner},
	title = {Investigating language in space: {{M}}ethods and empirical standards},
	year = {2010},
  editor = {Peter Auer and Jürgen Erich Schmidt},
  booktitle = {Language and space: {An} international handbook of linguistic variation},
  volume = {1: {Theories} and methods},
  series = {Handbücher zur Sprach- und Kommunikationswissenschaft},
  number = {30.1},
  pages = {494--511},
  langid = {english},
}


@article{Köpcke1988,
	author = {Köpcke, Klaus-Michael},
	journal = {Lingua},
	pages = {303--335},
	sortname = {Kopcke, Klaus-Michael},
	title = {Schemas in {German} plural formation},
	volume = {74},
	year = {1988},
  langid = {english},
}


@book{Köpcke1993,
	address = {Tübingen},
	author = {Köpcke, Klaus-Michael},
	publisher = {Narr},
	sortname = {Kopcke, Klaus-Michael},
	title = {Schemata bei der {Pluralbildung} im {Deutschen}: Versuch einer kognitiven Morphologie},
	year = {1993},
  series = {Studien zur deutschen Grammatik},
  number = {47},
}


@incollection{Köpcke1994,
	address = {Tübingen},
	author = {Köpcke, Klaus-Michael},
	publisher = {Niemeyer},
	sortname = {Kopcke, Klaus-Michael},
	title = {Zur {Rolle} von Schemata bei der {Pluralbildung} monosyllabischer Maskulina},
	year = {1994},
  editor = {Klaus-Michael Köpcke},
  booktitle = {Funktionale Untersuchungen zur deutschen Nominal- und Verbalmorphologie},
  series = {Linguistische Arbeiten},
  number = {319},
  pages = {81--95},
}


@incollection{Köpcke2000a,
	address = {Hildesheim},
	author = {Köpcke, Klaus-Michael},
	publisher = {Olms},
	sortname = {Kopcke, Klaus-Michael},
	title = {Chaos und Ordnung: Zur semantischen Remotivierung einer Deklinationsklasse im Übergang vom Mhd. zum Nhd.},
	year = {2000},
  editor = {Andreas Bittner and Dagmar Bittner and Klaus-Michael Köpcke},
  booktitle = {Angemessene Strukturen: Systemorganisation in Phonologie, Morphologie und Syntax},
  pages = {107--122},
}


@incollection{Köpcke2000b,
	address = {Tübingen},
	author = {Köpcke, Klaus-Michael},
	publisher = {Niemeyer},
	sortname = {Kopcke, Klaus-Michael},
	title = {Starkes, Schwaches und Gemischtes in der Substantivflexion des {Deutschen}: Was weiß der Sprachbenutzer über seine Deklinationsparadigmen?},
	year = {2000},
  editor = {Rolf Thieroff and Matthias Tamrat and Nanna Fuhrhop and Oliver Teuber},
  booktitle = {Deutsche Grammatik in Theorie und Praxis},
  pages = {171--183},
}


@incollection{Köpcke2002,
	address = {Frankfurt am Main},
	author = {Köpcke, Klaus-Michael},
	publisher = {Peter Lang},
	sortname = {Kopcke, Klaus-Michael},
	title = {Wie entwickeln sich die Deklinationsklassen im {Deutschen}?},
	year = {2002},
  editor = {Peter Wiesinger},
  booktitle = {{Akten} des X. Internationalen Germanistenkongresses Wien 2000 ,,Zeitenwende -- Die Germanistik auf dem Weg vom 20. ins 21. Jahrhundert``},
  volume = {2: Entwicklungstendenzen der deutschen Gegenwartssprache},
  series = {Jahrbuch für Internationale Germanistik},
  number = {54},
  pages = {101--108},
}


@incollection{KöpckePanther2016,
	address = {Berlin},
	author = {Köpcke, Klaus-Michael and Klaus Uwe Panther},
	publisher = {de Gruyter},
	sortname = {Kopcke, Klaus-Michael and Klaus Uwe Panther},
	title = {Analytische und gestalthafte Nomina auf
 -\textit{er} im {Deutschen} vor dem {Hintergrund} konstruktionsgrammatischer Überlegungen},
	year = {2016},
  editor = {Andreas Bittner and Constanze Spieß},
  booktitle = {Formen und Funktionen: Morphosemantik und grammatische Konstruktion},
  series = {Lingua Historica Germanica},
  number = {12},
  pages = {85--101},
}


@article{KöpckeEtAl2021,
	author = {Köpcke, Klaus-Michael and Sarah Schimke and Verena Wecker},
	journal = {Word Structure},
	number = {1},
	pages = {1--24},
	sortname = {Kopcke, Klaus-Michael and Sarah Schimke and Verena Wecker},
	title = {Processing of {German} noun plurals: {{{E}}}vidence for first- and second-order schemata},
	volume = {14},
	year = {2021},
  langid = {english}
}


@article{KöpckeWecker2017,
	author = {Köpcke, Klaus-Michael and Verena Wecker},
	journal = {Morphology},
	pages = {77--103},
	sortname = {Kopcke, Klaus-Michael and Verena Wecker},
	title = {Source- and product-oriented strategies in {L2} aquisition of plural marking in {German}},
	volume = {27},
	year = {2017},
  langid = {english}
}


@thesis{Kollmann1961,
	address = {Erlangen},
	author = {Kollmann, Jutta},
	type = {Examensarbeit},
	title = {Lautgeographie zwischen oberer Altmühl und Fränkischer Rezat},
	year = {1961},
  school = {Friedrich-Alexander-Universität Erlangen-Nürnberg},
}


@phdthesis{Kollmer1949,
	address = {München},
	author = {Kollmer, Michael},
	title = {Die bairischen {Laute}, dargestellt durch {Vergleich} der {Mundart} des Klinglbachtales im {Bayerischen} {Wald} mit anderen bairischen {Mundart}en},
	year = {1949},
  school = {Ludwig-Maximilians-Universität München},
}


@book{Kollmer1985,
	address = {Prackenbach},
	author = {Kollmer, Michael},
	publisher = {Eigenverlag},
	title = {Wesenszüge des {Bairischen}: Nachgewiesen an der Mundart Niederbayerns und der südlichen Oberpfalz, insbesondere des Bayerischen Waldes},
	year = {1985}
}


@book{Kollmer1987,
	address = {Prackenbach},
	author = {Kollmer, Michael},
	publisher = {Eigenverlag},
	title = {Die schöne Waldlersprach: Von Wegscheid bis Waldmünchen, von Passau bis Regensburg, 1. Bd.: Lautliche und grammatische Beschreibung der Waldlersprache (mit Berücksichtigung der Sprache des Flachlandes rechts der Donau)},
	year = {1987}
}


@thesis{Kopp1959,
	address = {Erlangen},
	author = {Kopp, Christian Friedrich},
	type = {Examensarbeit},
	title = {Mundartgeographie des Gebietes nördlich und südlich der Erlanger Schwabach},
	year = {1959},
  school = {Friedrich-Alexander-Universität Erlangen-Nürnberg},
}


@book{Koß1967,
	address = {Coburg},
	author = {Koß, Gerhard},
	publisher = {Coburger Landesstiftung},
	sortname = {Koss, Gerhard},
	title = {Mundartmischung und Mundartausgleich am westlichen Obermain: Studien zur Dialektgeographie des Coburg-Obermain-Gebietes},
	year = {1967}
}


@incollection{Koß1983,
	address = {Berlin},
	author = {Koß, Gerhard},
	publisher = {de Gruyter},
	sortname = {Koss, Gerhard},
	title = {Realisierung von Kasusrelation in den deutschen {Dialekten}},
	year = {1983},
  editor = {Werner Besch and Ulrich Knoop and Wolfgang Putschke and Herbert Ernst Wiegand},
  booktitle = {Dialektologie: Ein Handbuch zur deutschen und allgemeinen Dialektforschung},
  volume = {2},
  series = {Handbücher zur Sprach- und Kommunikationswissenschaft},
  number = {1.2},
  pages = {1242--1250},
}


@book{KraheMeid1969,
  author = {Krahe, Hans and Wolfgang Meid},
  year = {1969},
  title = {Germanische Sprachwissenschaft: II Formenlehre},
  address = {Berlin},
  publisher = {de Gruyter},
}

@article{Kranzmayer1935,
	author = {Kranzmayer, Eberhard},
	journal = {Zeitschrift für Mundartforschung},
	pages = {65--131},
	title = {Lautliche Sonderwege alter Dreisilber im Ostoberdeutschen},
	volume = {11},
	year = {1935}
}


@book{Kranzmayer1956,
	address = {Wien},
	author = {Kranzmayer, Eberhard},
	publisher = {Böhlau},
	title = {{Historische} Lautgeographie des gesamtbairischen Dialektraumes: Mit 27 Laut- und 4 Hilfskarten in besonderer Mappe},
	year = {1956}
}


@incollection{Kretzschmar2018,
	address = {Hoboken},
	author = {Kretzschmar, Wiliam A. Jr},
	publisher = {Wiley \& Sons},
	title = {Linguistic Atlases},
	year = {2018},
  editor = {Charles Boberg and John Nerbonne and Dominic Watt},
  booktitle = {The handbook of dialectology},
  series = {Blackwell Handbooks in Linguistics},
  pages = {57--72},
  langid = {english},
}


@book{Kübler1896,
	address = {Bad Kissingen},
	author = {Kübler, August},
	publisher = {Schachenmayer},
	sortname = {Kubler, August},
	title = {Die {Mundart} der Kissinger Gegend: Ein Beitrag zur Kenntnis des Lautstandes der Dialekte Unterfrankens},
	year = {1896}
}


@book{Kürschner2008a,
	address = {Berlin},
	author = {Kürschner, Sebastian},
	publisher = {de Gruyter},
	sortname = {Kurschner, Sebastian},
	title = {Deklinationsklassen-{Wandel}: Eine diachron-kontrastive Studie zur Entwicklung der Pluralallomorphie im Deutschen, Niederländischen, Schwedischen und Dänischen},
	year = {2008},
  series = {Studia Linguistica Germanica},
  number = {92},
}


@incollection{Kürschner2008b,
	author = {Kürschner, Sebastian},
	address = {Wien},
  publisher = {Praesens},
	pages = {141--156},
	sortname = {Kurschner, Sebastian},
	title = {Semantische Konditionierung in der Pluralallomorphie deutscher {Dialekte}},
	booktitle = {Dialektale Morphologie, dialektale Syntax: Beiträge zum 2. Kongress der Internationalen Gesellschaft für Dialektologie des Deutschen, Wien, 20.--23. September 2006},
	year = {2008},
  editor = {Franz Patocka and Guido Seiler}
}


@incollection{Kürschner2021,
	address = {Berlin},
	author = {Kürschner, Sebastian},
	publisher = {de Gruyter},
	sortname = {Kurschner, Sebastian},
	title = {Schemata im {Wandel} der schwedischen und dänischen maskulinen Deklinationsklassen: Ein Vergleich des Deutschen mit nah verwandten Sprachen},
	year = {2021},
  editor = {Anja Binanzer and Jana Gamper and Verena Wecker},
  booktitle = {Prototypen, Schemata, Konstruktionen: Untersuchungen zur deutschen Morphologie und Syntax},
  series = {Germanistische Linguistik},
  number = {325},
  pages = {439--469},
}


@incollection{KürschnerDammel2013,
	address = {Tübingen},
	author = {Kürschner, Sebastian and Antje Dammel},
	publisher = {Niemeyer},
	sortname = {Kurschner, Sebastian and Antje Dammel},
	title = {Flexionsklassenwandel im {Vergleich}: {{N}}ominale und verbale {Entwicklungen} in vier germanischen {Sprachen}},
	year = {2013},
  editor = {Jürg Fleischer and Horst J. Simon},
  booktitle = {Sprachwandelvergleich -- Comparing diachronies},
  series = {Linguistische Arbeiten},
  number = {550},
  pages = {43--71},
}


@article{KürschnerNübling2011,
	author = {Kürschner, Sebastian and Damaris Nübling},
	journal = {Folia Linguistica},
	number = {2},
	pages = {355--388},
	sortname = {Kurschner, Sebastian and Damaris Nubling},
	title = {The interaction of gender and declension in {Germanic} languages},
	volume = {45},
	year = {2011},
  langid = {english}
}


@article{Kufner1957,
	author = {Kufner, Herbert L.},
	journal = {Zeitschrift für Mundartforschung},
	number = {3},
	pages = {175--184},
	title = {Zur Phonologie einer mittelbairischen {Mundart}},
	volume = {25},
	year = {1957}
}


@book{Kufner1961,
	address = {München},
	author = {Kufner, Herbert L.},
	publisher = {Oldenbourg},
	title = {Strukturelle {Grammatik} der Münchner Stadtmundart},
	year = {1961}
}


@book{Lameli2013,
	address = {Berlin},
	author = {Lameli, Alfred},
	publisher = {de Gruyter},
	title = {{Strukturen} im {Sprachraum}: Analysen zur arealtyplogischen Komplexität der Dialekte in Deutschland},
	year = {2013},
  series = {Linguistik -- Impulse \& Tendenzen},
  number = {54},
}


@incollection{Lameli2019,
	address = {Berlin},
	author = {Lameli, Alfred},
	publisher = {de Gruyter Mouton},
	title = {Areale Variation im {{Deutschen}} „horizontal“: {{D}}ie {Einteilung} der arealen Varietäten des {{Deutschen}}},
	year = {2019},
  editor = {Peter Auer and Jürgen Erich Schmidt and Joachim Herrgen},
  booktitle = {Language and space: {An} international handbook of linguistic variation},
  volume = {4: {Deutsch}},
  series = {Handbücher zur Sprach- und Kommunikationswissenschaft},
  number = {30.4},
  pages = {185--205},
}


@book{Lessiak1933,
	address = {Brünn},
	author = {Lessiak, Primus},
	publisher = {Rohrer},
	title = {{Beiträge} zur {Geschichte} des deutschen Konsonantismus: Mit einem Vorwort und einem Wort- und Sachverzeichnis von Ernst Schwarz},
	year = {1933},
  series = {Schriften der Philosophischen Fakultät der Deutschen Universität in Prag},
  number = {14},
}


@book{Lessiak1963,
	address = {Marburg},
	author = {Lessiak, Primus},
	publisher = {Elwert},
	title = {Die Mundart von Pernegg in Kärnten},
	year = {1963 [1903]},
  series = {Deutsche Dialektgeographie},
  number = {61},
}


@book{Lexer1872-1878,
	address = {Leipzig},
	author = {Lexer, Matthias},
	publisher = {Hirzel},
	title = {Mittelhochdeutsches Handwörterbuch, 3 Bände},
	year = {1872--1878}
}


@book{Lindgren1953,
	address = {Helsinki},
	author = {Lindgren, Kaj B.},
	publisher = {Druckerei-A.G. der Finnischen Literaturgesellschaft},
	title = {Die Apokope des mhd. -e in seinen verschiedenen Funktionen},
	year = {1953}
}


@incollection{Löffler1982,
	address = {Berlin},
	author = {Löffler, Heinrich},
	publisher = {de Gruyter},
	sortname = {Loffler, Heinrich},
	title = {Gegenstandskonstitution in der {Dialektologie}: {{S}}prache und ihre Differenzierung},
	year = {1982},
  editor = {Werner Besch and Ulrich Knoop and Wolfgang Putschke and Herbert Ernst Wiegand},
  booktitle = {Dialektologie: Ein Handbuch zur deutschen und allgemeinen Dialektforschung},
  volume = {1},
  series = {Handbücher zur Sprach- und Kommunikationswissenschaft},
  number = {1.1},
  pages = {441--463},
}


@incollection{Lüssy1983,
	address = {Berlin},
	author = {Lüssy, Heinrich},
	publisher = {de Gruyter},
	sortname = {Lussy, Heinrich},
	title = {Umlautung in den deutschen {Dialekten}},
	year = {1983},
  editor = {Werner Besch and Ulrich Knoop and Wolfgang Putschke and Herbert Ernst Wiegand},
  booktitle = {Dialektologie: Ein Handbuch zur deutschen und allgemeinen Dialektforschung},
  volume = {2},
  series = {Handbücher zur Sprach- und Kommunikationswissenschaft},
  number = {1.2},
  pages = {1083--1088},
}


@book{Mauser1998a,
	address = {Frankfurt am Main},
	author = {Mauser, Peter},
	publisher = {Peter Lang},
	title = {Die Morphologie im {Dialekt} des Salzburger Lungaus},
	year = {1998}
}


@incollection{Mauser1998b,
	address = {Göppingen},
	author = {Mauser, Peter},
	publisher = {Kümmerle},
	title = {Die Restitution des Pluralmorphems \textit{-en} bei Substantiven mit dem flexionsstammbildenden Suffix /n/},
	year = {1998},
  editor = {Claus Jürgen Hutterer and Gertrude Pauritsch},
  booktitle = {Beiträge zur Dialektologie des ostoberdeutschen Raumes: Referate der 6. Arbeitstagung für bayerisch-österreichische Dialektologie, 20.--24.9.1995 in Graz},
  series = {Göppinger Arbeiten zur Germanistik},
  number = {636},
  pages = {205--217},
}


@incollection{Mauser2000,
	address = {Tübingen},
	author = {Mauser, Peter},
	publisher = {Narr},
	title = {Im Berührungsfeld zwischen dem Süd- und {Mittelbairischen}: {{D}}ie Flexionsmorphologie im {Dialekt} des Salzburger Lungaus},
	year = {2000},
  editor = {Albrecht Greule and Franz Xaver Scheuerer and Ludwig Zehetner},
  booktitle = {Vom Sturz der Diphthonge: Beiträge zur 7. Arbeitstagung für bayerisch-österreichische Dialektologie in Regensburg, September 1998},
  series = {Tübinger Beiträge zur Linguistik},
  number = {450},
  pages = {123--132},
}


@incollection{Mauser2007,
	address = {Salzburg},
	author = {Mauser, Peter},
	publisher = {EuRegio Salzburg -- Berchtesgadener Land -- Traunstein},
	title = {Dialektale Wortformen und Formensysteme},
	year = {2007},
  editor = {Hannes Scheutz},
  booktitle = {Drent und herent: Dialekte im salzburgisch-bayerischen Grenzgebiet}
}


@thesis{Mausser1915,
	address = {München},
	author = {Mausser, Otto},
	type = {Habilitation},
	title = {Die Apokope des mhd. -e im Altbayrischen mit besonderer Berücksichtigung der Mundart von Grafenau im bayr. Wald},
	year = {1915},
  school = {Ludwig-Maximilians-Universität München}
}


@book{Mayerthaler1981,
	address = {Wiesbaden},
	author = {Mayerthaler, Willi},
	number = {28},
	publisher = {Athenaion},
	series = {Linguistische Forschungen},
	title = {Morphologische {Natürlichkeit}},
	year = {1981}
}


@book{Meier-Brügger2010,
	address = {Berlin},
	author = {Meier-Brügger, Michael},
	publisher = {de Gruyter},
	sortname = {Meier-Brugger, Michael},
	title = {Indogermanische {Sprachwissenschaft}},
	year = {2010},
  edition = {9. durchgesehene und ergänzte Aufl.},
  note = {In Zusammenarbeit mit Matthias Fritz und Manfred Mayrhofer}
}


@incollection{Melcuk2000,
	address = {Berlin},
	author = {Mel’čuk, Igor},
	publisher = {de Gruyter},
	sortname = {Mel'cuk, Igor},
	title = {Suppletion},
	year = {2000},
  editor = {Geert Booij and Christian Lehmann and Joachim Mugdan},
  booktitle = {Morphologie/Morphology: Ein internationales Handbuch zur Flexion und Wortbildung, 1. Halbband},
  series = {Handbücher zur Sprach- und Kommunikationswissenschaft},
  number = {17.1},
  pages = {510--522},
}


@book{Merkle1984,
	address = {München},
	author = {Merkle, Ludwig},
	publisher = {Hugendubel},
	title = {Bairische {Grammatik}},
	year = {1984}
}


@book{Micko1930,
	address = {Reichenberg},
	author = {Micko, Heinrich},
	publisher = {Verlag der Anstalt für sudentendeutsche Heimatforschung},
	title = {Die {Mundart} von Wadetstift im Böhmerwald: 1. Lautlehre},
	year = {1930},
  series = {Beiträge zur Kenntnis sudetendeutscher Mundarten},
  number = {5},
}


@article{Micko1933,
	author = {Micko, Heinrich},
	journal = {Muttersdorfer Heimatkunde},
	pages = {1--58},
	title = {Die {Mundart} des Marktes Muttersdorf},
	volume = {10},
	year = {1933}
}


@book{Micko-Repp1933,
	address = {Reichenberg},
	author = {Micko-Repp, Helene},
	publisher = {Verlag der Anstalt für sudentendeutsche Heimatforschung},
	title = {Die {Mundart} von Wadetstift im Böhmerwald: 2. Formenlehre},
	year = {1933},
  series = {Beiträge zur Kenntnis sudetendeutscher Mundarten},
  number = {6},
}


@article{MoosmüllerBrandstätter2014,
	author = {Moosmüller, Sylvia and Julia Brandstätter},
	journal = {Language Sciences},
	pages = {84--95},
	sortname = {Moosmuller, Sylvia and Julia Brandstatter},
	title = {Phonotactic information in the temporal organization of {Standard} {Austrian} {German} and the {Viennese} dialect},
	volume = {46},
	year = {2014},
  langid = {english},
}


@incollection{MoosmüllerScheutz2018,
	address = {Tübingen},
	author = {Moosmüller, Sylvia and Hannes Scheutz},
	publisher = {Stauffenburg},
	sortname = {Moosmuller, Sylvia and Hannes Scheutz},
	title = {Lenis/Fortis -- komplementäre Länge -- Isochronie: {{D}}er (un)gelöste mittelbairische Kopplungsknoten},
	year = {2018},
  editor = {Kerstin Kazzazi and Karin Luttermann and Sabine Wahl and Thomas Fritz},
  booktitle = {Worte über Wörter: Festschrift zu Ehren von Elke Ronneberger-Sibold},
  series = {Stauffenburg Festschriften},
  pages = {339--359},
}


@article{Moulton1962,
	author = {Moulton, William G.},
	journal = {Word},
	pages = {23--32},
	title = {Dialect geography and the concept of phonological space},
	volume = {18},
	year = {1962},
  langid = {english}
}


@article{Moulton1968,
	author = {Moulton, William G.},
	journal = {Language},
	pages = {451--466},
	title = {Structural Dialectology},
	volume = {44},
	year = {1968},
  langid = {english}
}


@incollection{Moulton1971,
	address = {Bern},
	author = {Moulton, William G.},
	publisher = {Francke},
	title = {Der morphologische Umlaut im {Schweizerdeutschen}},
	year = {1971},
  editor = {Maria Bindschedler and Rudolf Hotzenköcherle and Werner Kohlschmidt},
  booktitle = {Festschrift für Paul Zinsli},
  pages = {15--25},
}


@incollection{Munske2015,
	address = {Berlin},
	author = {Munske, Horst Haider},
	publisher = {de Gruyter},
	title = {Der Bayerische {Sprachatlas} ({BSA})},
	year = {2015},
  editor = {Roland Kehrein and Alfred Lameli and Stefan Rabanus},
  booktitle = {Regionale Variation des Deutschen: Projekte und Perspektiven},
  pages = {1--27},
}


@incollection{Murray2010,
	address = {Berlin},
	author = {Murray, Robert W.},
	publisher = {de Gruyter Mouton},
	title = {Language and Space: {{T}}he neogrammarian tradition},
	year = {2010},
  editor = {Peter Auer and Jürgen Erich Schmidt},
  booktitle = {Language and space: {An} international handbook of linguistic variation},
  volume = {1: {Theories} and methods},
  series = {Handbücher zur Sprach- und Kommunikationswissenschaft},
  number = {30.1},
  pages = {70--87},
  langid = {english}
}


@incollection{Neef2000,
	address = {Berlin},
	author = {Neef, Martin},
	publisher = {de Gruyter Mouton},
	title = {Morphologische und syntaktische Konditionierung},
	year = {2000},
  editor = {Geert Booij and Christian Lehmann and Joachim Mugdan},
  booktitle = {Morphologie/Morphology: Ein internationales Handbuch zur Flexion und Wortbildung, 1. Halbband},
  series = {Handbücher zur Sprach- und Kommunikationswissenschaft},
  number = {17.1},
  pages = {473--484},
}


@book{Nesset2008,
	address = {Berlin},
	author = {Nesset, Tore},
	publisher = {de Gruyter},
	title = {Abstract phonology in a concrete model: {C}ognitive linguistics and the morphology-phonology interface},
	year = {2008},
  series = {Cognitive Linguistics Research},
  number = {40},
  langid = {english}
}


@incollection{Nickel2021,
	address = {Berlin},
	author = {Nickel, Grit},
	publisher = {de Gruyter},
	title = {Intra-individual variation in nominal inflection: {{A}}nalyses of directly elicited data of the {Bavarian} {Linguistic} {Atlas}},
	year = {2021},
  editor = {Alexander Werth and Lars Bülow and Simone E. Pfenninger and Markus Schiegg},
  booktitle = {Intra-individual variation in language},
  series = {Trends in Linguistics. Studies and Monographs},
  number = {363},
  pages = {177--205},
  langid = {english},
}


@incollection{NickelKürschner2019,
	address = {Hildesheim},
	author = {Nickel, Grit and Sebastian Kürschner},
	publisher = {Olms},
	sortname = {Nickel, Grit and Sebastian Kurschner},
	title = {Flexionsmorphologie des Substantivs im Ostfränkischen und Nordbairischen: Zur ,,Reaktivierung`` der Daten aus den Projekten des Bayerischen Sprachatlas für neue Fragestellungen},
	year = {2019},
  editor = {Sebastian Kürschner and Mechthild Habermann and Peter Otto Müller},
  booktitle = {Methodik moderner Dialektforschung: Erhebung, Aufbereitung und Auswertung von Daten am Beispiel des Oberdeutschen},
  series = {Germanistische Linguistik},
  number = {241--243},
  pages = {365--396},
}


@book{Niederlöhner1937,
	address = {Erlangen},
	author = {Niederlöhner, Wilhelm},
	publisher = {Palm \& Enke},
	sortname = {Niederlohner, Wilhelm},
	title = {{Untersuchungen} zur Sprachgeographie des Coburger Landes (Auf {Grund} des Vokalismus)},
	year = {1937}
}


@incollection{Nübling1999,
	address = {Hildesheim},
	author = {Nübling, Damaris},
	publisher = {Olms},
	sortname = {Nubling, Damaris},
	title = {Zur Funktionalität von Suppletion},
	year = {1999},
  editor = {Matthias Butt and Nanna Fuhrhop},
  booktitle = {Variation und Stabilität in der Wortstruktur: Untersuchungen zu Entwicklung, Erwerb und Varietäten des Deutschen und anderer Sprachen},
  series = {Germanistische Linguistik},
  number = {141--142},
  pages = {77--101},
}


@incollection{Nübling2004,
	address = {Tübingen},
	author = {Nübling, Damaris},
	publisher = {Narr},
	sortname = {Nubling, Damaris},
	title = {{Irregularisierung} -- Denaturalisierung? {{W}}ege zu morphologischer Irregularität},
	year = {2004},
  editor = {Gertraud Fenk-Oczlon and Christian Winkler},
  booktitle = {Sprache und Natürlichkeit: Gedenkband für Willi Mayerthaler},
  series = {Tübinger Beiträge zur Linguistik},
  number = {483},
  pages = {173--187},
}


@incollection{Nübling2005,
	address = {Stuttgart},
	author = {Nübling, Damaris},
	publisher = {Steiner},
	sortname = {Nubling, Damaris},
	title = {Forschungsperspektiven zur {Nominalmorphologie} deutscher {Dialekte}},
	year = {2005},
  editor = {Eckhard Eggers and Jürgen Erich Schmidt and Dieter Stellmacher},
  booktitle = {Moderne Dialekte -- Neue Dialektologie: Akten des 1. Kongresses der Internationalen Gesellschaft für Dialektologie des Deutschen (IGDD) am Forschungsinstitut für deutsche Sprache ,,Deutscher Sprachatlas`` der Philipps-Universität Marburg vom 5.--8. März 2003},
  series = {Zeitschrift für Dialektologie und Linguistik, Beihefte},
  number = {130},
  pages = {45--86},
}


@incollection{Nübling2006,
	address = {Heidelberg},
	author = {Nübling, Damaris},
	publisher = {Winter},
	sortname = {Nubling, Damaris},
	title = {Zur {Entstehung} und {Struktur} ungebändigter Allomorphie: {{P}}luralbildungsverfahren im Luxemburgischen},
	year = {2006},
  editor = {Claudine Moulin and Damaris Nübling},
  booktitle = {Perspektiven einer linguistischen Luxemburgistik: Studien zu Synchronie und Diachronie},
  pages = {107--128}
}


@article{Nübling2008,
	author = {Nübling, Damaris},
	journal = {Zeitschrift für Dialektologie und Linguistik},
	number = {3},
	pages = {282--330},
	sortname = {Nubling, Damaris},
	title = {Was tun mit Flexionsklassen? {{D}}eklinationsklassen und ihr {Wandel} im {Deutschen} und seinen {Dialekten}},
	volume = {75},
	year = {2008}
}


@incollection{Nübling2013,
	address = {Berlin},
	author = {Nübling, Damaris},
	publisher = {de Gruyter},
	sortname = {Nubling, Damaris},
	title = {Zwischen Konservierung, Eliminierung und Funktionalisierung: {{D}}er Umlaut in germanischen {Sprachen}},
	year = {2013},
  editor = {Jürg Fleischer and Horst J. Simon},
  booktitle = {Sprachwandelvergleich -- Comparing diachronies},
  series = {Linguistische Arbeiten},
  number = {550},
  pages = {15--42},
}


@incollection{Nübling2016,
	address = {Berlin},
	author = {Nübling, Damaris},
	publisher = {de Gruyter},
	sortname = {Nubling, Damaris},
	title = {Flexionsklassen als morphologischer Ballast? {{Z}}ur numerusprofilierenden {Funktion} von Deklinationsklassen und Genus im {Deutschen}},
	year = {2016},
  editor = {Andreas Bittner and Klaus-Michael Köpcke},
  booktitle = {Regularität und Irregularität in Phonologie und Morphologie: Diachron, kontrastiv, typologisch},
  series = {Lingua Historica Germanica},
  number = {13},
  pages = {153--176},
}


@incollection{Panzer1983,
	address = {Berlin},
	author = {Panzer, Baldur},
	publisher = {de Gruyter},
	title = {Formenneutralisierung in den Flexionssystemen deutscher {Dialekte}},
	year = {1983},
  editor = {Werner Besch and Ulrich Knoop and Wolfgang Putschke and Herbert Ernst Wiegand},
  booktitle = {Dialektologie: Ein Handbuch zur deutschen und allgemeinen Dialektforschung},
  volume = {2},
  series = {Handbücher zur Sprach- und Kommunikationswissenschaft},
  number = {1.2},
  pages = {1170--1173},
}


@book{Paul1968,
	address = {Tübingen},
	author = {Paul, Hermann},
	publisher = {Niemeyer},
	title = {{Deutsche} {Grammatik}},
  volume = {{II}, Teil {III}: {{F}}lexionslehre},
	year = {1968}
}


@book{Pavlov1995,
	address = {Frankfurt am Main},
	author = {Pavlov, Vladimir},
	publisher = {Peter Lang},
	title = {Die {Deklination} der Substantive im {Deutschen}: Synchronie und Diachronie},
	year = {1995}
}


@book{Pfalz1913,
	address = {Wien},
	author = {Pfalz, Anton},
	publisher = {Hölder},
	title = {{Deutsche} {Mundarten} {IV}: Die Mundart des Marchfeldes},
	year = {1913},
  series = {XXVII. Mitteilung der Phonogramm-Archivs-Kommission},
}


@incollection{Pfalz1936,
	address = {Leipzig},
	author = {Pfalz, Anton},
	publisher = {Reclam},
	title = {Zur Phonologie der bairisch-österreichischen {Mundart}},
	year = {1936},
  booktitle = {Lebendiges Erbe: Festschrift aus dem Kreise der Mitarbeiter an der Monumentalsammlung ,,Deutsche Literatur`` zum 60. Geburtstage ihres Verlegers Dr. Ernst Reclam},
  pages = {9--19},
  editor = {Heinz Kindermann},
}


@article{Pilch1972,
	author = {Pilch, Herbert},
	journal = {American Speech},
	number = {2},
	pages = {165--187},
	title = {Structural dialectology},
	volume = {47},
	year = {1972},
  langid = {english},
}


@book{Plank1981,
	address = {Tübingen},
	author = {Plank, Frans},
	publisher = {Narr},
	title = {Morphologische ({Ir}-)Regularitäten: Aspekte der Wortstrukturtheorie},
	year = {1981},
  series = {Studien zur deutschen Grammatik},
  number = {13},
}


@book{Rabanus2008,
	address = {Stuttgart},
	author = {Rabanus, Stefan},
	publisher = {Steiner},
	title = {Morphologisches Minimum: Distinktionen und Synkretismen im Minimalsatz hochdeutscher Dialekte},
	year = {2008},
  series = {Zeitschrift für Dialektologie und Linguistik, Beihefte},
  number = {134},
}


@incollection{Rabanus2010,
	address = {Berlin},
	author = {Rabanus, Stefan},
	publisher = {de Gruyter Mouton},
	title = {Areal Variation in Morphology},
	year = {2010},
  editor = {Peter Auer and Jürgen Erich Schmidt},
  booktitle = {Language and space: {An} international handbook of linguistic variation},
  volume = {1: {Theories} and methods},
  series = {Handbücher zur Sprach- und Kommunikationswissenschaft},
  number = {30.1},
  pages = {804--821},
  langid = {english}
}


@incollection{Rabanus2019,
	address = {Berlin},
	author = {Rabanus, Stefan},
	publisher = {de Gruyter Mouton},
	title = {{Vergleichende} {Aspekte} der deutschen Regionalsprachen: {{M}}orphologie},
	year = {2019},
  editor = {Peter Auer and Jürgen Erich Schmidt and Joachim Herrgen},
  booktitle = {Language and space: {An} international handbook of linguistic variation},
  volume = {4: Deutsch},
  series = {Handbücher zur Sprach- und Kommunikationswissenschaft},
  number = {30.4},
  pages = {617--634}
}


@book{Ramat1981,
	address = {Tübingen},
	author = {Ramat, Paolo},
	number = {95},
	publisher = {Niemeyer},
	series = {Linguistische Arbeiten},
	title = {{Einführung} in das Germanische},
	year = {1981}
}


@book{RennKönig2006,
	address = {München},
	author = {Renn, Manfred and Werner König},
	publisher = {DTV},
	sortname = {Renn, Manfred and Werner Konig},
	title = {Kleiner Bayerischer {Sprachatlas}},
	year = {2006}
}


@article{Ronneberger-Sibold1988,
	author = {Ronneberger-Sibold, Elke},
	journal = {Zeitschrift für Phonetik, Sprachwissenschaft und Kommunikationsforschung},
	pages = {453--462},
	title = {{Entstehung} von Suppletion und Natürliche Morphologie},
	volume = {41},
	year = {1988}
}


@incollection{Ronneberger-Sibold1990,
	address = {Bochum},
	author = {Ronneberger-Sibold, Elke},
	publisher = {Brockmeyer},
	title = {Zur Verselbständigung sprachlicher Einheiten: {{D}}er deutsche Umlaut},
	year = {1990},
  editor = {Norbert Boretzky and Werner Enninger and Thomas Stolz},
  booktitle = {Spielarten der Natürlichkeit -- Spielarten der Ökonomie: Beiträge zum 5. Essener Kolloquium über ,,Grammatikalisierung: Natürlichkeit und Systemökonomie`` vom 6.10.--8.10.1988 an der Universität Essen},
  volume = {2.2},
  series = {Bochum-Essener Beiträge zur Sprachwandelforschung},
  number = {8},
  pages = {185--205},
}


@incollection{Ronneberger-Sibold1994,
	address = {Tübingen},
	author = {Ronneberger-Sibold, Elke},
	publisher = {Niemeyer},
	title = {Konservative Nominalflexion und ,,klammerndes {Verfahren}`` im {Deutschen}},
	year = {1994},
  editor = {Klaus-Michael Köpcke},
  booktitle = {Funktionale Untersuchungen zur deutschen Nominal- und Verbalmorphologie},
  series = {Linguistische Arbeiten},
  number = {319},
  pages = {115--130},
}


@incollection{Ronneberger-Sibold2010,
	address = {Hildesheim},
	author = {Ronneberger-Sibold, Elke},
	publisher = {Olms},
	title = {Der Numerus -- das Genus -- die Klammer: Die Entstehung der deutschen Nominalklammer im innergermanischen Vergleich},
	year = {2010},
  editor = {Antje Dammel and Sebastian Kürschner and Damaris Nübling},
  booktitle = {Kontrastive Germanistische Linguistik, Teilband 2},
  series = {Germanistische Linguistik},
  number = {206/209},
  pages = {719--748},
}


@incollection{Ronneberger-Sibold2018,
	address = {Amsterdam},
	author = {Ronneberger-Sibold, Elke},
	publisher = {John Benjamins},
	title = {The history of the mixed inflection of {German} masculine and neuter nouns: {Sound} shapes, dialectal variation, typology},
	year = {2018},
  editor = {Antje Dammel and Matthias Eitelmann and Mirjam Schmuck},
  booktitle = {Reorganising grammatical variation: {D}iachronic studies in the retention, redistribution and refunctionalisation of linguistic variants},
  series = {Studies in Language Companion},
  number = {203},
  pages = {93--117},
  langid = {english}
}


@incollection{Ronneberger-Sibold2021,
	address = {Berlin},
	author = {Ronneberger-Sibold, Elke},
	publisher = {de Gruyter},
	title = {Wie dekliniert man der Truntáke in {Bayern}? {{S}}chemata und Prototypen in der {Deklination} von Kunstwörtern in verschiedenen deutschen Varietäten},
	year = {2021},
  editor = {Anja Binanzer and Jana Gamper and Verena Wecker},
  booktitle = {Prototypen, Schemata, Konstruktionen: Untersuchungen zur deutschen Morphologie und Syntax},
  series = {Germanistische Linguistik},
  number = {325},
  pages = {411--437},
}


@book{Roth1940,
	address = {Reichenberg},
	author = {Roth, Wilibald},
	publisher = {Sudetendeutscher Verlag Franz Kraus},
	title = {Die {Mundart} des engeren Egerlandes ({Lautlehre}): Mit 14 Karten},
	year = {1940},
  series = {Beiträge zur Kenntnis sudetendeutscher Mundarten},
  number = {9},
}


@incollection{Rowley1990a,
	address = {London},
	author = {Rowley, Anthony R.},
	publisher = {Routledge},
	title = {{East} {Franconian}},
	year = {1990},
  editor = {Charles V.J. Russ},
  booktitle = {The Dialects of {Modern} {German}: {A} Linguistic Survey},
  pages = {394--416},
  langid = {english},
}


@book{Rowley1990b,
	address = {London},
	author = {Rowley, Anthony R.},
	publisher = {Routledge},
	title = {{North Bavarian}},
	year = {1990},
  editor = {Charles V.J. Russ},
  booktitle = {The Dialects of {Modern} {German}: {A} Linguistic Survey},
  pages = {417--437},
  langid = {english},
}


@article{Rowley1994,
	author = {Rowley, Anthony R.},
	journal = {Zeitschrift für Dialektologie und Linguistik},
	number = {1},
	pages = {3--30},
	title = {Zur {Pluralbildung} in den deutschen {Dialekten}: \textit{-ach}-Plurale und verwandte {Erscheinungen} im {Oberdeutschen}},
	volume = {61},
	year = {1994}
}


@book{Rowley1997,
	address = {Stuttgart},
	author = {Rowley, Anthony R.},
	number = {93},
	publisher = {Steiner},
	series = {Zeitschrift für Dialektologie und Linguistik, Beihefte},
	title = {Morphologische Systeme der nordostbayerischen {Mundarten} in ihrer sprachgeographischen Verflechtung},
	year = {1997}
}


@incollection{Rowley2004,
	address = {Stuttgart},
	author = {Rowley, Anthony R.},
	publisher = {Steiner},
	title = {Das Leben ohne {Genitiv} und Präteritum: Oberdeutsche Morphologien im Vergleich},
	year = {2004},
  editor = {Elvira Glaser and Peter Ott and Rudolf Schwarzenbach},
  booktitle = {Alemannisch im Sprachvergleich: Beiträge zur 14. Arbeitstagung für alemannische Dialektologie in Männedorf (Zürich) vom 16.--18.9.2002},
  series = {Zeitschrift für Dialektologie und Linguistik, Beihefte},
  number = {129},
  pages = {443--362},
}


@incollection{Sasse1993,
	address = {Berlin},
	author = {Sasse, Hans-Jürgen},
	publisher = {Walter de Gruyter},
	sortname = {Sasse, Hans-Jurgen},
	title = {Syntactic categories and subcategories},
	year = {1993},
  editor = {Joachim Jacobs and Arnim von Stechow and Wolfgang Sternefeld and Theo Vennemann},
  booktitle = {Syntax: Ein internationales Handbuch zeitgenössischer Forschung},
  volume = {1},
  series = {Handbücher zur Sprach- und Kommunikationswissenschaft},
  number = {9.1},
  pages = {646--686},
}


@incollection{Sasse2015,
	address = {Berlin},
	author = {Sasse, Hans-Jürgen},
	publisher = {de Gruyter Mouton},
	sortname = {Sasse, Hans-Jurgen},
	title = {Syntactic categories and subcategories},
	year = {2015},
  editor = {Tibor Kiss and Artemis Alexiadou},
  booktitle = {Syntax -- {Theory} and analysis: {An} international handbook},
  volume = {1},
  series = {Handbücher zur Sprach- und Kommunikationswissenschaft},
  number = {42.1},
  pages = {158--217},
  langid = {english},
}


@book{Saussure1916,
	address = {Berlin},
	author = {{de Saussure}, Ferdinand},
	publisher = {de Gruyter},
	title = {Grundfragen der allgemeinen Sprachwissenschaft },
	year = {2001 [1916]},
  editor = {Bally, Charles and Sechehaye, Albert},
}




@book{SBS1,
	address = {Heidelberg},
	author = {{Sprachatlas von Bayerisch-Schwaben (SBS)}},
  shortauthor = {{SBS}},
	publisher = {Winter},
	title = {Sprachatlas von Bayerisch-Schwaben (Bayerischer Sprachatlas, Regionalteil 1)},
  volume = {1: Einführung},
	year = {1997},
  editor = {Werner König},
  note = {Herausgegeben und bearbeitet von Werner König},
  shorthand = {SBS 1},
  options = {indexing=false}
}



@book{SBS3,
	year = {1998},
  address = {Heidelberg},
	author = {{Sprachatlas von Bayerisch-Schwaben (SBS)}},
  shortauthor = {{SBS}},
	publisher = {Winter},
	title = {Sprachatlas von Bayerisch-Schwaben (Bayerischer Sprachatlas, Regionalteil 1)},
  volume = {3: Lautgeographie I. Quantität ehemaliger Kurzvokale},
  editor = {Werner König},
  note = {Bearbeitet von Manfred Renn},
  shorthand = {SBS 3},
  options = {indexing=false}
}


@book{SBS9.1,
	year = {2003},
  address = {Heidelberg},
	author = {{Sprachatlas von Bayerisch-Schwaben (SBS)}},
  shortauthor = {{SBS}},
	publisher = {Winter},
	title = {Sprachatlas von Bayerisch-Schwaben (Bayerischer Sprachatlas, Regionalteil 1)},
  volume = {9.1: Formengeographie {II}. Substantive, Artikel},
  editor = {Werner König},
  note = {Bearbeitet von Andrea Zeisberger},
  shorthand = {SBS 9.1},
  options = {indexing=false}
}


@incollection{SchallertDammel2019,
	address = {Amsterdam},
	author = {Schallert, Oliver and Antje Dammel},
	publisher = {John Benjamins},
	title = {Introduction: {On} the benefits of analyzing morphological variation by linking theory and empirical evidence},
	year = {2019},
  editor = {Antje Dammel and Oliver Schallert},
  booktitle = {Morphological variation: {Theoretical} and empirical perspectives},
  series = {Studies in Language Companion Series},
  number = {207},
  pages = {1--25},
  langid = {english},
}


@incollection{Scheutz1984,
	address = {Göppingen},
	author = {Scheutz, Hannes},
	publisher = {Kümmerle},
	title = {Quantität und Lenis/Fortis im {Mittelbairischen}},
	year = {1984},
  editor = {Peter Wiesinger},
  booktitle = {Beiträge zur Bairischen und Ostfränkischen Dialektologie: Ergebnisse der 2. Bayerisch-Österreichischen Dialektologentagung, Wien, 27. bis 30. Sept. 1983},
  series = {Göppinger Arbeiten zur Germanistik},
  number = {409},
  pages = {13--33},
}


@book{Scheutz1985,
	address = {Wien},
	author = {Scheutz, Hannes},
	publisher = {Braunmüller},
	title = {{Strukturen} der Lautveränderung: Variationslinguistische Studien zur Theorie und Empirie sprachlicher Wandlungsprozesse am Beispiel des Mittelbairischen von Ulrichsberg/Oberösterreich},
	year = {1985},
  series = {Schriften zur deutschen Sprache in Österreich},
  number = {10},
}


@incollection{Scheutz1988,
	address = {Göppingen},
	author = {Scheutz, Hannes},
	publisher = {Kümmerle},
	title = {Determinantien und Definitheitsarten im {Bairischen} und im Standarddeutschen},
	year = {1988},
  editor = {Peter K. Stein and Andreas Weiss and Gerold Hayer},
  booktitle = {Festschrift für Ingo Reiffenstein zum 60. Geburtstag},
  series = {Göppinger Arbeiten zur Germanistik},
  number = {478},
  pages = {231--258},
}


@book{Schiepek1908,
	address = {Prag},
	author = {Schiepek, Josef},
	publisher = {Verlag des Vereines für Geschichte der Deutschen in Böhmen},
	title = {Der Satzbau der Egerländer {Mundart}, Zweiter Teil},
  series = {{Beiträge} zur Kenntnis {Deutsch}-Böhmischer {Mundart}en},
	year = {1908}
}


@book{Schießl1909,
	address = {Passau},
	author = {Schießl, Johann},
	publisher = {Passavia},
	sortname = {Schiessl, Johann},
	title = {Die niederbayerische {Mundart} in der Gegend von Eichendorf, Teil 1},
  series = {Programm der K. Kreisoberrealschule in Passau 1908/09},
	year = {1909}
}


@book{Schießl1914,
	address = {Nürnberg},
	author = {Schießl, Johann},
	publisher = {Stich},
	sortname = {Schiessl, Johann},
	title = {Die niederbayerische {Mundart} in der Gegend von Eichendorf, Teil 2},
  series = {Beilage zum Jahresbericht der Kgl. Kreisrealschule I Nürnberg für das Schuljahr 1913/14},
	year = {1914}
}


@book{Schirmunski1962,
	address = {Berlin},
	author = {Schirmunski, Viktor Maksimowitsch},
	publisher = {Akademie-Verlag},
	sortname = {Schirmunski, Viktor Maksimowitsch},
	title = {{Deutsche} {Mundartkunde}: Vergleichende Laut- und Formenlehre der deutschen Mundarten},
	year = {1962}
}


@book{Schmeller1821,
	address = {München},
	author = {Schmeller, Johann Andreas},
	publisher = {Thienemann},
	title = {Die {Mundarten} Bayerns grammatisch dargestellt: Beygegeben ist eine Sammlung von Mundart-Proben, d.i. kleinen Erzählungen, Gesprächen, Sing-Stücken, figürlichen Redensarten u. dergl. in den verschiedenen Dialekten des Königreichs, nebst einem Kärtchen zur geographischen Übersicht dieser Dialekte},
	year = {1821}
}


@book{SchmellerFrommann1872-1877,
	address = {München},
	author = {Schmeller, Johann Andreas and Georg Carl Frommann},
	publisher = {Oldenbourg},
	title = {Bayerisches Wörterbuch. Sammlung von Wörtern und Ausdrücken, die in den lebenden Mundarten sowohl, als in der älteren und ältesten Provincial-Litteratur des Königreichs Bayern, besonders seiner ältern Lande, vorkommen, und in der heutigen allgemein-deutschen Schriftsprache entweder gar nicht, oder nicht in denselben Bedeutungen üblich sind},
	year = {1872--1877},
  edition = {Zweite, mit des Verfassers Nachträgen vermehrte Ausgabe},
  note = {Bearbeitet von G. Karl Frommann},
}


@incollection{SchmidtEtAl2019,
	address = {Berlin},
	author = {Schmidt, Jürgen Erich and Antje Dammel and Heiko Girnth and Alexandra Lenz},
	publisher = {de Gruyter Mouton},
	sortname = {Schmidt, Jurgen Erich and Antje Dammel and Heiko Girnth and Alexandra Lenz},
	title = {{Sprache} und {Raum} im {Deutschen}: {{A}}ktuelle {Entwicklungen} und Forschungsdesiderate},
	year = {2019},
  editor = {Peter Auer and Jürgen Erich Schmidt and Joachim Herrgen},
  booktitle = {Language and space: {An} international handbook of linguistic variation},
  volume = {4: Deutsch},
  series = {Handbücher zur Sprach- und Kommunikationswissenschaft},
  number = {30.4},
  pages = {28--60},
}


@book{SchmidtHerrgen2011,
	address = {Berlin},
	author = {Schmidt, Jürgen Erich and Joachim Herrgen},
	publisher = {Schmidt},
	sortname = {Schmidt, Jurgen Erich and Joachim Herrgen},
	title = {Sprachdynamik: Eine Einführung in die moderne Regionalsprachenforschung},
	year = {2011},
  series = {Grundlagen der Germanistik},
  number = {49},
}


@book{SchmidtEtAl2008ff,
  editor = {Schmidt, Jürgen Erich and Joachim Herrgen and Roland Kehrein},
  year = {2008ff.},
  title = {Regionalsprache.de (REDE): Forschungsplattform zu den modernen Regionalsprachen des Deutschen},
  note = {Bearbeitet von Dennis Bock, Brigitte Ganswindt, Heiko Girnth, Simon Kasper, Roland Kehrein, Alfred Lameli, Slawomir Messner, Christoph Purschke \& Anna Wolańska},
  address = {Marburg},
  publisher = {Forschungszentrum Deutscher Sprachatlas},
}

@article{Schmidt1905,
	author = {Schmidt, Otto},
	journal = {Zeitschrift für hochdeutsche Mundarten},
  volume = {6},
	title = {Zum Vokalstand der Bonnländer {Mundart}},
	year = {1905},
  pages = {319--361},
}


@book{Schmuck2014,
	address = {Heidelberg},
	author = {Schmuck, Johann},
	publisher = {Winter},
	title = {{Sprachatlas} von Nordostbayern: Einführung},
	year = {2014}
}


@book{Schnabel2000,
	address = {Heidelberg},
	author = {Schnabel, Michael},
	publisher = {Winter},
	title = {Der {Dialekt} von Weingarts: Eine phonologische und morphologische Untersuchung},
	year = {2000},
  series = {Schriften zum Bayerischen Sprachatlas},
  number = {2},
}


@incollection{Schrambke2010,
	address = {Berlin},
	author = {Schrambke, Renate},
	publisher = {de Gruyter Mouton},
	title = {Language and Space: {{T}}raditional dialect geography},
	year = {2010},
  editor = {Peter Auer and Jürgen Erich Schmidt},
  booktitle = {Language and space: {An} international handbook of linguistic variation},
  volume = {1: Theories and methods},
  series = {Handbücher zur Sprach- und Kommunikationswissenschaft},
  number = {30.1},
  pages = {87--107},
  langid = {english},
}


@book{Schübel1955,
	address = {Gießen},
	author = {Schübel, Georg},
	publisher = {Schmitz},
	sortname = {Schubel, Georg},
	title = {Die Ostfränkisch-{Bamberg}ische {Mundart} von Stadtsteinach im ehemaligen Fürstbistum {Bamberg}: Lautlehre und Beugungslehre},
	year = {1955}
}


@incollection{Schulze2016,
	address = {Berlin},
	author = {Schulze, Jan Henning},
	publisher = {de Gruyter},
	title = {Koartikulationskompensation und Irregularität: Der Optativ Präteritum der rückumlautenden Verben im Althochdeutschen},
	year = {2016},
  editor = {Andreas Bittner and Klaus-Michael Köpcke},
  booktitle = {Regularität und Irregularität in Phonologie und Morphologie: Diachron, kontrastiv, typologisch},
  series = {Lingua Historica Germanica},
  number = {13},
  pages = {115--125},
}


@incollection{Seebold1983,
	address = {Berlin},
	author = {Seebold, Elmar},
	publisher = {de Gruyter},
	title = {Diminutivformen in den deutschen {Dialekten}},
	year = {1983},
  editor = {Werner Besch and Ulrich Knoop and Wolfgang Putschke and Herbert Ernst Wiegand},
  booktitle = {Dialektologie: Ein Handbuch zur deutschen und allgemeinen Dialektforschung},
  volume = {2},
  series = {Handbücher zur Sprach- und Kommunikationswissenschaft},
  number = {1.2},
  pages = {1250--1255},
}


@incollection{Seidelmann2002,
	address = {Regensburg},
	author = {Seidelmann, Erich},
	publisher = {edition vulpes},
	title = {Kürzungs- und Dehnungstendenzen im {Mittelbairischen} und die Pfalzsche Regel},
	year = {2002},
  editor = {Alfred Wildfeuer and Ludwig Zehetner},
  booktitle = {Bairisch in Bayern, Österreich, Tschechien: Michael-Kollmer-Gedächntis-Symposium 2002},
  series = {Regensburger Dialektforum},
  number = {1},
  pages = {99--105},
}


@incollection{Seidelmann2013,
	address = {Regensburg},
	author = {Seidelmann, Erich},
	publisher = {edition vulpes},
	title = {Vokaldauer, Konsonantenschwächung und die Sprachrhythmik des {Mittelbairischen}},
	year = {2013},
  editor = {Rüdiger Harnisch},
  booktitle = {Strömungen in der Entwicklung der Dialekte und ihrer Erforschung: Beiträge zur 11. Bayerisch-Österreichischen Dialektologentagung in Passau September 2010},
  series = {Regensburger Dialektforum},
  number = {19},
  pages = {55--64},
}


@book{Seiler2003,
	address = {Stuttgart},
	author = {Seiler, Guido},
	number = {124},
	publisher = {Steiner},
	series = {Zeitschrift für Dialektologie und Linguistik, Beihefte},
	title = {Präpositionale {Dativmarkierung} im {Oberdeutschen}},
	year = {2003}
}


@article{Seiler2005,
	author = {Seiler, Guido},
	journal = {Interdisciplinary Journal for Germanic Linguistics and Semiotic Analysis},
	number = {1},
	pages = {103--129},
	title = {On the development of the {Bavarian} quantity system},
	volume = {10},
	year = {2005},
  langid = {english},
}


@incollection{Seiler2008,
	author = {Seiler, Guido},
	address = {Wien},
  publisher = {Praesens},
	pages = {181--197},
	title = {Nicht-konkatenative Morphologie: {{{E}}}ine Forschungsaufgabe für die {Dialektologie}},
	year = {2008},
  editor = {Franz Patocka and Guido Seiler},
  booktitle = {Dialektale Morphologie, dialektale Syntax: Beiträge zum 2. Kongress der Internationalen Gesellschaft für Dialektologie des Deutschen, Wien, 20.--23. September 2006},
}


@article{Seiler2009,
	author = {Seiler, Guido},
	journal = {Journal of Comparative German Linguistics},
	pages = {229--272},
	title = {Sound change or analogy? {{M}}onosyllabic lengthening in {German} and some of its consequences},
	volume = {12},
	year = {2009},
  langid = {english},
}


@incollection{Seiler2018,
	address = {Straßburg},
	author = {Seiler, Guido},
	publisher = {ELiPhi},
	title = {Synchrony and diachrony: {{T}}wo outdated dimensions?},
  editor = {Martin Glessgen and {Johannes} Kabatek and Harald Völker},
  booktitle = {Repenser la variation linguistique: {Actes} du {Colloque DIA IV à Zurich} (12--14 sept. 2016)},
	year = {2018},
  pages = {77--96},
  langid = {english},
}


@article{Shrier1965,
	author = {Shrier, Martha},
	journal = {Language},
	number = {3},
	pages = {420--438},
	title = {Case systems in {German} dialects},
	volume = {41},
	year = {1965},
  langid = {english},
}


@book{Sievers1976,
	address = {Hildesheim},
	author = {Sievers, Eduard},
	publisher = {Olms},
	title = {Grundzüge der Phonetik: Zur Einführung in das Studium der Lautlehre der indogermanischen Sprachen},
  edition = {Nachdruck der 5. Aufl.},
	year = {1976 [1901]},
  series = {Bibliothek indogermanischer Grammatiken},
  number = {1},
}


@book{SMF1,
	editor = {Horst Haider Munske and Alfred Klepsch},
  address = {Heidelberg},
	author = {{Sprachatlas von Mittelfranken (SMF)}},
  shortauthor = {{SMF}},
	publisher = {Winter},
	title = {Sprachatlas von Mittelfranken (Bayerischer Sprachatlas, Regionalteil 2)},
  volume = {1: Einführung},
	note = {Von Alfred Klepsch unter Mitarbeit von Sibylle Reichel, Steffen Arzberger, Thurid Heyse, Alexander Mang, Horst Haider Munske, Karin Rädle, Stefanie Rigoll, Gerhard Rost, Claudia Rudisch \& Cosima Schlichte},
	year = {2003},
  shorthand = {SMF 1},
  options = {indexing=false}
}


@book{SMF2.1,
	note = {Von Steffen Arzberger, Alfred Klepsch, Alexander Mang, Karin Rädle, Sibylle Reichel, Stefanie Rigoll, Gerhard Rost \& Claudia Rudisch},
  editor = {Horst Haider Munske and Alfred Klepsch},
  address = {Heidelberg},
	author = {{Sprachatlas von Mittelfranken (SMF)}},
  shortauthor = {{SMF}},
	publisher = {Winter},
	title = {Sprachatlas von Mittelfranken (Bayerischer Sprachatlas, Regionalteil 2)},
  volume = {2.1: {Mittelhochdeutsche} {Langvokale} und Diphthonge. Karten und Kommentare},
  year = {2004},
  shorthand = {SMF 2.1},
  options = {indexing=false}
}


@book{SMF3,
	note = {Von Karin Rädle},
  editor = {Horst Haider Munske and Alfred Klepsch},
  address = {Heidelberg},
  author = {{Sprachatlas von Mittelfranken (SMF)}},
  shortauthor = {{SMF}},
  publisher = {Winter},
  title = {Sprachatlas von Mittelfranken (Bayerischer Sprachatlas, Regionalteil 2)},
  volume = {3: {Mittelhochdeutsche} Kurzvokale},
  year = {2014},
  shorthand = {SMF 3},
  options = {indexing=false}
}


@book{SMF4,
	note = {Von Michaela Grüner \& Claudia Rudisch, unter Mitarbeit von Alfred Klepsch, Alexander Mang, Karin Rädle \& Sibylle Reichel},
  editor = {Horst Haider Munske and Alfred Klepsch},
  address = {Heidelberg},
  author = {{Sprachatlas von Mittelfranken (SMF)}},
  shortauthor = {{SMF}},
  publisher = {Winter},
  title = {Sprachatlas von Mittelfranken (Bayerischer Sprachatlas, Regionalteil 2)},
  volume = {4: {Mittelhochdeutsche} {Konsonanten}},
  year = {2007},
  shorthand = {SMF 4},
  options = {indexing=false}
}


@book{SMF7,
	note = {Von Thurid Heyse, Alfred Klepsch, Alexander Mang, Sybille Reichel \& Steffen Arzberger},
  editor = {Horst Haider Munske and Alfred Klepsch},
  address = {Heidelberg},
  author = {{Sprachatlas von Mittelfranken (SMF)}},
  shortauthor = {{SMF}},
  publisher = {Winter},
  title = {Sprachatlas von Mittelfranken (Bayerischer Sprachatlas, Regionalteil 2)},
  volume = {7: Morphologie und Syntax},
  year = {2007},
  shorthand = {SMF 7},
  options = {indexing=false}
}


@book{SNiB1,
	editor = {Hans-Werner Eroms},
  address = {Heidelberg},
	author = {{Sprachatlas von Niederbayern (SNiB)}},
  shortauthor = {{SNiB}},
	publisher = {Winter},
	title = {Sprachatlas von Niederbayern (Bayerischer Sprachatlas, Regionalteil 5)},
  volume = {1: {Einführung} mit Syntaxauswertung},
	note = {Bearbeitet von Hans-Werner Eroms, Birgit Röder \& Rosemarie Spannbauer-Pollmann},
	year = {2006},
  shorthand = {SNiB 1},
  options = {indexing=false}
}


@book{SNiB3,
	editor = {Hans-Werner Eroms},
  address = {Heidelberg},
	author = {{Sprachatlas von Niederbayern (SNiB)}},
  shortauthor = {{SNiB}},
	publisher = {Winter},
	title = {Sprachatlas von Niederbayern (Bayerischer Sprachatlas, Regionalteil 5)},
  volume = {3: Lautgeographie: Vokalismus},
	note = {Von Sabine Ritt-Stadler \& Rosemarie Spannbauer-Pollmann, unter Mitarbeit von Sigrid Graßl},
	year = {2010},
  shorthand = {SNiB 3},
  options = {indexing=false}
}


@book{SNiB4,
	editor = {Hans-Werner Eroms},
  address = {Heidelberg},
	author = {{Sprachatlas von Niederbayern (SNiB)}},
  shortauthor = {{SNiB}},
	publisher = {Winter},
	title = {Sprachatlas von Niederbayern (Bayerischer Sprachatlas, Regionalteil 5)},
  volume = {4: Lautgeographie: Konsonantismus},
	note = {Von Elfriede Holzer},
	year = {2005},
  shorthand = {SNiB 4},
  options = {indexing=false}
}


@book{SNiB7,
	editor = {Hans-Werner Eroms},
  address = {Heidelberg},
	author = {{Sprachatlas von Niederbayern (SNiB)}},
  shortauthor = {{SNiB}},
	publisher = {Winter},
	title = {Sprachatlas von Niederbayern (Bayerischer Sprachatlas, Regionalteil 5)},
  volume = {7: Formengeographie II: Nomen},
	note = {Von Gisela Meier},
	year = {2008},
  shorthand = {SNiB 7},
  options = {indexing=false}
}

@book{SNOB1,
	editor = {Robert Hinderling and Anthony R. Rowley and Franz Xaver Scheuerer},
  address = {Heidelberg},
	author = {{Sprachatlas von Nordostbayern (SNOB)}},
  shortauthor = {{SNOB}},
	publisher = {Winter},
	title = {Sprachatlas von Nordostbayern (Bayerischer Sprachatlas, Regionalteil 4)},
  volume = {1: Lautgeographie I: Vertretung der mittelhochdeutschen Kurzvokale},
	year = {2004},
  note = {Von Robert Hinderling, Jürgen Krappmann, Johann Schmuck \& Michael Schnabel},
  shorthand = {SNOB 1},
  options = {indexing=false}
}



@book{SOB4,
	editor = {Ludwig M. Eichinger},
  address = {Heidelberg},
	author = {{Sprachatlas von Oberbayern (SOB)}},
  shortauthor = {{SOB}},
	publisher = {Winter},
	title = {Sprachatlas von Oberbayern (Bayerischer Sprachatlas, Regionalteil 6)},
	year = {2008},
  volume = {4: Nominalmorphologie},
  note = {Von Tatjana Lau},
  shorthand = {SOB 4},
  options = {indexing=false}
}



@incollection{Solms2004,
	address = {Berlin},
	author = {Solms, Hans-Joachim},
	publisher = {de Gruyter},
	title = {Vom {Althochdeutschen} zum {Neuhochdeutschen}},
	year = {2004},
  editor = {Geert Booij and Christian Lehmann and Joachim Mugdan and Stavros Skopeteas},
  booktitle = {Morphologie: Ein internationales Handbuch zur Flexion und Wortbildung, Halbband 2},
  series = {Handbücher zur Sprach- und Kommunikationswissenschaft},
  number = {17.2},
  pages = {1680--1697},
}


@book{Sonderegger1979,
	address = {Berlin},
	author = {Sonderegger, Stefan},
	publisher = {de Gruyter},
	title = {{Grundzüge} deutscher {Sprachgeschichte}: Diachronie des Sprachsystems: Einführung, Genealogie, Konstanten},
	year = {1979}
}


@incollection{Sonderegger2000,
	address = {Berlin},
	author = {Sonderegger, Stefan},
	publisher = {de Gruyter},
	title = {Morphologie des {Althochdeutschen}},
	year = {2000},
  editor = {Werner Besch and Anne Betten and Oskar Reichmann and Stefan Sonderegger},
  booktitle = {Sprachgeschichte: Ein Handbuch zur Geschichte der deutschen Sprache und ihrer Erforschung},
  volume = {2},
  series = {Handbücher zur Sprach- und Kommunikationswissenschaft},
  number = {2.2},
  pages = {1171--1196},
}


@book{Steger1968,
	address = {Neustadt an der Aisch},
	author = {Steger, Hugo},
	number = {13},
	publisher = {Degener},
	series = {Schriften des Instituts für Fränkische Landesforschung an der Universität Erlangen-Nürnberg},
	title = {Sprachraumbildung und Landesgeschichte im östlichen {Franken}: {{D}}as Lautsystem der {Mundarten} im Ostteil {Franken}s und seine sprach- und landesgeschichtlichen {Grundlagen}},
	year = {1968}
}


@book{Steinbruckner1976,
	address = {Marburg},
	author = {Steinbruckner, Bruno Friedrich},
	number = {102},
	publisher = {Elwert},
	series = {Deutsche Dialektographie},
	title = {Dialektographie des oberen Mühlviertels},
	year = {1976}
}


@thesis{Steinhauser1965,
	address = {Erlangen},
	author = {Steinhauser, Walter},
	type = {Examensarbeit},
	title = {Mundartgeographie im Landkreis Burglengenfeld},
	year = {1965},
  school = {Friedrich-Alexander-Universität Erlangen-Nürnberg},
}


@book{Steininger1994,
	address = {Stuttgart},
	author = {Steininger, Reinhold},
	publisher = {Steiner},
	title = {{Beiträge} zu einer {Grammatik} des {Bairischen}: Auf der Grundlage von kommentierten Texten aus Oberneureutherwaid im unteren Bayerischen Wald},
	year = {1994},
  series = {Zeitschrift für Dialektologie und Linguistik, Beihefte},
  number = {85},
}


@book{Streck2012,
	address = {Stuttgart},
	author = {Streck, Tobias},
	publisher = {Steiner},
	title = {Phonologischer {Wandel} im Konsonantismus der alemannischen {Dialekte} Baden-Württembergs: Sprachatlasvergleich, Spontansprache und dialektometrische Studien},
	year = {2012},
  series = {Zeitschrift für Dialektologie und Linguistik, Beihefte},
  number = {148},
}


@incollection{StrobelWeiß2017,
	address = {Stuttgart},
	author = {Strobel, Thomas and Helmut Weiß},
	publisher = {Steiner},
	sortname = {Strobel, Thomas and Helmut Weiss},
	title = {Möglichkeiten der Reduplikation des Indefinitartikels im {Bairischen}},
	year = {2017},
  editor = {Alexandra N. Lenz and Ludwig Maximilian Breuer and Tim Kallenborn and Peter Ernst and Manfred Michael Glauninger and Franz Patocka},
  booktitle = {Bayerisch-österreichische Varietäten zu Beginn des 21. Jahrhunderts -- Dynamik, Struktur, Funktion: 12. Bayerisch-Österreichische Dialektologentagung},
  series = {Zeitschrift für Dialektologie und Linguistik, Beihefte},
  number = {167},
  pages = {71--88},
}


@book{SUF1,
	editor = {Sabine Krämer-Neubert and Norbert Richard Wolf},
  address = {Heidelberg},
	author = {{Sprachatlas von Unterfranken (SUF)}},
  shortauthor = {{SUF}},
  publisher = {Winter},
	title = {Sprachatlas von Unterfranken (Bayerischer Sprachatlas, Regionalteil 3)},
	year = {2006},
  volume = {1: Lautgeographie {{I}} (Kurzvokale) und Lautgeographie {II} ({Konsonanten}). Karten und Kommentare},
  note = {Von Almut König \& Monika Fritz-Scheuplein},
  shorthand = {SUF 1},
  options = {indexing=false}
}


@book{SUF2,
	editor = {Sabine Krämer-Neubert and Norbert Richard Wolf},
  address = {Heidelberg},
	author = {{Sprachatlas von Unterfranken (SUF)}},
  shortauthor = {{SUF}},
  publisher = {Winter},
	title = {Sprachatlas von Unterfranken (Bayerischer Sprachatlas, Regionalteil 3)},
	year = {2007},
  volume = {2: Lautgeographie {III} ({Langvokale}) und Lautgeographie {IV} (Diphthonge). Karten und Kommentare},
  note = {Von Sabine Krämer-Neubert \& Claudia Blidschun},
  shorthand = {SUF 2},
  options = {indexing=false}
}


@book{SUF3,
	editor = {Sabine Krämer-Neubert and Norbert Richard Wolf},
  address = {Heidelberg},
	author = {{Sprachatlas von Unterfranken (SUF)}},
  shortauthor = {{SUF}},
  publisher = {Winter},
	title = {Sprachatlas von Unterfranken (Bayerischer Sprachatlas, Regionalteil 3)},
	year = {2008},
  volume = {3: Formengeographie {{I}} (Substantive, Adjektive, Zahlwörter und Pronomen) und Formengeographie {II} (Verb). Karten und Kommentare},
  note = {Von Marion Bayer-Weghake, Elke Simon \& Oliver Herbst},
  shorthand = {SUF 3},
  options = {indexing=false}
}


@incollection{Szczepaniak2010,
	address = {Berlin},
	author = {Szczepaniak, Renata},
	publisher = {de Gruyter},
	title = {Wird die deutsche Nominalphrase wirklich analytischer? {{Z}}ur Herausbildung von Diskontinuität als synthetische Verdichtung},
	year = {2010},
  editor = {Dagmar Bittner and Livio Gaeta},
  booktitle = {Kodierungstechniken im Wandel: Das Zusammenspiel von Analytik und Synthese im Gegenwartsdeutschen},
  series = {Linguistik -- Impulse und Tendenzen},
  number = {34},
  pages = {123--136},
}


@article{Thieroff2003,
	author = {Thieroff, Rolf},
	journal = {Linguistik online},
	urldate = {2020-09-11},
	number = {4},
	title = {,,Die Bedienung des Automatens durch den Mensch.`` {Deklination} der schwachen Maskulina als Zweifelsfall},
	url = {https://www.linguistik-online.net/16_03/thieroff.html},
	volume = {16},
	year = {2003}
}


@article{Tiersma1982,
	author = {Tiersma, Peter Meijes},
	journal = {Language},
	pages = {832--849},
	title = {Local and general markedness},
	volume = {58},
	year = {1982}
}


@book{Trubetzkoy1977,
	address = {Göttingen},
	author = {Trubetzkoy, Nikolaj Sergeevič},
	publisher = {Vandenhoeck \& Ruprecht},
	sortname = {Trubetzkoy, Nikolaj Sergeevic},
	title = {{Grundzüge} der Phonologie},
  edition = {6},
	year = {1977}
}


@book{Trukenbrod1973,
	address = {Kulmbach},
	author = {Trukenbrod, Klaus},
	number = {32},
	publisher = {Freunde der Plassenburg},
	series = {Die Plassenburg},
	title = {{Dialektgeographie} des Obermainraumes und der nördlichen Fränkischen {Schweiz}},
	year = {1973}
}


@incollection{VerslootAdamczyk2018,
	address = {Amsterdam},
	author = {Versloot, Arjen P. and Elzbieta Adamczyk},
	publisher = {John Benjamins},
	title = {Plural inflection in {North} {Sea} {Germanic} languages: {A} multivariate analysis of morphological variation},
	year = {2018},
  editor = {Antje Dammel and Matthias Eitelmann and Mirjam Schmuck},
  booktitle = {Reorganising grammatical variation: {Diachronic} studies in the retention, redistribution and refunctionalisation of linguistic variants},
  series = {Studies in Language Companion Series},
  number = {203},
  pages = {17--55},
  langid = {english},
}


@incollection{deVogelaerSeiler2012,
	address = {Amsterdam},
	author = {{de Vogelaer}, Gunther and Guido Seiler},
	publisher = {John Benjamins},
	title = {The dialect laboratory: {Introductory} remarks},
	year = {2012},
  editor = {Gunther {de Vogelaer} and Guido Seiler},
  booktitle = {The dialect laboratory: {Dialects} as a testing ground for theories of language change},
  series = {Studies in Language Companion Series},
  number = {128},
  pages = {1--32},
  langid = {english},
}


@incollection{Vogt1930,
	address = {Selb},
	author = {Vogt, Ludwig},
	publisher = {Verlag des Evangelischen Gemeindeblattes Kirchenlamitz-Selb},
	title = {Die Selber {Mundart}},
	year = {1930},
  editor = {Hermann Bohrer},
  booktitle = {Selb: Eine Kirchen- und Heimatkunde},
  pages = {29--40},
}


@phdthesis{Wagner1964,
	address = {Erlangen},
	author = {Wagner, Eberhard},
	title = {Mundartgeographie des südlichen Bayreuther {Raumes} und seiner Nebenlandschaften, Mit 26 {Karten}},
	year = {1964},
  school = {Friedrich-Alexander-Universität Erlangen-Nürnberg},
}


@book{Wecker2016,
	address = {Berlin},
	author = {Wecker, Verena},
	publisher = {de Gruyter},
	title = {Strategien bei der {Pluralbildung} im {DaZ}-Erwerb: {E}ine Studie mit russisch- und türkischsprachigen Lernern},
	year = {2016},
  series = {DaZ-Forschung},
  number = {12},
}


@article{Wegener1999,
	author = {Wegener, Heide},
	journal = {Linguistik online},
	urldate = {2020-09-11},
	number = {3},
	title = {Die {Pluralbildung} im {Deutschen}: {E}in {Versuch} im Rahmen der Optimalitätstheorie},
	url = {https://www.linguistik-online.net/3_99/wegener.pdf},
	volume = {4},
	year = {1999}
}


@article{Wegener2003,
	author = {Wegener, Heide},
	journal = {Linguistik online},
	urldate = {2020-09-11},
	number = {4},
	title = {Normprobleme bei der {Pluralbildung} fremder und nativer Substantive},
	url = {https://www.linguistik-online.net/16_03/wegener.html},
	volume = {16},
	year = {2003}
}


@incollection{Wegener2005,
	address = {Berlin},
	author = {Wegener, Heide},
	publisher = {de Gruyter},
	title = {{Grammatikalisierung} und De-/Regrammatikalisierung der deutschen Pluralmarker},
	year = {2005},
  editor = {Torsten Leuschner and Tanja Mortelmans and Sarah de Groodt},
  booktitle = {Grammatikalisierung im Deutschen},
  series = {Linguistik -- Impulse \& Tendenzen},
  number = {9},
  pages = {85--103},
}


@incollection{WegeraSolms2000,
  author = {Wegera, Klaus-Peter and Hans-Joachim Solms},
  year = {2000},
  title = {Morphologie des Frühneuhochdeutschen},
  editor = {Werner Besch and Anne Betten and Oskar Reichmann and Stefan Sonderegger},
  booktitle = {Sprachgeschichte: Ein Handbuch zur Geschichte der deutschen Sprache und ihrer Erforschung},
  volume = {2},
  series = {Handbücher zur Sprach- und Kommunikationswissenschaft},
  number = {2.2},
  pages = {1542--1554},
  address = {Berlin},
  publisher = {de Gruyter},
}

@article{Weinreich1954,
	author = {Weinreich, Uriel},
	journal = {Word},
  title = {Is a structural dialectology possible?},
	pages = {388--400},
	volume = {10},
	year = {1954},
  langid = {english}
}


@incollection{WeißDirani2019,
	address = {Amsterdam},
	author = {Weiß, Helmut and Seyna Maria Dirani},
	publisher = {John Benjamins},
	sortname = {Weiss, Helmut and Seyna Maria Dirani},
	title = {Strong or weak? {{O}}r: {{H}}ow information structure governs morphosyntactic variation},
	year = {2019},
  editor = {Antje Dammel and Oliver Schallert},
  booktitle = {Morphological Variation: {Theoretical} and Empirical Perspectives},
  series = {Studies in Language Companion Series},
  number = {207},
  pages = {311--342},
  langid = {english}
}


@book{Weitzenböck1942,
	address = {Halle},
	author = {Weitzenböck, Georg},
	publisher = {Niemeyer},
	sortname = {Weitzenbock, Georg},
	title = {Die {Mundart} des Innviertels, besonders von Mühlheim: Lautkunde},
	year = {1942},
  series = {Zeitschrift für Mundartforschung, Beihefte},
  number = {17},
}


@misc{WA,
	author = {Wenker, Georg},
	address = {Marburg},
  note = {Publiziert als Digitaler Wenker-Atlas (DiWA)},
	title = {Sprachatlas des Deutschen Reichs: Handgezeichnetes Original von Emil Maurmann, Georg Wenker und Ferdinand Wrede},
	url = {www.regionalsprache.de},
	year = {1889--1923},
  shorthand = {WA}
}


@book{Werner1961,
	address = {Kallmünz},
	author = {Werner, Otmar},
	publisher = {Lassleben},
	title = {Die {Mundart} des Frankenwaldes: Eine lautgeographische Untersuchung},
	year = {1961},
  series = {Schriften des Instituts für Fränkische Landesforschung an der Universität Erlangen\slash Historische Reihe},
  number = {10},
}


@book{Werner1964,
	address = {Göttingen},
	author = {Werner, Otmar},
	publisher = {Vandenhoeck \& Ruprecht},
	title = {Friesen: Landkreis Kronach\slash Oberfranken},
	year = {1964}
}


@incollection{Werner1969,
	address = {Düsseldorf},
	author = {Werner, Otmar},
	publisher = {Schwann},
	title = {Das deutsche Pluralsystem: Strukturelle Diachronie},
	year = {1969},
  booktitle = {Sprache, Gegenwart und Geschichte: Jahrbuch 1968 des IDS},
  pages = {92--128},
  editor = {Hugo Moser},
}


@incollection{Werner1979,
	address = {Amsterdam},
	author = {Werner, Otmar},
	publisher = {John Benjamins},
	title = {{Kongruenz} wird zu Diskontinuität im {Deutschen}},
	year = {1979},
  editor = {Bela Brogyanyi},
  booktitle = {Studies in diachronic, synchronic, and typological linguistics: {Festschrift} for {Oswald Szemerényi} on the occasion of his 65th Birthday},
  volume = {2},
  series = {Current Issues in Linguistic Theory},
  number = {11},
  pages = {959--988},
  langid = {english}
}


@incollection{Werner1987,
	address = {Amsterdam},
	author = {Werner, Otmar},
	publisher = {John Benjamins},
	title = {The aim of morphological change is a good mixture -- not a uniform language type},
	year = {1987},
  editor = {Anna Giacalone Ramat and Onofrio Carruba and Giuliano Bernini},
  booktitle = {Papers from the 7th {International Conference on Historical Linguistics, Pavia, Italy}},
  series = {Amsterdam Studies in the Theory and History of Linguistic Science},
  number = {48},
  pages = {591--606},
  langid = {english},
}


@phdthesis{White1966,
	address = {Southampton},
	author = {White, Donald V.},
	title = {Die {Mundart} der Pfarrei Eisenhofen/Hirtlbach (Oberbayern): {{P}}honologie, Morphologie und Syntax},
	year = {1966},
  school = {University of Southampton},
}


@incollection{Wiese2000,
	address = {Tübingen},
	author = {Wiese, Bernd},
	publisher = {Niemeyer},
	title = {Warum Flexionsklassen? Über die deutsche Substantivdeklination},
	year = {2000},
  editor = {Rolf Thieroff and Matthias Tamrat and Nanna Fuhrhop and Oliver Teuber},
  booktitle = {Deutsche Grammatik in Theorie und Praxis},
  pages = {139--153},
}


@article{Wiese1987,
	author = {Wiese, Richard},
	journal = {Zeitschrift für Sprachwissenschaft},
	number = {2},
	pages = {227--248},
	title = {Phonologie und Morphologie des Umlauts im {Deutschen}},
	volume = {6},
	year = {1987}
}


@book{Wiese1996,
	address = {Oxford},
	author = {Wiese, Richard},
	publisher = {Oxford University Press},
	title = {The Phonology of {German}},
	year = {1996},
  langid = {english}
}


@article{Wiese2009,
	author = {Wiese, Richard},
	journal = {Journal of Comparative Germanic Linguistics},
	number = {2},
	pages = {137--173},
	title = {The grammar and typology of plural noun inflection in varieties of {German}},
	volume = {12},
	year = {2009},
  langid = {english}
}


@book{Wiesinger1970,
	address = {Berlin},
	author = {Wiesinger, Peter},
	number = {2/1},
	publisher = {de Gruyter},
	series = {Studia Linguistica Germanica},
	title = {Phonetisch-phonologische {Untersuchungen} zur Vokalentwicklung in den deutschen {Dialekten}: {{D}}ie {Langvokale} im Hochdeutschen},
	volume = {1},
	year = {1970}
}


@incollection{Wiesinger1983a,
  author = {Wiesinger, Peter},
  year = {1983},
  title = {Dehnung und Kürzung in den deutschen Dialekten},
  editor = {Werner Besch and Ulrich Knoop and Wolfgang Putschke and Herbert Ernst Wiegand},
  booktitle = {Dialektologie: Ein Handbuch zur deutschen und allgemeinen Dialektforschung},
  volume = {2},
  series = {Handbücher zur Sprach- und Kommunikationswissenschaft},
  number = {1.2},
  pages = {1088--1101},
  address = {Berlin},
  publisher = {de Gruyter},
}

@incollection{Wiesinger1983b,
  author = {Wiesinger, Peter},
  year = {1983},
  title = {Die Einteilung der deutschen Dialekte},
  editor = {Werner Besch and Ulrich Knoop and Wolfgang Putschke and Herbert Ernst Wiegand},
  booktitle = {Dialektologie: Ein Handbuch zur deutschen und allgemeinen Dialektforschung},
  volume = {2},
  series = {Handbücher zur Sprach- und Kommunikationswissenschaft},
  number = {1.2},
  pages = {807--900},
  address = {Berlin},
  publisher = {de Gruyter},
}

@incollection{Wiesinger1983c,
	author = {Wiesinger, Peter},
	title = {Hebung und Senkung in den deutschen {Dialekten}},
	year = {1983},
  editor = {Werner Besch and Ulrich Knoop and Wolfgang Putschke and Herbert Ernst Wiegand},
  booktitle = {Dialektologie: Ein Handbuch zur deutschen und allgemeinen Dialektforschung},
  volume = {2},
  series = {Handbücher zur Sprach- und Kommunikationswissenschaft},
  number = {1.2},
  pages = {1106--1110},
  address = {Berlin},
  publisher = {de Gruyter},
}


@incollection{Wiesinger1983d,
	author = {Wiesinger, Peter},
	title = {Phonologische Vokalsysteme deutscher {Dialekte}: Ein synchronischer und diachronischer Überblick},
	year = {1983},
  editor = {Werner Besch and Ulrich Knoop and Wolfgang Putschke and Herbert Ernst Wiegand},
  booktitle = {Dialektologie: Ein Handbuch zur deutschen und allgemeinen Dialektforschung},
  volume = {2},
  series = {Handbücher zur Sprach- und Kommunikationswissenschaft},
  number = {1.2},
  pages = {1042--1076},
  address = {Berlin},
  publisher = {de Gruyter},
}


@incollection{Wiesinger1983e,
	author = {Wiesinger, Peter},
	title = {Rundung und Entrundung, Palatalisierung und Entpalatalisierung, Velarisierung und Entvelarisierung in den deutschen {Dialekten}},
	year = {1983},
  editor = {Werner Besch and Ulrich Knoop and Wolfgang Putschke and Herbert Ernst Wiegand},
  booktitle = {Dialektologie: Ein Handbuch zur deutschen und allgemeinen Dialektforschung},
  volume = {2},
  series = {Handbücher zur Sprach- und Kommunikationswissenschaft},
  number = {1.2},
  pages = {1101--1105},
  address = {Berlin},
  publisher = {de Gruyter},
}


@incollection{Wiesinger1990,
	address = {London},
	author = {Wiesinger, Peter},
	publisher = {Routledge},
	title = {The {Central} and {Southern} {{Bavaria}n} Dialects in {Bavaria} and {Austria}},
	year = {1990},
  editor = {Charles V. J. Russ},
  booktitle = {The dialects of modern {German}: {A} Linguistic Survey},
  pages = {438--519},
  langid = {english},
}


@book{Wildfeuer2001,
	address = {Frankfurt am Main},
	author = {Wildfeuer, Alfred},
	publisher = {Peter Lang},
	title = {Der {Dialekt} im Kirchdorfer Land: Stand und Tendenzen eines zentralmittelbairischen Subdialekts},
	year = {2001},
  series = {Regensburger Beiträge zur deutschen Sprach- und Literaturwissenschaft},
  number = {76},
}


@incollection{Wildfeuer2004,
	address = {Linz},
	author = {Wildfeuer, Alfred},
	publisher = {Adalbert-Stifter-Institut des Landes Oberösterreich},
	title = {Tertiäre Monophthonge im {Bayerischen} {Wald}},
	year = {2004},
  editor = {Stephan Gaisbauer and Hermann Scheuringer},
  booktitle = {Linzerschnitten: Beiträge zur 8. Bayerisch-österreichischen Dialektologentagung, zugleich 3. Arbeitstagung zu Sprache und Dialekt in Oberösterreich, in Linz, September 2001},
  series = {Schriften zur Literatur und Sprache in Oberösterreich},
  number = {8},
  pages = {135--140},
}


@phdthesis{Wittmann1943,
	address = {München},
	author = {Wittmann, Stephan},
	title = {Die {Mundart} von München und Umgebung},
	year = {1943},
  school = {Ludwig-Maximilians-Universität München},
}


@article{Wrede1908,
	author = {Wrede, Ferdinand},
	journal = {Deutsche Dialektgeographie},
	pages = {73--132},
	title = {Die Diminutiva im {Deutschen}},
	volume = {1},
	year = {1908}
}


@incollection{Wurzel1982,
	address = {Berlin},
	author = {Wurzel, Wolfgang Ullrich},
	publisher = {Akademie der Wissenschaften der DDR},
	title = {{Probleme} der Morphonologie},
	year = {1982},
	editor = {Wolfgang Ulrich},
	booktitle = {Wurzel: Phonologie -- Morphonologie -- Morphologie},
	series = {Linguistische Studien, Reihe A, Arbeitsberichte},
	number = {93},
	pages = {49--85},
}


@book{Wurzel1984,
	address = {Berlin},
	author = {Wurzel, Wolfgang Ullrich},
	number = {21},
	publisher = {Akademie-Verlag},
	series = {Studia Grammatica},
	title = {Flexionsmorphologie und {Natürlichkeit}: {{{E}}}in {Beitrag} zur morphologischen {Theoriebildung}},
	year = {1984}
}


@article{Wurzel1986,
	author = {Wurzel, Wolfgang Ullrich},
	journal = {Zeitschrift für Phonetik, Sprachwissenschaft und Kommunikationsforschung},
	number = {1},
	pages = {76--96},
	title = {Die wiederholte {Klassifikation} von Substantiven: Zur Entstehung von Deklinationsklassen},
	volume = {39},
	year = {1986}
}


@incollection{Wurzel1990,
	address = {Bochum},
	author = {Wurzel, Wolfgang Ullrich},
	publisher = {Brockmeyer},
	title = {Morphologisierung -- Komplexität -- {Natürlichkeit}: {{{E}}}in {Beitrag} zur Begriffsklärung},
	year = {1990},
  editor = {Norbert Boretzky and Werner Enninger and Thomas Stolz},
  booktitle = {Spielarten der Natürlichkeit -- Spielarten der Ökonomie: Beiträge zum 5. Essener Kolloquium über ,,Grammatikalisierung: Natürlichkeit und Systemökonomie`` vom 6.10.--8.10.1988 an der Universität Essen},
  volume = {2.1},
  series = {Bochum-Essener Beiträge zur Sprachwandelforschung},
  number = {8},
  pages = {129--153},
}


@book{Wurzel1994,
	address = {Bochum},
	author = {Wurzel, Wolfgang Ullrich},
	publisher = {Brockmeyer},
	title = {Grammatisch initiierter {Wandel}},
	year = {1994},
  series = {Sprachdynamik: Auf dem Weg zu einer Typologie sprachlichen Wandels},
  number = {1},
}


@incollection{Wurzel2000,
	address = {Berlin},
	author = {Wurzel, Wolfgang Ullrich},
	publisher = {de Gruyter},
	title = {Der Gegenstand der Morphologie},
	year = {2000},
  editor = {Geert Booij and Christian Lehmann and Joachim Mugdan},
  booktitle = {Morphologie/Morphology: Ein internationales Handbuch zur Flexion und Wortbildung, 1. Halbband},
  series = {Handbücher zur Sprach- und Kommunikationswissenschaft},
  number = {17.1},
  pages = {1171--1196},
}


@book{Zehetner1978,
	address = {Marburg},
	author = {Zehetner, Ludwig},
	publisher = {Elwert},
	title = {Die {Mundart} der Hallertau: Systematische Darstellung der Phonologie (diachronisch) und Dialektgeographie eines Gebietes im nördlichen Randbereich des Mittelbairischen},
	year = {1978},
  series = {Deutsche Dialektographie},
  number = {105},
}


@article{Zehetner1983,
	author = {Zehetner, Ludwig},
	journal = {Zeitschrift für Dialektologie und Linguistik},
	number = {3},
	pages = {311--334},
	title = {Zur mittelbairischen Flexionsmorphologie: 1. Dentalverschlußsuffix in der 1. Pers. Sg. Ind. Präs. 2. Numerusflexion mittels Silbenschnittwechsels},
	volume = {50},
	year = {1983}
}


@book{Zehetner1985,
	address = {München},
	author = {Zehetner, Ludwig},
	publisher = {Beck},
	title = {Das bairische {Dialektbuch}},
	year = {1985}
}


@phdthesis{Zimmermann2006,
	address = {Würzburg},
	author = {Zimmermann, Ralf},
	url = {https://opus.bibliothek.uni-wuerzburg.de/opus4-wuerzburg/frontdoor/deliver/index/docId/1938/file/WespA1.pdf},
  urldate = {2018-04-23},
	title = {{BAYDAT}: Die bayerische Dialektdatenbank},
  series = {Würzburger elektronische sprachwissenschaftliche Arbeiten [WespA]},
  number = {1},
	year = {2006},
  school = {Julius-Maximilians-Universität Würzburg},
}


@book{Aronoff1994,
	address = {Cambridge, MA},
	author = {Aronoff, Mark},
	publisher = {The MIT Press},
	title = {Morphology by itself: {Stems} and inflectional classes},
	year = {1994},
	series = {Linguistic Inquiry Monographs},
	number = {22},
	langid = {english},
}

@book{Enger1998,
	address = {Oslo},
	author = {Enger, Hans-Olav},
	publisher = {Universitetsforlaget},
	title = {The classification of strong verbs in {Norwegian} with special reference to the {Oslo} dialect: {A} study in inflectional morphology},
	year = {1998},
	series = {Acta Humaniora},
	number = {26},
	langid = {english},
}

@incollection{DammelKürschner2018,
	address = {Amsterdam},
	author = {Dammel, Antje and Sebastian Kürschner},
	publisher = {John Benjamins},
	sortname = {Dammel, Antje and Sebastian Kurschner},
	title = {The diachrony of inflectional classes in four {Germanic} languages: {What} happens after transparency is lost},
	year = {2018},
	editor = {William B. McGregor and Søren Wichmann},
	booktitle = {The Diachrony of Classification Systems},
	series = {Current Issues in Linguistic Theory},
	number = {342},
	pages = {283--314},
	langid = {english}
}

@book{Kalau1984,
	address = {Erlangen},
	author = {Kalau, Gisela},
	publisher = {Palm \& Enke},
	title = {Die Morphologie der Nürnberger {Mundart}: Eine kontrastive und fehleranalytische Untersuchung},
	year = {1984},
	series = {Erlanger Studien},
	number = {52},
}

@book{Haas1988,
	address = {Hildesheim},
	author = {Haas, Walter},
	number = {95},
	publisher = {Olms},
	series = {Germanistische Linguistik},
	title = {Zur Morphologie der {Mundart} von Ebsdorf im Landkreis Marburg-Biedenkopf},
	year = {1988}
}
