@InCollection{Silverman1990,
  author    = {Silverman, Kim E. A.},
  booktitle = {Papers in {L}aboratory {P}honology {I}: {B}etween the grammar and physics of speech},
  title     = {The separation of prosodies; Comments on {K}ohler’s paper},
  doi       = {10.1017/cbo9780511627736.008},
  pages     = {521--602},
  publisher = {Cambridge University Press},
  address   = {Cambridge},
  year      = {1990},
  editor    = {John Kingston and Mary E. Beckman}
}



@BOOK{Circov1900,
  author = {Ćircov, Boban},
  sortname={Circov},
  year = {1957},
  title = {Test book},
  address = {The Hague},
  publisher = {Mouton} 
}

@InBook{Fletcher2010,
  author    = {Fletcher, Janet},
  booktitle = {The handbook of phonetic sciences},
  title     = {The prosody of speech: {T}iming and rhythm},
  doi       = {10.1002/9781444317251.ch15},
  editor    = {William J. Hardcastle and John Laver and Fiona E. Gibbon},
  pages     = {521--602},
  publisher = {Wiley},
  address   = {Chichester},
  ids       = {f10},
  year      = {2010},
}

 

@Article{Cohen1963,
  author  = {Paul J. Cohen},
  title   = {The independence of the continuum hypothesis},
  doi     = {10.1142/9789812564894_0001},
  number  = {6},
  pages   = {1143--1148},
  volume  = {50},
  journal = {Proceedings of the {National Academy of Sciences USA}},
  year    = {1963},
}


@InCollection{Vaissiere83,
  author    = {Jacqueline Vaissière},
  booktitle = {Prosody: {M}odels and measurements},
  title     = {Language-independent prosodic features},
  doi       = {10.1007/978-3-642-69103-4_5},
  editor    = {Anne Cutler and D. Robert Ladd},
  pages     = {53--66},
  publisher = {Springer},
  address   = {Berlin},
  ids       = {Vaissiere1983},
  year      = {1983},
}




@incollection{TurkEtal2006,
    author      = {Turk, Alice E. and Nakai, Satsuki and Sugahara, Mariko},
    editor      = {Sudhoff, Stefan and Lenertová, Denisa and Meyer, Roland and Pappert, Sandra and Augurzky, Petra and Mleinek, Ina and Richter, Nicole and Schließer, Johannes},
    address     = {Berlin},
    publisher   = {Mouton de Gruyter},
    title       = {Acoustic Segment Durations in Prosodic Research: {A} Practical Guide},
    booktitle   = {Methods in Empirical Prosody Research},
    pages       = {1--28},
    year        = {2006},
    ids         = {tns06,tns06, turk_acoustic_2006,turk_acoustic_2006},
    doi         = {10.1515/9783110914641.1}
}




@Article{TurkShattuck-Hufnagel2007,
  author  = {Alice E. Turk and Stefanie Shattuck-Hufnagel},
  title   = {Multiple targets of phrase-final lengthening in {A}merican {E}nglish words},
  doi     = {10.1016/j.wocn.2006.12.001},
  number  = {4},
  pages   = {445--472},
  volume  = {35},
  ids     = {ts07},
  journal = {Journal of Phonetics},
  year    = {2007},
}



@incollection{PetersEtal2005,
  author = {Benno Peters and Klaus J. Kohler and Thomas Wesener},
  editor = {Klaus J. Kohler and Felicitas Kleber and Benno Peters},
  publisher = {Arbeitsberichte ({AIPUK})},
  address = {Kiel},
  title = {Phonetische {M}erkmale prosodischer {P}hrasierung in deutscher {S}pontansprache},
  booktitle = {Prosodic Structures in {G}erman Spontaneous Speech},
  pages = {143--184},
  year = {2005},
  ids  = {peters_phonetische_2005,Peters2005PhonetMerk},
  url  = {https://www.ipds.uni-kiel.de/kjk/pub_exx/aipuk35a/aipuk35a_6.pdf},
}








@Article{Truckenbrodt2002,
  author  = {Hubert Truckenbrodt},
  title   = {Upstep and embedded register levels},
  doi     = {10.1017/s095267570200427x},
  pages   = {77--120},
  volume  = {19},
  journal = {Phonology},
  year    = {2002},
}

@article{Truckenbrodt2005,
  title={A short report on intonation phrase boundaries in {G}erman},
  author={Hubert Truckenbrodt},
  year={2005},
    month = {01},
    pages = {273-296},
    volume = {203},
    journal = {Linguistische {B}erichte}
}



@InCollection{Truckenbrodt2006,
  author    = {Hubert Truckenbrodt},
  booktitle = {The encyclopedia of languages and linguistics},
  title     = {Phrasal Stress},
  doi       = {10.1016/b0-08-044854-2/04447-3},
  editor    = {Keith Brown},
  pages     = {572--579},
  publisher = {Elsevier},
  volume    = {9},
  address   = {Oxford},
  year      = {2006},
}

@InCollection{Truckenbrodt2007,
  author    = {Hubert Truckenbrodt},
  booktitle = {Tones and tunes: {E}xperimental studies in word and sentence prosody},
  title     = {Upstep on edge tones and on nuclear accents},
  doi       = {10.1515/9783110207576.2.349},
  editor    = {Carlos Gussenhoven and Tomas Riad},
  pages     = {349--386},
  publisher = {Mouton de Gruyter},
  address   = {Berlin},
  ids       = {Truckenbrodt2007b},
  year      = {2007},
}



@Article{PetroneEtal2017,
  author  = {Caterina Petrone and Hubert Truckenbrodt and Caroline Wellmann and Julia Holzgrefe-Lang and Isabell Wartenburger and Barbara Höhle},
  title   = {Prosodic boundary cues in {G}erman: {E}vidence from the production and perception of bracketed lists},
  doi     = {10.1016/j.wocn.2017.01.002},
  pages   = {71--92},
  volume  = {61},
  ids     = {Petrone2017,petrone_prosodic_2017,petroneEtAl2017},
  journal = {Journal of Phonetics},
  year    = {2017},
}


@Inproceedings{SchuboeZerbian2020,
  author    = {Fabian Schubö and Sabine Zerbian},
  booktitle = {Proceeding of {S}peech {P}rosody},
  title     = {Phonetic content and phonological structure affect pre-boundary lengthening in {G}erman},
  doi       = {10.21437/speechprosody.2020-23},
  pages     = {111--115},
  year      = {2020},
}

@Inproceedings{SeoEtal2019,
  author    = {Jungyun Seo and Sahyang Kim and Haruo Kubozono and Taehong Cho},
  booktitle = {Proceedings of the 19th {ICPhS}},
  title     = {Interaction between rhythmic structure and preboundary lengthening in {J}apanese},
  pages     = {637--641},
  year      = {2019},
  url       = {https://www.assta.org/proceedings/ICPhS2019/papers/ICPhS_686.pdf},
}


@Article{WightmanEtal,
  author  = {Colin W. Wightman and Stefanie Shattuck-Hufnagel and Mari Ostendorf and Patti J. Price},
  title   = {Segmental durations in the vicinity of prosodic phrase boundaries},
  doi     = {10.1121/1.402450},
  number  = {3},
  pages   = {1707–-1717},
  volume  = {91},
  ids     = {wsop92,Wightman1992},
  journal = {The Journal of the Acoustical Society of America},
  year    = {1992},
}



@Book{NesporVogel1986,
  author    = {Marina Nespor and Irene Vogel},
  title     = {Prosodic phonology},
  doi       = {10.1515/9783110977790},
  publisher = {Foris Publications},
  address   = {Dordrecht},
  ids       = {nv86,Nespor1986,nespor_prosodic_1986},
  year      = {1986},
}


@Article{Krivokapic2007,
  author  = {Jelena Krivokapić},
  title   = {Prosodic planning: {E}ffects of phrasal length and complexity on pause duration},
  doi     = {10.1016/j.wocn.2006.04.001},
  pages   = {162--179},
  volume  = {35},
  journal = {Journal of Phonetics},
  year    = {2007},
}

@Article{HothornEtal2008,
  author       = {Torsten Hothorn and Frank Bretz and Peter Westfall},
  date         = {2008-06},
  journaltitle = {Biometrical Journal},
  title        = {Simultaneous Inference in General Parametric Models},
  doi          = {10.1002/bimj.200810425},
  issue        = {3},
  number       = {3},
  pages        = {346--363},
  volume       = {50},
  journal      = {Biometrical Journal},
  publisher    = {Wiley},
  year         = {2008},
}

@Article{BatesEtal2015,
  author  = {Douglas Bates and Martin Mächler and Ben Bolker and Steve Walker},
  title   = {Fitting Linear Mixed-effects Models Using lme4},
  doi     = {10.18637/jss.v067.i01},
  pages   = {1--48},
  volume  = {67},
  ids     = {bates_fitting_2015,batesEtAl2015},
  journal = {Journal of Statistical Software},
  year    = {2015},
}



@Inproceedings{BaumannEtal2007,
  author    = {Stefan Baumann and Johannes Becker and Martine Grice and Doris Mücke},
  booktitle = {Proceedings of the 16th {ICPhS}},
  title     = {Tonal and articulatory marking of focus in {G}erman},
  pages     = {1029--1032},
  year      = {2007},
  url       = {http://www.icphs2007.de/conference/Papers/1378/1378.pdf},
}

@Article{Berkovits1993a,
  author  = {Rochele Berkovits},
  title   = {Progressive Utterance-Final Lengthening in Syllables with Final Fricatives},
  doi     = {10.1177/002383099303600105},
  pages   = {89--98},
  volume  = {36(1)},
  journal = {Language and Speech},
  year    = {1993},
}

@Article{Berkovits1993b,
  author  = {Rochele Berkovits},
  title   = {Utterance-final lengthening and the duration of final-stop closures},
  doi     = {10.1016/S0095-4470(19)30231-1},
  pages   = {479-489},
  volume  = {21},
  journal = {Journal of Phonetics},
  year    = {1993},
}

@Article{Berkovits1994,
  author  = {Rochele Berkovits},
  title   = {Durational effects in final lengthening, gapping and contrastive stress},
  doi     = {10.1177/002383099403700302},
  issue   = {3},
  pages   = {237-250},
  volume  = {37},
  ids     = {b94,berkovits1994},
  journal = {Language and Speech},
  year    = {1994},
}



@misc{BoersmaWeenink2019,
    author  = {Paul Boersma and David Weenink},
    year    = {2019},
    title   = {Praat: {D}oing phonetics by computer},
    url     = {http://www.praat.org/},
    ids = {bw11,Boersma2010,boersma_praat:_2017,boersmaWeenink2019},
}




@Article{ByrdSaltzman2003,
  author  = {Dani Byrd and Elliot Saltzman},
  title   = {The elastic phrase: {M}odelling the dynamics of boundary-adjacent lengthening},
  doi     = {10.1016/s0095-4470(02)00085-2},
  pages   = {149--180},
  volume  = {31},
  journal = {Journal of Phonetics},
  year    = {2003},
}

@Article{ByrdEtal2006,
  author  = {Dani Byrd and Jelena Krivokapić and Sungbok Lee},
  title   = {How far, how long: {O}n the temporal scope of prosodic boundary effects},
  doi     = {10.1121/1.2217135},
  pages   = {1589--1599},
  volume  = {120},
  ids     = {b},
  journal = {The Journal of the Acoustical Society of America},
  year    = {2006},
}






@Article{ByrdEtal2005,
  author  = {Dani Byrd and Sungbok Lee and Daylen Riggs and Jason Adams},
  title   = {Interacting effects of syllable and phrase position on consonant articulation},
  doi     = {10.1121/1.2130950},
  pages   = {3360--3873},
  volume  = {118},
  journal = {The Journal of the Acoustical Society of America},
  year    = {2005},
}

@Article{ByrdRiggs2008,
  author       = {Dani Byrd and Daylen Riggs},
  date         = {2008-07},
  title        = {Locality interactions with prominence in determining the scope of phrasal lengthening},
  doi          = {10.1017/s0025100308003460},
  number       = {2},
  pages        = {187--202},
  volume       = {38},
  ids          = {br08},
  journal      = {Journal of the International Phonetic Association},
  publisher    = {Cambridge University Press ({CUP})},
  year         = {2008},
}



@InCollection{Cambier-Langeveld1997,
  author    = {Tina Cambier-Langeveld},
  booktitle = {Linguistics in the {N}etherlands},
  title     = {The domain of final lengthening in the production of {D}utch},
  doi       = {10.1075/avt.14.04cam},
  editor    = {Jane A. Coerts and Helen de Hoop},
  pages     = {13--24},
  publisher = {Benjamins},
  address   = {Amsterdam},
  ids       = {c97},
  year      = {1997},
}



    
@Article{ChoEtal2013,
  author  = {Taehong Cho and Jiseung Kim and Sahyang Kim},
  title   = {Preboundary lengthening and preaccentual shortening across syllables in a trisyllabic word in {E}nglish},
  doi     = {10.1121/1.4800179},
  pages   = {384--390},
  volume  = {133},
  ids     = {ckk13},
  journal = {The Journal of the Acoustical Society of America},
  year    = {2013},
}



@BOOK{Delattre1965,
    author      = {Pierre Delattre},
    year        = {1965},
    title       = {Comparing the phonetic features of {E}nglish, {F}rench, {G}erman and {S}panish: {A}n interim report},
    address     = {Heidelberg},
    publisher   = {Julius Groos}
}

@InCollection{DogilWilliams1999,
  author    = {Grzegorz Dogil and Briony Williams},
  booktitle = {Word Prosodic Systems in the Languages of {E}urope},
  title     = {The phonetic manifestation of word stress},
  doi       = {10.1515/9783110197082.1.273},
  editor    = {Harry van der Hulst},
  pages     = {273--334},
  publisher = {Mouton de Gruyter},
  address   = {Berlin},
  year      = {1999},
}

@Article{FeryKuegler2008,
  author  = {Caroline Féry and Frank Kügler},
  title   = {Pitch accent scaling on given, new and focused constituents in {G}erman},
  doi     = {10.1016/j.wocn.2008.05.001},
  issue   = {4},
  pages   = {680--703},
  volume  = {36},
  journal = {Journal of Phonetics},
  year    = {2008},
}

@InCollection{GoldsteinEtal2006,
  author    = {Louis Goldstein and Dani Byrd and Elliot Saltzman},
  booktitle = {Action to Language via the Mirror Neuron System},
  title     = {The role of vocal tract gestural action units in understanding the evolution of phonology},
  doi       = {10.1017/cbo9780511541599.008},
  editor    = {Michael A. Arbib},
  pages     = {215--249},
  publisher = {Cambridge University Press},
  address   = {Cambridge},
  year      = {2006},
}

@InCollection{GriceEtal2005,
  author    = {Martine Grice and Stefan Baumann and Ralf Benzmüller},
  booktitle = {Prosodic Typology: {T}he Phonology of Intonation and Phrasing},
  title     = {German Intonation in Autosegmental-Metrical Phonology},
  doi       =   {10.1093/acprof:oso/9780199249633.003.0003},
  editor    = {Jun, Sun-Ah},
  pages     = {55--83},
  publisher = {Oxford University Press},
  address   = {Oxford},
  ids       = {grice_german_2005},
  year      = {2005},
}




@Book{Hall1992,
  author    = {Tracy Alan Hall},
  title     = {Syllable Structure and Syllable-Related Processes in {G}erman},
  doi       = {10.1515/9783111657882},
  publisher = {Niemeyer},
  address   = {Tübingen},
  year      = {1992},
}

@Book{Wiese1996,
  author    = {Richard Wiese},
  title     = {The phonology of {G}erman},
  publisher = {Clarendon Press},
  address   = {Oxford},
  year      = {1996},
}

@inProceedings{HofhuisEtal1995,
    author      = {Elise Hofhuis and Carlos Gussenhoven and Toni Rietveld},
    title       = {Final lengthening at prosodic boundaries in {D}utch},
    booktitle   = {Proceedings of the 13th {ICPhS}},
    year        = 1995,
    pages       = {14--19},
    url         = {http://hdl.handle.net/2066/105391},
}

@Book{Jones1950,
  author    = {Daniel Jones},
  title     = {The Phoneme: {I}ts Nature and Use},
  doi       = {10.2307/410108},
  publisher = {Heffer},
  address   = {Cambridge},
  year      = {1950},
}

@Article{Katsika2016,
  author  = {Argyro Katsika},
  title   = {The role of prominence in determining the scope of boundary-related lengthening in {G}reek},
  doi     = {10.1016/j.wocn.2015.12.003},
  pages   = {149-181},
  volume  = {55},
  ids     = {k16},
  journal = {Journal of Phonetics},
  year    = {2016},
}




@Article{BrowmanGoldstein1992,
  author  = {Catherine P. Browman and Louis Goldstein},
  title   = {Articulatory phonology: {A}n overview},
  doi     = {10.1159/000261913},
  issue   = {3-4},
  pages   = {155--180},
  volume  = {49},
  journal = {Phonetica},
  year    = {1992},
}

@Article{KatsikaEtal2014,
  author  = {Argyro Katsika and Jelena Krivokapić and Christine Mooshammer and Mark Tiede and Louis Goldstein},
  title   = {The coordination of boundary tones and their interaction with prominence},
  doi     = {10.1016/j.wocn.2014.03.003},
  pages   = {62--82},
  volume  = {44},
  journal = {Journal of Phonetics},
  year    = {2014},
}

@Article{KentnerFery2013,
  author  = {Gerrit Kentner and Caroline Féry},
  title   = {A new approach to prosodic grouping},
  doi     = {10.1515/tlr-2013-0009},
  issue   = {2},
  pages   = {277--311},
  volume  = {30},
  ids     = {kentner_new_2013},
  journal = {The Linguistic Review},
  year    = {2013},
}




@phdthesis{White2002,
  author       = {Laurence White}, 
  title        = {English speech timing: {A} domain and locus approach},
  school       = {University of Edinburgh},
  year         = {2002},
  ids          = {w02},
  url          = {https://www.cstr.ed.ac.uk/projects/eustace/fulltext/front.pdf},
}







@phdthesis{Wagner2005,
  author       = {Michael Wagner}, 
  title        = {Prosody and recursion},
  school       = {Massachusetts Institute of
Technology},
  year         = 2005,
  ids	=	{wagner_prosody_2005},
  url = {https://dspace.mit.edu/handle/1721.1/33713},
}




@phdthesis{Cambier-Langeveld2000,
  author       = {Tina Cambier-Langeveld}, 
  title        = {Temporal marking of accents and boundaries},
  school       = {University of Amsterdam},
  year         = {2000},
  url           = {https://hdl.handle.net/11245/1.172937},
}

@Article{Klatt1975,
  author  = {Dennis H. Klatt},
  title   = {Vowel lengthening is syntactically determined in a connected discourse},
  doi     = {10.1016/s0095-4470(19)31360-9},
  pages   = {129--140},
  volume  = {3},
  journal = {Journal of Phonetics},
  year    = {1975},
}

@Article{Klatt1976,
  author  = {Dennis H. Klatt},
  title   = {Linguistic uses of segmental duration in {E}nglish: {A}coustic and perceptual evidence},
  doi     = {10.1121/1.380986},
  issue   = {5},
  pages   = {1208--1220},
  volume  = {59},
  journal = {The Journal of the Acoustical Society of America},
  year    = {1976},
}

@Article{Krivokapic2014,
  author  = {Jelena Krivokapić},
  title   = {Gestural coordination at prosodic boundaries and its role for prosodic structure and speech planning processes. {C}ommunicative rhythms in brain and behaviour},
  doi     = {10.1098/rstb.2013.0397},
  pages   = {20130397},
  volume  = {369},
  journal = {Philosophical Transactions of the Royal Society B: Biological Sciences},
  year    = {2014},
}

@inProceedings{Krull1997,
    author      = {Diana Krull},
    editor      = {Ilse Lehiste and Jaan Ross},
    title       = {Prepausal lengthening in {E}stonian: {E}vidence from conversational speech},
    booktitle   = {Estonian Prosody: {P}apers from a symposium},
    year        = {1997},
    pages       = {136-148},
    ids         = {k97}
}


@Article{NakaiEtal2009,
  author  = {Satsuki Nakai and Sari Kunnari and Alice E. Turk and Kari Suomi and Riikka Ylitalo},
  title   = {Utterance-final lengthening and quantity in {N}orthern {F}innish},
  doi     = {10.1016/j.wocn.2008.08.002},
  pages   = {29--45},
  volume  = {37},
  ids     = {Nakai2009},
  journal = {Journal of Phonetics},
  year    = {2009},
}

@incollection{Peters2005,
    author  = {Benno Peters},
    editor  = {Klaus J. Kohler and Felicitas Kleber and Benno Peters},
    title   = {Weiterführende Untersuchungen zu prosodischen Grenzen in deutscher Spontansprache},
    booktitle   = {Prosodic structures in {G}erman spontaneous speech},
    langid={german},
    year        = {2005},
    pages       = {203--345},
    publisher   = {Arbeitsberichte ({AIPUK})},
    address     =  {Kiel},
    url         = {https://www.ipds.uni-kiel.de/kjk/pub_exx/aipuk35a/aipuk35a_8.pdf},
    ids         = {Peters2005a},
}


@Article{Peters2018,
  author  = {Jörg Peters},
  title   = {Phonological and semantic aspects of {G}erman intonation},
  doi     = {10.13092/lo.88.4191},
  pages   = {88--107},
  journal = {Linguistik online 88},
  year    = {2018},
}

@book{RCoreTeam2019,
    title = {R: {A} Language and Environment for Statistical Computing},
    author = {{R Core Team}},
    publisher = {R Foundation for Statistical Computing},
    address = {Vienna},
    year = {2018},
    url = {https://www.R-project.org/},
    ids = {r_development_core_team_r:_2018,rWare}
}


@Inproceedings{SaltzmanEtal2008,
    author      = {Elliot Saltzman and Hosing Nam and Jelena Krivokapić and Louis Goldstein},
    title       = {A task-dynamic toolkit for modelling the effects of prosodic structure on articulation},
    booktitle   = {Proceedings of {S}peech {P}rosody},
    year        = {2008},
    pages       = {175--184},
    url         = {https://www.isca-speech.org/archive/pdfs/speechprosody_2008/saltzman08_speechprosody.pdf},
}

@Article{SchuboeEtal2015,
  author  = {Fabian Schubö and Anna Roth and Viviana Haase and Caroline Féry},
  title   = {Experimental investigations on the prosodic realization of restrictive and appositive relative clauses in {G}erman},
  doi     = {10.1016/j.lingua.2014.11.006},
  pages   = {65--86},
  volume  = {154},
  journal = {Lingua},
  year    = {2015},
}

@Article{SchuboeEtal2021,
  author  = {Fabian Schubö and Ian Bekker and Rigardt Pretorius and Valecia Wagner and Sabine Zerbian},
  title   = {An exploration into Penultimate and Final Lengthening in {T}swana ({Southern Bantu})},
  doi     = {10.5842/62-0-891},
  pages   = {17-37},
  volume  = {62},
  journal = {Stellenbosch Papers in Linguistics Plus},
  year    = {2021},
}

@Article{SnedekerTrueswell2003,
  author  = {Jesse Snedeker and John Trueswell},
  title   = {Using prosody to avoid ambiguity: {E}ffects of speaker awareness and referential context},
  doi     = {10.1016/s0749-596x(02)00519-3},
  pages   = {103-130},
  volume  = {48},
  ids     = {snedeker_using_2003},
  journal = {Journal of Memory and Language},
  year    = {2003},
}





@InCollection{Selkirk1984,
  author    = {Elisabeth Selkirk},
  booktitle = {Language Sound Structure: {S}tudies in Phonology},
  title     = {On the Major Class Features and Syllable Theory},
  editor    = {Mark Aronoff and Richard T. Oehrle},
  pages     = {107--136},
  publisher = {MIT Press},
  address   = {Cambridge, MA},
  year      = {1984},
 }

    
@Book{s84,
  author    = {Selkirk, Elisabeth},
  title     = {Prosody and syntax: {T}he relation between sound and structure},
  publisher = {MIT Press},
  address   = {Cambridge, MA},
  year      = {1984},
}

@Article{aw17,
  author    = {Abramson, Arthur S. and Whalen, Douglas H.},
  title     = {Voice Onset Time ({VOT}) at 50: {T}heoretical and practical issues in measuring voicing distinctions},
  doi       = {10.1016/j.wocn.2017.05.002},
  pages     = {75--86},
  volume    = {63},
  journal   = {Journal of Phonetics},
  publisher = {Elsevier},
  year      = {2017},
}


@Article{rsh01,
  author    = {Redi, Laura and Shattuck-Hufnagel, Stefanie},
  title     = {Variation in the realization of glottalization in normal speakers},
  doi       = {10.1006/jpho.2001.0145},
  number    = {4},
  pages     = {407--429},
  volume    = {29},
  journal   = {Journal of Phonetics},
  publisher = {Elsevier},
  year      = {2001},
}




@Article{Ahn18,
  author  = {Ahn, Suzy},
  title   = {The role of tongue position in laryngeal contrasts: {A}n ultrasound study of {English} and {Brazilian} {Portuguese}},
  doi     = {10.1016/j.wocn.2018.10.003},
  pages   = {451-467},
  volume  = {71},
  journal = {Journal of Phonetics},
  year    = {2018},
}

@incollection{aspks08,
  author       = {Mariane Antero Alves and Izabel Christine Seara and Fernando Santana Pacheco and Simone Klein and Rui Seara},
  booktitle    = {Computational Processing of the {Portuguese} Language ({PROPOR} 2008)},
  title        = {On the voiceless aspirated stops in {Brazilian} {Portuguese}},
  doi          = {10.1007/978-3-540-85980-2_31},
  publisher = {Springer},
  pages        = {248--251},
  year         = {2008},
}




@Article{Avelino18,
  author  = {Avelino, Heriberto},
  title   = {Mexico {City} {Spanish}},
  doi     = {10.1017/S0025100316000232},
  number  = {2},
  pages   = {223-230},
  volume  = {48},
  journal = {Journal of the International Phonetic Association},
  year    = {2018},
}

@inproceedings{b01,
author = {Barnes, Jonathan A.},
title = {Domain-initial strengthening and the phonetics and phonology of positional neutralization},
booktitle = {Proceedings of the {Northeast Linguistic Society} {(NELS)}},
year = {2001},
pages = {1-20},
}

@book{b06,
author = {Barnes, Jonathan A.},
title = {Strength and Weakness at the Interface: {P}ositional Neutralization in Phonetics and Phonology},
year = {2006},
address = {Berlin/NewYork},
publisher = {Mouton de Gruyter},
doi= {10.1515/9783110197617
}
}

@Article{bjr13,
  author  = {Beckman, Jill and Jessen, Michael and Ringen, Catherine},
  title   = {Empirical evidence for laryngeal features: {A}spirating vs. true voice languages},
  doi     = {10.1017/s0022226712000424},
  number  = {2},
  pages   = {259-284},
  volume  = {49},
  journal = {Journal of Linguistics},
  year    = {2013},
}

@Book{b86,
  author    = {Beckman, Mary E.},
  title     = {Stress and Non-stress Accent},
  doi       = {10.1515/9783110874020},
  publisher = {Foris Publications},
  address   = {Dordrecht},
  year      = {1986},
}

@Article{b96,
  author  = {Beckman, Mary E.},
  title   = {The parsing of prosody},
  doi     = {10.1080/016909696387213},
  pages   = {17-67},
  volume  = {11},
  journal = {Language and Cognitive Processes},
  year    = {1996},
}

@InCollection{be94,
  author    = {Beckman, Mary E. and Edwards, Jan},
  booktitle = {Papers in {L}aboratory {P}honology {III}: {P}honological structure and phonetic form},
  title     = {Articulatory evidence for differentiating stress categories},
  pages     = {7-33},
  publisher = {Cambridge University Press},
  address   = {Cambridge},
  year      = {1994},
  doi       ={10.1017/CBO9780511659461.002},
}

@Article{bp86,
  author  = {Beckman, Mary E. and Pierrehumbert, Janet B.},
  title   = {Intonational structure in {Japanese} and {English}},
  doi     = {10.1017/s095267570000066x},
  pages   = {255-309},
  volume  = {3},
  journal = {Phonology Yearbook},
  year    = {1986},
}

@Article{bdjl92,
  author  = {Beckman, Mary E. and de Jong, Kenneth J. and Jun, Sun-Ah and Lee, Sook-Hyang},
  title   = {The Interaction of Coarticulation and Prosody in Sound Change},
  doi     = {10.1177/002383099203500205},
  number  = {1},
  pages   = {45-58},
  volume  = {35},
  journal = {Language and Speech},
  year    = {1992},
}

@InCollection{bhs05,
  author    = {Beckman, Mary E. and Hirschberg, Julia B. and Shattuck-Hufnagel, Stefanie},
  booktitle = {Prosodic typology: {T}he phonology of intonation and phrasing},
  title     = {The original {ToBI} system and the evolution of the {ToBI} framework},
  doi       = {10.1093/acprof:oso/9780199249633.003.0002},
  editor    = {Sun-Ah Jun},
  pages     = {9-54},
  publisher = {Oxford University Press},
  address   = {Oxford},
  year      = {2005},
}

@Article{bdmm02,
  author  = {Beckman, Mary E. and Diaz-Campos, Manuel and Tevis McGory, Julia and Morgan, Terrell},
  title   = {Intonation across {Spanish} in the {Tones} and {Break} {Indices} framework},
  doi     = {10.1515/prbs.2002.008},
  number  = {1},
  pages   = {9-36},
  volume  = {14},
  journal = {Probus},
  year    = {2002},
}

@Article{bbggj09,
  author  = {Bell, Alan and Brenier, Jason M. and Gregory, Michelle and Girand, Cynthia and Jurafsky, Dan},
  title   = {Predictability effects on durations of content and function words in conversational {English}},
  doi     = {10.1016/j.jml.2008.06.003},
  number  = {1},
  pages   = {92-111},
  volume  = {60},
  journal = {Journal of Memory and Language},
  year    = {2009},
}

@Article{Be,
  author  = {Beňuš, Štefan and Šimko, Juraj},
  title   = {Emergence of prosodic boundary: {C}ontinuous effects of temporal affordance on inter-gestural timing},
  doi     = {10.1016/j.wocn.2013.12.005},
  pages   = {110-129},
  volume  = {44},
  journal = {Journal of Phonetics},
  year    = {2014},
}



@inproceedings{bbptg21,
  author    = {Bodur, Kübra and Branje-Canioni, Sweeney and Peirolo, Morgane and Tiscareno, Ingrid and German, James},
  booktitle = {Proceedings of {InterSpeech}},
  title     = {Domain-Initial Strengthening in {Turkish}: {A}coustic Cues to Prosodic Hierarchy in Stop Consonants},
  doi       = {10.21437/interspeech.2021-2230},
  pages     = {1459-1463},
  year      = {2021},
}


@Article{bmhk10,
  author  = {Bombien, Lasse and Mooshammer, Christine and Hoole, Phil and Kühnert, Barbara},
  title   = {Prosodic and segmental effects on {EPG} contact patterns of word-initial {G}erman clusters},
  doi     = {10.1016/j.wocn.2010.03.003},
  number  = {3},
  pages   = {388-403},
  volume  = {38},
  journal = {Journal of Phonetics},
  year    = {2010},
}



@InCollection{b16,
  author    = {Büring, Daniel},
  booktitle = {Intonation and Meaning},
  title     = {Prosodic Structure},
  doi       = {10.1093/acprof:oso/9780199226269.003.0006},
  pages     = {133-162},
  publisher = {Oxford University Press},
  address   = {Oxford},
  year      = {2016},
}

@Article{b00,
  author  = {Byrd, Dani},
  title   = {Articulatory vowel lengthening and coordination at phrasal junctures},
  doi     = {10.1159/000028456},
  number  = {1},
  pages   = {3-16},
  volume  = {57},
  journal = {Phonetica},
  year    = {2000},
}





@Book{c72,
  author    = {Joaquim Mattoso {Câmara JR}},
  title     = {The {Portuguese} language},
 %%% doi       = {10.2307/325075},
  publisher = {University of Chicago Press},
  address   = {Chicago},
  year      = {1972},
}



@phdthesis{c13,
author = {Cantoni, Maria Mendes},
title = {O acento no português brasileiro: uma abordagem experimental [{Accent} in {Brazilian} {Portuguese}: {A}n experimental approach]},
year = {2013},
url = {http://hdl.handle.net/1843/LETR-96NLVH},
location = {Belo Horizonte, Brazil},
school = {Universidade Federal de Minas Gerais},
}


@book{u00,
author = {{Carnegie Mellon Speech Group}},
title = {The CMU Pronunciation Dictionary},
year = {2000},
url = {http://www.speech.cs.cmu.edu},
}

@Article{c98,
  author  = {Cho, Taehong},
  title   = {Acoustic correlates of articulatory prosodic strengthening in {Korean}},
  doi     = {10.1121/1.424131},
  number  = {3},
  pages   = {1779-1779},
  volume  = {104},
  journal = {The Journal of the Acoustical Society of America},
  year    = {1998},
}

@Article{c04,
  author  = {Cho, Taehong},
  title   = {Prosodically conditioned strengthening and vowel-to-vowel coarticulation in {English}},
  doi     = {10.1016/s0095-4470(03)00043-3},
  number  = {2},
  pages   = {141-176},
  volume  = {32},
  journal = {Journal of Phonetics},
  year    = {2004},
}

@Article{c05,
  author       = {Cho, Taehong},
  date         = {2005-06},
  journaltitle = {The Journal of the Acoustical Society of America},
  title        = {Prosodic strengthening and featural enhancement: {E}vidence from acoustic and articulatory realizations of /ɑ,i/ in {E}nglish},
  doi          = {10.1121/1.1861893},
  number       = {6},
  pages        = {3867-3878},
  volume       = {117},
  journal      = {The Journal of the Acoustical Society of America},
  publisher    = {Acoustical Society of America ({ASA})},
  year         = {2005},
}

@InCollection{c11,
  author    = {Cho, Taehong},
  booktitle = {The {C}ontinuum {C}ompanion to Phonology},
  editor    = {Nancy C. Kula and Bert Botma and Kuniya Nasukawa},
  title     = {Laboratory phonology},
  pages     = {343-368},
  publisher = {Continuum},
  address   = {London},
  year      = {2011},
}

@InCollection{c15,
  author    = {Cho, Taehong},
  booktitle = {The handbook of speech production},
  title     = {Language effects on timing at the segmental and suprasegmental levels},
  doi       = {10.1002/9781118584156.ch22},
  editor    = {Melissa A. Redford},
  isbn      = {9781118584156},
  pages     = {505-559},
  publisher = {Wiley-Blackwell},
  address   = {Chichester},
  year      = {2015},
}

@Article{c16,
  author  = {Cho, Taehong},
  title   = {Prosodic boundary strengthening in the phonetics--prosody interface},
  doi     = {10.1111/lnc3.12178},
  number  = {3},
  pages   = {120-141},
  volume  = {10},
  journal = {Language and Linguistics Compass},
  year    = {2016},
}

@article{cj00,
author = {Cho, Taehong and Jun, Sun-Ah},
title = {Domain-initial strengthening as featural enhancement: {A}erodynamic evidence from {Korean}},
journal = {Chicago Linguistics Society},
year = {2000},
volume = {36},
pages = {31-44},
}

@Article{ck01,
  author  = {Cho, Taehong and Keating, Patricia A.},
  title   = {Articulatory and acoustic studies on domain-initial strengthening in {Korean}},
  doi     = {10.1006/jpho.2001.0131},
  number  = {2},
  pages   = {155-190},
  volume  = {29},
  journal = {Journal of Phonetics},
  year    = {2001},
}

@Article{ck09,
  author  = {Cho, Taehong and Keating, Patricia A.},
  title   = {Effects of initial position versus prominence in {English}},
  doi     = {10.1016/j.wocn.2009.08.001},
  number  = {4},
  pages   = {466-485},
  volume  = {37},
  journal = {Journal of Phonetics},
  year    = {2009},
}

@Article{cl99,
  author  = {Cho, Taehong and Ladefoged, Peter},
  title   = {Variation and universals in {VOT}: {E}vidence from 18 languages},
  doi     = {10.1006/jpho.1999.0094},
  pages   = {207-229},
  volume  = {27},
  journal = {Journal of Phonetics},
  year    = {1999},
}

@Article{cm05,
  author  = {Cho, Taehong and McQueen, James M.},
  title   = {Prosodic influences on consonant production in {Dutch}: {E}ffects of prosodic boundaries, phrasal accent and lexical stress},
  doi     = {10.1016/j.wocn.2005.01.001},
  number  = {2},
  pages   = {121-157},
  volume  = {33},
  journal = {Journal of Phonetics},
  year    = {2005},
}

@Article{ckk17,
  author  = {Cho, Taehong and Kim, Daejin and Kim, Sahyang},
  title   = {Prosodically-conditioned fine-tuning of coarticulatory vowel nasalization in {English}},
  doi     = {10.1016/j.wocn.2016.12.003},
  pages   = {71-89},
  volume  = {64},
  journal = {Journal of Phonetics},
  year    = {2017},
}



@Article{clk14,
  author  = {Cho, Taehong and Lee, Yoonjeong and Kim, Sahyang},
  title   = {Prosodic strengthening on the/s/-stop cluster and the phonetic implementation of an allophonic rule in {English}},
  doi     = {10.1016/j.wocn.2014.06.003},
  pages   = {128-146},
  volume  = {46},
  journal = {Journal of Phonetics},
  year    = {2014},
}

@Article{cmc07,
  author  = {Cho, Taehong and McQueen, James M. and Cox, Ethan A.},
  title   = {Prosodically driven phonetic detail in speech processing: {T}he case of domain-initial strengthening in {English}},
  doi     = {10.1016/j.wocn.2006.03.003},
  number  = {2},
  pages   = {210-243},
  volume  = {35},
  journal = {Journal of Phonetics},
  year    = {2007},
}

@Article{cwd19,
  author       = {Taehong Cho and Douglas H. Whalen and Gerard Docherty},
  date         = {2019-01},
  journaltitle = {Journal of Phonetics},
  title        = {Voice onset time and beyond: {E}xploring laryngeal contrast in 19 languages},
  doi          = {10.1016/j.wocn.2018.11.002},
  pages        = {52-65},
  volume       = {72},
  journal      = {Journal of Phonetics},
  publisher    = {Elsevier},
  year         = {2019},
}

@Article{cs11,
  author  = {Clopper, Cynthia G. and Smiljanic, Rajka},
  title   = {Effects of gender and regional dialect on prosodic patterns in {A}merican {E}nglish},
  doi     = {10.1016/j.wocn.2011.02.006},
  number  = {2},
  pages   = {160},
  volume  = {39},
  journal = {Journal of Phonetics},
  year    = {2011},
}

@Article{c15a,
  author  = {Cole, Jennifer},
  title   = {Prosody in context: {A} review},
  doi     = {10.1080/23273798.2014.963130},
  number  = {1-2},
  pages   = {1-31},
  volume  = {30},
  journal = {Language, Cognition and Neuroscience},
  year    = {2015},
}

@InCollection{ch13,
  author    = {Cole, Jennifer and Hualde, José I.},
  title     = {Prosodic structure in sound change},
  editor    = {Shu-Fen Chen and Benjamin Slade},
  pages     = {28-45},
  publisher = {Beech Stave Press},
  address   = {Ann Arbor},
  year      = {2013},
}

@Article{ckch07,
  author  = {Cole, Jennifer and Kim, Heejin and Choi, Hansook and Hasegawa-Johnson, Mark},
  title   = {Prosodic effects on acoustic cues to stop voicing and place of articulation: {E}vidence from {Radio News} speech},
  doi     = {10.1016/j.wocn.2006.03.004},
  number  = {2},
  pages   = {180-209},
  volume  = {35},
  journal = {Journal of Phonetics},
  year    = {2007},
}



@Article{ch88,
  author  = {Crystal, Thomas H. and House, Arthur S.},
  title   = {The duration of {American-English} vowels: {A}n overview.},
  doi     = {10.1016/s0095-4470(19)30500-5},
  number  = {3},
  pages   = {263-284},
  volume  = {16},
  journal = {Journal of Phonetics},
  year    = {1988},
}

@Article{ch90,
  author  = {Crystal, Thomas H. and House, Arthur S.},
  title   = {Articulation rate and the duration of syllables and stress groups in connected speech},
  doi     = {10.1121/1.399955},
  number  = {1},
  pages   = {101-112},
  volume  = {88},
  journal = {The Journal of the Acoustical Society of America},
  year    = {1990},
}

@book{c99,
author = {Tha{\"i}s Cristófaro Silva},
title = {Fonética e fonologia do {P}ortuguês [{Portuguese} phonetics and phonology]},
year = {1999},
address = {São Paulo},
publisher = {Contexto},
}

@book{cssrc19,
author = {Cristófaro-Silva, Tha{\"i}s and Seara, Izabel Christine and Silva, Adelaide and Rauber, Andreia Schurt  and Cantoni, Maria},
title = {Fonética acústica: {Os} sons do {P}ortuguês brasileiro [{Acoustic} phonetics: {T}he sounds of {Brazilian} {Portuguese}]},
year = {2019},
address = {São Paulo},
publisher = {Contexto},
}

@book{c01,
author = {Crosswhite, Katherine M.},
title = {Vowel reduction in {Optimality Theory}},
year = {2001},
address = {New York},
publisher = {Routledge},
}


@InCollection{c05a,
  author    = {Cutler, Anne},
  booktitle = {The handbook of speech perception},
  title     = {Lexical stress},
  doi       = {10.1002/9780470757024.ch11},
  editor    = {David B. Pisoni and Robert E. Remez},
  pages     = {264-289},
  publisher = {Blackwell},
  address   = {Oxford},
  year      = {2005},
}

@Article{cc87,
  author  = {Cutler, Anne and Carter, David M.},
  title   = {The predominance of strong initial syllables in the {English} vocabulary},
  doi     = {10.1016/0885-2308(87)90004-0},
  pages   = {133-142},
  volume  = {2},
  journal = {Computer Speech \& Language},
  year    = {1987},
}

@Article{d83,
  author  = {Dauer, Rebecca M.},
  title   = {Stress-timing and syllable-timing reanalyzed},
  doi     = {10.1016/s0095-4470(19)30776-4},
  pages   = {51-62},
  volume  = {11},
  journal = {Journal of Phonetics},
  year    = {1983},
}

@Article{d06,
  author  = {Davidson, Lisa},
  title   = {Schwa elision in fast speech: {S}egmental deletion or gestural overlap?},
  doi     = {10.1159/000095304},
  number  = {2-3},
  pages   = {79-112},
  volume  = {63},
  journal = {Phonetica},
  year    = {2006},
}

@Book{d06a,
  author    = {Davies, Mark},
  title     = {A frequency dictionary of {Spanish}: {C}ore vocabulary for learners},
  doi       = {10.4324/9781315542638},
  publisher = {Routledge},
  address   = {New York},
  year      = {2006},
}

@article{d,
author = {Davies, Mark},
title = {The Corpus of Contemporary {American} {English} ({COCA}): 560 million words},
journal = {},
year = {2008},
volume = {},
number = {},
pages = {},
url = {https://www.english-corpora.org/coca/},
unidentified = {-present},
}

@article{d6,
  title={Corpus del {E}spanol: {Web/dialects}},
  author={Davies, Mark},
  journal = {},
  url = {https://www.corpusdelespanol.org},
  year={2016}
}

@article{df06,
  title={Corpus do {P}ortugues},
  author={Davies, Mark and Ferreira, Michael},
  journal={},
  url = {https://www.corpusdoportugues.org},
  volume={},
  year={2006}
}


@Article{da,
  author = {Davies, Mark},
  date   = {2016},
  title  = {Corpus del espa\~{n}ol: {T}wo billion words, 21 countries},
  url    = {http://www.corpusdelespanol.org/web-dial/},
  ids    = {2016-a},
}

@Article{d95,
  author  = {de Jong, Kenneth J.},
  title   = {The supraglottal articulation of prominence in {English}: {L}inguistic stress as localized hyperarticulation},
  doi     = {10.1121/1.412275},
  number  = {1},
  pages   = {491-504},
  volume  = {97},
  journal = {The Journal of the Acoustical Society of America},
  year    = {1995},
}

@Article{d04,
  author  = {de Jong, Kenneth J.},
  title   = {Stress, lexical focus, and segmental focus in {English}: {P}atterns of variation in vowel duration},
  doi     = {10.1016/j.wocn.2004.05.002},
  number  = {4},
  pages   = {493-516},
  volume  = {32},
  journal = {Journal of Phonetics},
  year    = {2004},
}

@Article{dbe93,
  author  = {de Jong, Kenneth J. and Beckman, Mary E. and Edwards, Jan},
  title   = {The Interplay between prosodic structure and coarticulation},
  doi     = {10.1177/002383099303600305},
  number  = {2},
  pages   = {197-212},
  volume  = {36},
  journal = {Language and Speech},
  year    = {1993},
}

@Article{dw09,
  author  = {de Jong, Nivja H. and Wempe, Ton},
  title   = {Praat script to detect syllable nuclei and measure speech rate automatically},
  doi     = {10.3758/brm.41.2.385},
  number  = {2},
  pages   = {385-390},
  volume  = {41},
  journal = {Behavior Research Methods},
  year    = {2009},
}

@InCollection{dbp10,
  author    = {de la Mota, Carme and Butrague\~{n}o, Pedro M. and Prieto, Pilar},
  title     = {Mexican {Spanish} intonation},
  editor    = {Pilar Prieto, and Paolo Roseano},
  pages     = {319-350},
  publisher = {{LINCOM} Europa},
  booktitle = {Transcription of intonation of the {Spanish} language},
  address   = {Munich},
  year      = {2010},
  url       = {http://prosodia.upf.edu/home/arxiu/activitats/4th_workshop/protegit/Mexican_final.pdf},
}

@inproceedings{d08,
author = {Delforge, Ann Marie},
title = {Gestural alignment constraints and unstressed vowel devoicing in {Andean} {Spanish}},
booktitle = {Proceedings of the 26th {West} {Coast} {Conference} on {Formal} {Linguistics}},
year = {2008},
%publisher = {Cascadilla Proceedings Project},
%address = {Somerville, MA},
%editor = {Charles B. Chang and Hannah J. Haynie},
pages = {147-155},
url = {http://www.lingref.com/cpp/wccfl/26/paper1668.pdf},
}

@Article{dso96,
  author  = {Dilley, Laura and Shattuck-Hufnagel, Stefanie and Ostendorf, Mari},
  title   = {Glottalization of word-initial vowels as a function of prosodic structure},
  doi     = {10.1006/jpho.1996.0023},
  number  = {4},
  pages   = {423-444},
  volume  = {24},
  journal = {Journal of Phonetics},
  year    = {1996},
}

@Article{ebf91,
  author  = {Edwards, Jan and Beckman, Mary E. and Fletcher, Janet},
  title   = {The articulatory kinematics of final lengthening},
  doi     = {10.1121/1.400674},
  pages   = {369-382},
  volume  = {89},
  journal = {The Journal of the Acoustical Society of America},
  year    = {1991},
}

@Article{e98,
  author  = {Erickson, Donna},
  title   = {Effects of contrastive emphasis on jaw opening},
  doi     = {10.1159/000028429},
  number  = {3},
  pages   = {147-169},
  volume  = {55},
  journal = {Phonetica},
  year    = {1998},
}



@Article{fm60,
  author  = {Fónagy, Ivan and Magdics, Klara},
  title   = {Speed of utterance in phrases of different lengths},
  doi     = {10.1177/002383096000300401},
  number  = {4},
  pages   = {179-192},
  volume  = {3},
  journal = {Language and Speech},
  year    = {1960},
}

@article{f99,
author = {Fougeron, Cecile},
title = {Prosodically conditioned articulatory variations: {A} review},
journal = {{UCLA} {W}orking Papers in Phonetics},
year = {1999},
volume = {97},
pages = {1-73},
url = {https://escholarship.org/uc/item/3pg0w66x},
}

@Article{Fougeron2001,
  author  = {Fougeron, Cecile},
  title   = {Articulatory properties of initial segments in several prosodic constituents in {French}},
  doi     = {10.1006/jpho.2000.0114},
  number  = {2},
  pages   = {109--135},
  volume  = {29},
  journal = {Journal of Phonetics},
  year    = {2001},
}



@Article{fk97,
  author  = {Fougeron, Cecile and Keating, Patricia A.},
  title   = {Articulatory strengthening at edges of prosodic domains},
  doi     = {10.1121/1.418332},
  number  = {6},
  pages   = {3728-3740},
  volume  = {101},
  journal = {The Journal of the Acoustical Society of America},
  year    = {1997},
}

@Article{fh87,
  author  = {Fowler, Carol A. and Housum, Jonathan},
  title   = {Talkers' signaling of “new” and “old” words in speech and listeners' perception and use of the distinction},
  doi     = {10.1016/0749-596x(87)90136-7},
  number  = {5},
  pages   = {489-504},
  volume  = {26},
  journal = {Journal of Memory and Language},
  year    = {1987},
  doi      = {10.1016/0749-596X(87)90136-7},
}

@book{f00,
author = {Frota, Sonia},
title = {Prosody and focus in {European} {Portuguese}: {P}honological phrasing and intonation},
year = {2000},
address = {New York/London},
publisher = {Garland Pub},
doi     = {10.4324/9781315054384},
}

@InCollection{f14,
  author    = {Frota, Sonia},
  booktitle = {Prosodic Typology {II}},
  date      = {2014-01},
  title     = {The intonational phonology of {European} {Portuguese}},
  doi       = {10.1093/acprof:oso/9780199567300.003.0002},
  pages     = {6-42},
  publisher = {Oxford University Press},
  address   = {Oxford},
  year      = {2014},
}

@InBook{fm16,
  author    = {Frota, Sonia and Moraes, Joao},
  booktitle = {The handbook of {Portuguese} linguistics},
  title     = {Intonation of {European} and {Brazilian} {Portuguese}},
  doi       = {10.1002/9781118791844.ch9},
  editor    = {W. Leo Wetzels and Joao Costa and Sergio Menuzzi},
  pages     = {141-166},
  publisher = {Wiley-Blackwell},
  address   = {Cambridge, MA},
  year      = {2016},
}

@Book{fp15,
  author    = {Frota, Sonia and Prieto, Pilar},
  title     = {Intonation in {Romance}},
  %%%doi       = {10.1093/acprof:oso/9780199685332.003.0011},
  doi       = {10.1093/acprof:oso/9780199685332.001.0001},
  publisher = {Oxford University Press},
  address   = {Oxford},
  year      = {2015},
}

@Article{fv01,
  author  = {Frota, Sonia and Vigário, Marina},
  title   = {On the correlates of rhythmic distinctions: {T}he {European/Brazilian} {Portuguese} case},
  doi     = {10.1515/prbs.2001.005},
  pages   = {247-273},
  volume  = {13},
  journal = {Probus},
  year    = {2001},
}

@incollection{fcfcfsov15,
author = {Frota, Sonia and Cruz, Marisa and Fernandes-Svartman, Flaviane and Collischonn, Gisela and Fonseca, Aine and Serra, Carolina and Oliveira, Pedro and Vigário, Marina},
title = {Intonational variation in {Portuguese}: {European} and {Brazilian} varieties},
booktitle = {Intonation in {Romance}},
year = {2015},
publisher = {Oxford University Press},
address = {Oxford},
editor = {Frota, Sonia and Prieto, Pilar},
pages = {235-283},
doi   = {10.1093/acprof:oso/9780199685332.003.0007},
}

@InCollection{fdepv07,
  author    = {Frota, Sonia and D'Imperio, Mariapola and Elordieta, Gorka and Prieto, Pilar and Vigário, Marina},
  title     = {The phonetics and phonology of intonational phrasing in {Romance}},
  pages     = {131-152},
  publisher = {Benjamins},
  booktitle   = {Segmental and prosodic issues in {R}omance phonology},
  adress = {Amsterdam},
  year      = {2007},
  doi       = {10.1075/cilt.282.10fro},
}

@Article{g15,
  author  = {Garellek, Marc},
  title   = {Perception of glottalization and phrase-final creak},
  doi     = {10.1121/1.4906155},
  number  = {2},
  pages   = {822-831},
  volume  = {137},
  journal = {The Journal of the Acoustical Society of America},
  year    = {2015},
}

@Article{gf14,
  author  = {Georgeton, Laurianne and Fougeron, Cecile},
  title   = {Domain-initial strengthening on {French} vowels and phonological contrasts: {E}vidence from lip articulation and spectral variation},
  doi     = {10.1016/j.wocn.2014.02.006},
  pages   = {83-95},
  volume  = {44},
  journal = {Journal of Phonetics},
  year    = {2014},
}

@inproceedings{g11,
  author    = {Goldman, Jean-Philippe},
  booktitle = {Proceedings of {InterSpeech}},
  title     = {{EasyAlign}: {A}n automatic phonetic alignment tool under {P}raat},
  doi       = {10.21437/interspeech.2011-815},
  year      = {2011},
}


@Book{g13,
  author    = {Gries, Stefan Thomas},
  title     = {Statistics for Linguistics with {R}: {A} Practical Introduction},
  doi       = {10.1515/9783110307474},
  publisher = {De Gruyter Mouton},
  address   = {Berlin},
  year      = {2013},
}

@Article{gr92,
  author  = {Gussenhoven, Carlos and Rietveld, Antonius C. M.},
  title   = {Intonation contours, prosodic structure and preboundary lengthening},
  doi     = {10.1016/s0095-4470(19)30636-9},
  pages   = {283-303},
  volume  = {20},
  journal = {Journal of Phonetics},
  year    = {1992},
}

@Article{hhk99,
  author  = {Hayashi, Wendy and Hsu, Chai-Shune and Keating, Patricia A.},
  title   = {Domain-initial strengthening in {Taiwanese}: {A} follow-up study},
  pages   = {152-156},
  journal = {{UCLA} {W}orking Papers in Phonetics},
  year    = {1999},
  url    = {https://escholarship.org/uc/item/3pg0w66x},
}





@Article{hj98,
  author      = {Hsu, Chai-Shune and Jun, Sun-Ah},
  journaltitle = {{UCLA} {W}orking {P}apers in {P}honetics},
  volume    = {96}, 
  pages     = {69-89},
  title     = {Prosodic strengthening in {Taiwanese}: {S}yntagmatic or paradigmatic?},
  year        = {1998},
}

@Article{h07,
  author       = {José Ignacio Hualde},
  date         = {2007-06},
  journaltitle = {Journal of Portuguese Linguistics},
  title        = {Stress removal and stress addition in {Spanish}},
  doi          = {10.5334/jpl.145},
  number       = {6},
  pages        = {59-89},
  volume       = {5},
  journal      = {Journal of Portuguese Linguistics},
  publisher    = {Open Library of the Humanities},
  year         = {2007},
}

@InCollection{h12,
  author    = {Hualde, José Ignacio},
  booktitle = {The handbook of {H}ispanic linguistics},
  title     = {Stress and rhythm},
  doi       = {10.1002/9781118228098.ch8},
  editor    = {José Ignacio Hualde and Antxon Olarrea and Erin O'Rourke},
  pages     = {153-171},
  publisher = {Wiley-Blackwell},
  address   = {Chichester},
  year      = {2012},
}

@InCollection{hn14,
  author    = {Hualde, José Ignacio and Nadeu, Marianna},
  booktitle = {Word stress: {T}heoretical and typological issues},
  title     = {Rhetorical stress in {Spanish}},
  doi       = {10.1017/cbo9781139600408.010},
  editor    = {van der Hulst, Harry},
  pages     = {228-252},
  publisher = {Cambridge University Press},
  address   = {Cambridge},
  year      = {2014},
}

@InCollection{hp15,
  author    = {Hualde, José Ignacio and Prieto, Pilar},
  booktitle = {Intonation in {Romance}},
  title     = {Intonational variation in {Spanish}: {European} and {American} varieties},
  editor    = {Frota, Sonia and Prieto, Pilar},
  pages     = {350-392},
  publisher = {Oxford University Press},
  address   = {Oxford},
  year      = {2015},
  doi       = {10.1093/acprof:oso/9780199685332.003.0010},
}

@phdthesis{j93,
  author = {Jun, Sun-Ah},
  title  = {The phonetics and phonology of {Korean} prosody},
  doi    = {10.4324/9780429454943},
  school = {Ohio State University},
  year   = {1993},
}

@Book{j05,
  author    = {Sun-Ah Jun},
  date      = {2005-01},
  title     = {Prosodic typology: {T}he phonology of intonation and phrasing},
  doi       = {10.1093/acprof:oso/9780199249633.001.0001},
  publisher = {Oxford University Press},
  address   = {Oxford},
  year      = {2005},
}

@InCollection{j05a,
  author    = {Jun, Sun-Ah},
  booktitle = {Encyclopedia of Cognitive Science},
%%%  date      = {2006},
  title     = {Intonation},
  editor    = {Lynn Nadel},
  isbn      = {9780470016190},
  pages     = {618-624},
  publisher = {Wiley-Blackwell},
  address   = {Chichester},
  year      = {2006},
  doi       = {10.1002/0470018860.s00241},
}

@Book{j14,
  author    = {Jun, Sun-Ah},
  date      = {2014-01},
  title     = {Prosodic typology {II}: {T}he phonology of intonation and phrasing},
  doi       = {10.1093/acprof:oso/9780199567300.001.0001},
  editor    = {Sun-Ah Jun},
  publisher = {Oxford University Press},
  address   = {Oxford},
  year      = {2014},
}

@inproceedings{jb94,
  author    = {Jun, Sun-Ah and Beckman, Mary E.},
  booktitle = {Proceedings of the 3rd {International Conference on Spoken Language Processing}},
  title     = {Distribution of devoiced high vowels in {Korean}},
  doi       = {10.21437/icslp.1994-110},
  pages     = {479-482},
  year      = {1994},
}


@Article{k04,
  author      = {Keating, Patricia A.},
  journaltitle = {{UCLA} {W}orking {P}apers in {P}honetics},
  volume    = {103},
  pages     = {48-63},
  title       = {Phonetic Encoding of Prosodic Structure},
  year        = {2004},
  url       = {http://phonetics.linguistics.ucla.edu/workpapph/103/4-Keating-ISSPSydney.pdf},
}

@InCollection{kcfh03,
  author    = {Keating, Patricia A. and Cho, Taehong and Fougeron, Cecile and Hsu, Chai-Shune},
  booktitle = {Papers in {L}aboratory {P}honology {VI}: {P}honetic interpretation},
  title     = {Domain-initial strengthening in four languages},
  pages     = {145-163},
  publisher = {Cambridge University Press},
  address   = {Cambridge},
  year      = {2003},
}

@Article{kb98,
  author       = {Rachel H. Kessinger and Sheila E. Blumstein},
  date         = {1998-04},
  journaltitle = {Journal of Phonetics},
  title        = {Effects of speaking rate on voice-onset time and vowel production: {S}ome implications for perception studies.},
  doi          = {10.1006/jpho.1997.0069},
  number       = {2},
  pages        = {117-128},
  volume       = {26},
  journal      = {Journal of Phonetics},
  publisher    = {Elsevier},
  year         = {1998},
}

@Article{kjc17,
  author       = {Sahyang Kim and Jiyoung Jang and Taehong Cho},
  date         = {2017-10},
  journaltitle = {The Journal of the Acoustical Society of America},
  title        = {Articulatory characteristics of preboundary lengthening in interaction with prominence on tri-syllabic words in {A}merican {E}nglish},
  doi          = {10.1121/1.5005132},
  number       = {4},
  pages        = {EL362-EL368},
  volume       = {142},
  journal      = {The Journal of the Acoustical Society of America},
  publisher    = {Acoustical Society of America ({ASA})},
  year         = {2017},
}

@Article{kkc18,
  author       = {Sahyang Kim and Jiseung Kim and Taehong Cho},
  date         = {2018-11},
  journaltitle = {Journal of Phonetics},
  title        = {Prosodic-structural modulation of stop voicing contrast along the {VOT} continuum in trochaic and iambic words in {American} {English}},
  doi          = {10.1016/j.wocn.2018.07.004},
  pages        = {65-80},
  volume       = {71},
  journal      = {Journal of Phonetics},
  publisher    = {Elsevier},
  year         = {2018},
}

@Article{kd94,
  author       = {John Kingston and Randy L. Diehl},
  date         = {1994-09},
  journaltitle = {Language},
  title        = {Phonetic knowledge},
  doi          = {10.2307/416481},
  number       = {3},
  pages        = {419-454},
  volume       = {70},
  journal      = {Language},
  publisher    = {{JSTOR}},
  year         = {1994},
}

@Article{k14,
  author  = {Jelena Krivokapić},
  title   = {Gestural coordination at prosodic boundaries and its role for prosodic structure and speech planning},
  doi     = {10.1098/rstb.2013.0397},
  number  = {1658},
  pages   = {1-10},
  volume  = {369},
  journal = {Philosophical Transactions of the Royal Society B: Biological Sciences},
  year    = {2014},
}



@Article{kce07,
  author       = {Claudia Kuzla and Taehong Cho and Mirjam Ernestus},
  date         = {2007-07},
  journaltitle = {Journal of Phonetics},
  title        = {Prosodic strengthening of {G}erman fricatives in duration and assimilatory devoicing},
  doi          = {10.1016/j.wocn.2006.11.001},
  number       = {3},
  pages        = {301-320},
  volume       = {35},
  journal      = {Journal of Phonetics},
  publisher    = {Elsevier},
  year         = {2007},
}


 
@Book{ladd_intonational_2008,
  author    = {Ladd, D. Robert},
  date      = {2008},
  title     = {Intonational phonology},
  doi       = {10.1017/cbo9780511808814},
  isbn      = {1-139-47399-9},
  publisher = {Cambridge University Press},
  address   = {Cambridge},
  ids       = {l08,ladd2008},
}



@Book{l01,
  author    = {Lavoie, Lisa M.},
  title     = {Consonant strength: {P}honological patterns and phonetic manifestations},
  isbn      = {9781138971578},
  pages     = {254},
  publisher = {Garland},
  address   = {New York},
  year      = {2001},
  doi       ={10.4324/9780203826423},
}

@Book{l15,
  author    = {Levshina, Natalia},
  title     = {How to do linguistics with {R}: {D}ata exploration and statistical analysis},
  doi       = {10.1075/z.195},
  publisher = {Benjamins},
  address   = {Amsterdam},
  year      = {2015},
}

@Article{lp77,
  author  = {Liberman, Mark Y. and Prince, Alan},
  title   = {On Stress and Linguistic Rhythm},
  number  = {2},
  pages   = {249-336},
  volume  = {8},
  journal = {Linguistic Inquiry},
  year    = {1977},
  url     = {https://www.jstor.org/stable/4177987},
}

@Article{la64,
  author       = {Leigh Lisker and Arthur S. Abramson},
  date         = {1964-01},
  journaltitle = {{WORD}},
  title        = {A cross-language study of voicing in initial stops: {A}coustical measurements},
  doi          = {10.1080/00437956.1964.11659830},
  number       = {3},
  pages        = {384-422},
  volume       = {20},
  journal      = {Word},
  publisher    = {Informa {UK} Limited},
  year         = {1964},
}

@Book{md00,
  author    = {Mateus, Maria Helena and D'Andrade, Ernesto},
  title     = {The phonology of {Portuguese}},
  isbn      = {9780191590504},
  publisher = {Oxford University Press},
  address   = {Oxford},
  year      = {2000},
}

@Inproceedings{m07,
  author    = {Mo, Yoonsook},
 % editor =    {Jürgen Trouvain and William J. Barry},
  booktitle = {Proceedings of the 16th {ICPhS}},
  title     = {Temporal, spectral evidence of devoiced vowels in {Korean}},
  pages     = {445-448},
  year      = {2007},
  url       = {http://www.icphs2007.de/conference/Papers/1597/1597.pdf},
}

@Article{n14,
  author       = {Marianna Nadeu},
  date         = {2014-09},
  journaltitle = {Journal of Phonetics},
  title        = {Stress- and speech rate-induced vowel quality variation in {Catalan} and {Spanish}},
  doi          = {10.1016/j.wocn.2014.05.003},
  pages        = {1-22},
  volume       = {46},
  journal      = {Journal of Phonetics},
  publisher    = {Elsevier},
  year         = {2014},
}


@Article{o19,
  author       = {Sejin Oh},
  title        = {Phonetic and phonological vowel reduction in {Brazilian} {Portuguese}},
  doi          = {10.1515/phon-2021-2012},
  pages        = {435-465},
  journaltitle = {Phonetica},
  year         = {2021},
}

@Article{o73,
  author       = {D. Kimbrough Oller},
  date         = {1973-11},
  journaltitle = {The Journal of the Acoustical Society of America},
  title        = {The effect of position in utterance on speech segment duration in {English}},
  doi          = {10.1121/1.1914393},
  number       = {5},
  pages        = {1235-1247},
  volume       = {54},
  journal      = {Journal of the Acoustic Society of America},
  publisher    = {Acoustical Society of America ({ASA})},
  year         = {1973},
}

@Inproceedings{o03,
  author    = {Onaka, Akiko},
  booktitle = {Proceedings of the 15th {ICPhS}},
  title     = {Domain-initial strengthening in {Japanese}: {A}n acoustic and articulatory study},
  pages     = {2091-2094},
 % address   = {Barcelona},
 % publisher = {ICPhS Archive},
 % editor = {Maria-Josep Solé and Daniel Recasens and Joaquín Romero},
  year      = {2003},
  url       = {https://www.internationalphoneticassociation.org/icphs-proceedings/ICPhS2003/papers/p15_2091.pdf},
}

@inproceedings{owph03,
  author    = {Akiko Onaka and Sallyanne Palethorpe and Catherine Watson and Jonathan Harrington},
  title     = {An acoustic analysis of domain-initial strengthening effect in {Japanese}},
%  editor    = {Sallyanne Palethorpe and Marija Tabain},
  pages     = {201-206},
  booktitle = {Proceedings of the sixth international seminar on speech production},
 % publisher = {Macquarie Centre for Cognitive Science},
 % address   = {Sydney},
  year      = {2003},
}

@InCollection{op07,
  author    = {Ortega-Llebaria, Marta and Prieto, Pilar},
  booktitle = {Segmental and prosodic issues in {Romance} phonology},
  title     = {Disentangling stress from accent in {Spanish}: {P}roduction patterns of the stress contrast in deaccented syllables},
  doi       = {10.1075/cilt.282.11ort},
  pages     = {155-175},
  publisher = {Benjamins},
  address   = {Amsterdam},
  year      = {2007},
}

@PhdThesis{p14,
  author = {Parrell, Benjamin},
  title  = {Dynamics of consonant reduction},
  school = {University of Southern California},
  year   = {2014},
}

@Inproceedings{pdlf14,
  author    = {Petrone, Caterina and D'Imperio, Mariapola and Lancia, Leonardo and Fuchs, Susanne},
  booktitle = {Proceedings of {S}peech {P}rosody},
  title     = {The interplay between prosodic phrasing and accentual prominence on articulatory lengthening in {I}talian},
  doi       = {10.21437/speechprosody.2014-26},
  pages     = {192-196},
  year      = {2014},
}

@PhdThesis{Pierrehumbert1980,
  author = {Pierrehumbert, Janet B.},
  title  = {The phonology and phonetics of {English} intonation},
  ids    = {p80,pierrehumbert1980},
  school = {Massachusetts Institute of Technology},
  year   = {1980},
  url    = {http://dspace.mit.edu/handle/1721.1/16065},
}



@InCollection{p00,
  author    = {Pierrehumbert, Janet B.},
  booktitle = {Prosody: {T}heory and experiment},
  title     = {Tonal elements and their alignment},
  doi       = {10.1007/978-94-015-9413-4},
  editor    = {Merle Horne},
  pages     = {11-26},
  publisher = {Springer},
  address   = {Dodrecht},
  year      = {2000},
}

@InCollection{ph90,
  author    = {Pierrehumbert, Janet B. and Hirschberg, Julia Bell},
  booktitle = {Intentions in Communication},
  editor    = {Philip R. Cohen and Jerry Morgan and Martha E. Pollack},
  date      = {1990},
  title     = {The meaning of intonational contours in the interpretation of discourse},
  doi       = {10.7916/D8KD24FP},
  pages     = {271-312},
  publisher = {MIT Press},
  address   = {Cambridge, MA},
  ids       = {pierrHirsch1990},
  year      = {1990},
}

@InCollection{pt92,
  author    = {Pierrehumbert, Janet B. and Talkin, David},
  booktitle = {Papers in {L}aboratory {P}honology {II}: {G}esture, segment, prosody},
  title     = {Lenition of /h/ and glottal stop},
  doi       = {10.1017/cbo9780511519918.005},
  pages     = {90-117},
  publisher = {Cambridge University Press},
  address   = {Cambridge},
  year      = {1992},
}

@Article{pks11,
  author       = {Ingo Plag and Gero Kunter and Mareile Schramm},
  date         = {2011-07},
  journaltitle = {Journal of Phonetics},
  title        = {Acoustic correlates of primary and secondary stress in {North American English}},
  doi          = {10.1016/j.wocn.2011.03.004},
  number       = {3},
  pages        = {362-374},
  volume       = {39},
  journal      = {Journal of Phonetics},
  publisher    = {Elsevier},
  year         = {2011},
}

@Article{pvh95,
  author       = {Pilar Prieto and Jan van Santen and Julia Hirschberg},
  date         = {1995-10},
  journaltitle = {Journal of Phonetics},
  title        = {Tonal Alignment Patterns in {Spanish}},
  doi          = {10.1006/jpho.1995.0032},
  number       = {4},
  pages        = {429-51},
  volume       = {23},
  journal      = {Journal of Phonetics},
  publisher    = {Elsevier},
  year         = {1995},
}






@Article{rbbgn09,
  author       = {Vikram Ramanarayanan and Erik Bresch and Dani Byrd and Louis Goldstein and Shrikanth S. Narayanan},
  date         = {2009-11},
  journaltitle = {The Journal of the Acoustical Society of America},
  title        = {Analysis of pausing behavior in spontaneous speech using real-time magneticresonance imaging of articulation},
  doi          = {10.1121/1.3213452},
  number       = {5},
  pages        = {EL160- EL165},
  volume       = {126},
  journal      = {The Journal of the Acoustical Society of America},
  publisher    = {Acoustical Society of America ({ASA})},
  year         = {2009},
}

@inproceedings{r10,
  author    = {Rao, Rajiv},
  booktitle = {Selected proceedings of the 4th conference on Laboratory Approaches to {Spanish} Phonology},
  title     = {Final lengthening and pause duration in three dialects of {Spanish}},
  pages     = {69-82},
% publisher = {Cascadilla Proceedings Project},
% address   = {Somerville, MA},
  year      = {2010},
%  editor = {Marta Ortega-Llebaria},
  url   = {http://www.lingref.com/cpp/lasp/4/paper2368.pdf},
}

@Article{rg17,
  author  = {Roettger, Timo and Gordon, Matthew},
  title   = {Methodological issues in the study of word stress correlates},
  doi     = {10.1515/lingvan-2017-0006},
  pages   = {1},
  volume  = {3},
  journal = {Linguistics Vanguard},
  year    = {2017},
}

@software{rfesgpy14,
  author = {Rosenfelder, Ingrid and Fruehwald, Josef and Evanini, Keelan and Seyfarth, Scott and Gorman, Kyle and Prichard, Hilary and Yuan, Jiahong},
  title  = {{FAVE}: {F}orced alignment and vowel extraction)},
  version = {1.1.3},
  year   = {2014},
  doi    = {10.5281/zenodo.9846},
}



@InCollection{ss08,
  author    = {Tobias Scheer and Philippe Ségéral},
  booktitle = {Lenition and Fortition},
  date      = {2008-10},
  title     = {Positional factors in lenition and fortition},
  doi       = {10.1515/9783110211443.1.131},
  editor    = {Joaquim {Brandão de Carvalho} and Tobias Scheer and Philippe Ségéral},
  pages     = {131-172},
  publisher = {Mouton de Gruyter},
  address   = {Berlin},
  year      = {2008},
}



@Article{st96,
  author       = {Stefanie Shattuck-Hufnagel and Alice E. Turk},
  date         = {1996-03},
  journaltitle = {Journal of Psycholinguistic Research},
  title        = {A prosody tutorial for investigators of auditory sentence processing},
  doi          = {10.1007/bf01708572},
  number       = {2},
  pages        = {193-247},
  volume       = {25},
  journal      = {Journal of Psycholinguistic Research},
  publisher    = {Springer},
  year         = {1996},
}

@Article{sk89,
  author       = {Kenneth N. Stevens and Samuel Jay Keyser},
  date         = {1989-03},
  journaltitle = {Language},
  title        = {Primary features and their enhancement in consonants},
  doi          = {10.2307/414843},
  number       = {1},
  pages        = {81-106},
  volume       = {65},
  journal      = {Language},
  publisher    = {{JSTOR}},
  year         = {1989},
}

@Article{t03,
  author       = {Marija Tabain},
  date         = {2003-05},
  journaltitle = {The Journal of the Acoustical Society of America},
  title        = {Effects of prosodic boundary on {/aC/} sequences: {A}rticulatory results},
  doi          = {10.1121/1.1564013},
  number       = {5},
  pages        = {2834-2849},
  volume       = {113},
  journal      = {The Journal of the Acoustical Society of America},
  publisher    = {Acoustical Society of America ({ASA})},
  year         = {2003},
}

@Book{t84,
  author    = {Teyssier, Paul},
  title     = {Historia da lingua {P}ortuguesa},
  publisher = {Livraria Sa da Costa},
  address   = {Lisbon},
  year      = {1984},
}

@Article{te11,
  author       = {Francisco Torreira and Mirjam Ernestus},
  date         = {2011-01},
  journaltitle = {Laboratory Phonology},
  title        = {Realization of voiceless stops and vowels in conversational {French} and {Spanish}},
  doi          = {10.1515/labphon.2011.012},
  number       = {2},
  pages        = {331--353},
  volume       = {2},
  journal      = {Laboratory Phonology},
  publisher    = {De Gruyter},
  year         = {2011},
}


@Article{ts97,
  author       = {Alice E. Turk and James R. Sawusch},
  date         = {1997-01},
  journaltitle = {Journal of Phonetics},
  title        = {The domain of accentual lengthening in {American} {English}},
  doi          = {10.1006/jpho.1996.0032},
  number       = {1},
  pages        = {25-41},
  volume       = {25},
  journal      = {Journal of Phonetics},
  publisher    = {Elsevier},
  year         = {1997},
}

@Article{ts00,
  author       = {Alice E. Turk and Stefanie Shattuck-Hufnagel},
  date         = {2000-10},
  journaltitle = {Journal of Phonetics},
  title        = {Word-boundary-related duration patterns in {English}},
  doi          = {10.1006/jpho.2000.0123},
  number       = {4},
  pages        = {397-440},
  volume       = {28},
  journal      = {Journal of Phonetics},
  publisher    = {Elsevier},
  year         = {2000},
}





@Book{v11,
  author    = {Vigário, Marina},
  title     = {The prosodic word in {European} {Portuguese}},
  publisher = {De Gruyter Mouton},
  address   = {Berlin},
  year      = {2003},
  doi       = {10.1515/9783110900927},
}

@InCollection{vag18,
  author    = {Irene Vogel and Angeliki Athanasopoulou and Natália Brambatti Guzzo},
  booktitle = {Romance Languages and Linguistic Theory},
  date      = {2018-07},
  title     = {Timing properties of {(Brazilian)} {Portuguese} and {(European)} {Spanish}},
  doi       = {10.1075/rllt.14.19vog},
  editor    = {Lori Repetti and Francisco Ordóñez},
  pages     = {325-340},
  publisher = {Benjamins},
  address   = {Amsterdam},
  year      = {2018},
}


@Article{wbm20,
  author       = {Laurence White and Silvia Benavides-Varela and Katalin Mády},
  date         = {2020-07},
  journaltitle = {Journal of Phonetics},
  title        = {Are initial-consonant lengthening and final-vowel lengthening both universal word segmentation cues?},
  doi          = {10.1016/j.wocn.2020.100982},
  pages        = {10098},
  volume       = {81},
  ids          = {whiteEtAl2020},
  journal      = {Journal of Phonetics},
  publisher    = {Elsevier},
  year         = {2020},
}



@Article{wsr72,
  author       = {Harris Winitz and M. E. Scheib and James A. Reeds},
  date         = {1972-04},
  journaltitle = {The Journal of the Acoustical Society of America},
  title        = {Identification of stops and vowels for the burst portion of {/p, t, k/} isolated from conversational speech.},
  doi          = {10.1121/1.1912976},
  number       = {4B},
  pages        = {1309-1317},
  volume       = {51},
  journal      = {The Journal of the Acoustical Society of America},
  publisher    = {Acoustical Society of America ({ASA})},
  year         = {1972},
}

@Article{x10,
  author    = {Xu, Yi},
  title     = {In defense of lab speech},
  doi       = {10.1016/j.wocn.2010.04.003},
  number    = {3},
  pages     = {329--336},
  volume    = {38},
  journal   = {Journal of Phonetics},
  publisher = {Elsevier},
  year      = {2010},
}

@Manual{sbwabs15,
  author = {Singmann, Henrik and Bolker, Ben and Westfall, Jake and Aust, Frederik},
  title  = {afex: {A}nalysis of factorial experiments},
  note   = {R package version 0.13--145},
  url    = {https://CRAN.R-project.org/package=afex},
  year   = {2015},
}

@Article{carlson09,
  author  = {Carlson, Katy},
  title   = {How Prosody Influences Sentence Comprehension},
  doi     = {10.1111/j.1749-818x.2009.00150.x},
  number  = {5},
  pages   = {1188-1200},
  volume  = {3},
  ids     = {c09},
  journal = {Language and Linguistics Compass},
  year    = {2009},
}



@Book{pr10,
  author    = {Prieto, Pilar and Roseano, Paolo},
  title     = {Transcription of Intonation of the {Spanish} Language},
  isbn      = {978-3-86290-184-5},
  publisher = {{LINCOM Europa}},
  address   = {Munich},
  year      = {2010},
}

@software{audacity2014audacity,
  title={Audacity: {Free} audio editor and recorder},
  author={{Audacity Team}},
  year={2014},
  url= {https://www.audacityteam.org/},
}

@article{Holm1979,
  title={A Simple Sequentially Rejective Multiple Test Procedure},
  author={Holm, Sture},
  year={1979},
    pages = {65-70},
    volume = {6},
    journal = {Scandinavian Journal of Statistics},
    url = {http://www.jstor.org/stable/4615733}
}



@Article{Aasland2003,
  author   = {Aasland, Wendi A. and Baum, Shari R.},
  title    = {Temporal parameters as cues to phrasal boundaries: {A} comparison of processing by left- and right-hemisphere brain-damaged individuals},
  doi      = {10.1016/S0093-934X(03)00138-X},
  issn     = {0093934X},
  number   = {3},
  pages    = {385--399},
  volume   = {87},
  journal  = {Brain and Language},
  year     = {2003},
}

@Article{Beach1991,
  author  = {Beach, Cheryl M.},
  title   = {The interpretation of prosodic patterns at points of syntactic structure ambiguity: {E}vidence for cue trading relations},
  doi     = {10.1016/0749-596X(91)90030-N},
  issn    = {0749596X},
  number  = {6},
  pages   = {644--663},
  volume  = {30},
  journal = {Journal of Memory and Language},
  year    = {1991},
}

@Article{Best2003,
  author        = {Catherine C. Best and Gerald W. McRoberts},
  date          = {2003-06},
  journaltitle  = {Language and Speech},
  title         = {Infant Perception of Non-Native Consonant Contrasts that Adults Assimilate in Different Ways},
  doi           = {10.1177/00238309030460020701},
  eprint        = {NIHMS150003},
  issn          = {1878-5832},
  number        = {Pt 2-3},
  pages         = {183--216},
  volume        = {46},
  archiveprefix = {arXiv},
  arxivid       = {NIHMS150003},
  isbn          = {6176321972},
  journal       = {Language and Speech},
  publisher     = {{SAGE}},
  year          = {2003},
}

@Article{Bhatara2013,
  author   = {Bhatara, Anjali and Boll-Avetisyan, Natalie and Unger, Annika and Nazzi, Thierry and Höhle, Barbara},
  title    = {Native language affects rhythmic grouping of speech},
  doi      = {10.1121/1.4823848},
  issn     = {1520-8524},
  number   = {5},
  pages    = {3828--43},
  volume   = {134},
  journal  = {The Journal of the Acoustical Society of America},
  year     = {2013},
}

@Article{Bijeljac-Babic2012,
  author  = {Bijeljac-Babic, Ranka and Serres, Josette and Höhle, Barbara and Nazzi, Thierry},
  title   = {Effect of bilingualism on lexical stress pattern discrimination in {F}rench-learning infants},
  doi     = {10.1371/journal.pone.0030843},
  issn    = {1932-6203},
  number  = {2},
  pages   = {1--8},
  volume  = {7},
  journal = {PloS ONE},
  pmid    = {22363500},
  year    = {2012},
}

@Article{Bosch2001,
  author  = {Bosch, Laura and Sebastián-Gallés, Núria},
  title   = {Evidence of Early Language Discrimination Abilities in Infants from Bilingual Environments},
  doi     = {10.1207/S15327078IN0201_3},
  issn    = {15250008},
  number  = {1},
  pages   = {29--49},
  volume  = {2},
  journal = {Infancy},
  year    = {2001},
}

@PhdThesis{Butcher1981,
  author    = {Butcher, Andy},
  title     = {Aspects of the Speech Pause: {P}honetic Correlates and Communicative Functions},
  school    = {Universität Kiel},
  year      = {1981},
}

@Article{Fernald1984,
  author       = {Anne Fernald and Thomas Simon},
  date         = {1984-01},
  journaltitle = {Developmental Psychology},
  title        = {Expanded Intonation Contours in Mothers' Speech to Newborns},
  doi          = {10.1037/0012-1649.20.1.104},
  number       = {1},
  pages        = {104--113},
  volume       = {20},
  journal      = {Developmental Psychology},
  publisher    = {American Psychological Association ({APA})},
  year         = {1984},
}

@Article{Fernald1989,
  author       = {Anne Fernald and Traute Taeschner and Judy Dunn and Mechthild Papousek and Bénédicte de Boysson-Bardies and Ikuko Fukui},
  journaltitle = {Journal of Child Language},
  title        = {A cross-language study of prosodic modifications in mothers' and fathers' speech to preverbal infants.},
  doi          = {10.1017/s0305000900010679},
  issn         = {0305-0009},
  number       = {3},
  pages        = {477--501},
  volume       = {16},
  journal      = {Journal of Child Language},
  pmid         = {2808569},
  publisher    = {Cambridge University Press},
  year         = {1989},
}

@Inproceedings{Fery2010,
  author = {Féry, Caroline and Kentner, Gerrit},
  booktitle = {Proceedings of {S}peech {P}rosody},
  pages = {1--4},
  title = {The prosody of embedded coordinations in {G}erman and {H}indi},
  year = {2010},
  url = {https://www.isca-speech.org/archive/pdfs/speechprosody_2010/fery10_speechprosody.pdf},
}

@Article{Fisher1996,
  author  = {Fisher, Cynthia and Tokura, Hisayo},
  title   = {Acoustic Cues to Grammatical Structure in Infant-Directed Speech: {C}ross-Linguistic Evidence},
  doi     = {10.2307/1131774},
  number  = {6},
  pages   = {3192--3218},
  volume  = {67},
  journal = {Child Development},
  year    = {1996},
}

@Article{Friederici2007,
  author   = {Friederici, Angela D. and Friedrich, Manuela and Christophe, Anne},
  title    = {Brain responses in 4-month-old infants are already language specific},
  doi      = {10.1016/j.cub.2007.06.011},
  issn     = {0960-9822},
  number   = {14},
  pages    = {1208--11},
  volume   = {17},
  journal  = {Current Biology},
  month    = {7},
  pmid     = {17583508},
  year     = {2007},
}

@Article{Gervain2010,
  author   = {Gervain, Judit and Mehler, Jacques},
  title    = {Speech perception and language acquisition in the first year of life},
  doi      = {10.1146/annurev.psych.093008.100408},
  issn     = {1545-2085},
  pages    = {191--218},
  volume   = {61},
  journal  = {Annual review of psychology},
  pmid     = {19575623},
  year     = {2010},
}

@Article{Goldman-Eisler1972,
  author  = {Goldman-Eisler, Frieda},
  title   = {Pauses, Clauses, Sentences},
  doi     = {10.1177/002383097201500201},
  number  = {2},
  pages   = {103--113},
  volume  = {15},
  isbn    = {0023830972},
  journal = {Language and Speech},
  year    = {1972},
}

@Article{Gotz2018,
  author  = {Götz, Antonia and Yeung, H. Henny and Krasotkina, Anna and Schwarzer, Gudrun and Höhle, Barbara},
  title   = {Perceptual reorganization of lexical tones: {E}ffects of age and experimental procedure},
  doi       = {10.3389/fpsyg.2018.00477},
  issn    = {16641078},
  volume  = {9},
  journal = {Frontiers in Psychology},
  year    = {2018},
}

@Article{Gout2004,
  author   = {Gout, Ariel and Christophe, Anne and Morgan, James L.},
  title    = {Phonological phrase boundaries constrain lexical access II. Infant data},
  doi      = {10.1016/j.jml.2004.07.002},
  issn     = {0749596X},
  number   = {4},
  pages    = {548--567},
  volume   = {51},
  journal  = {Journal of Memory and Language},
  year     = {2004},
}

@Article{Herold2008,
  author  = {Herold, Birgit and Höhle, Barbara and Walch, Elisabeth and Weber, Tanja and Obladen, Michael},
  title   = {Impaired word stress pattern discrimination in very-low-birthweight infants during the first 6 months of life},
  doi     = {10.1111/j.1469-8749.2008.03055.x},
  issn    = {0012-1622},
  number  = {9},
  pages   = {678--83},
  volume  = {50},
  journal = {Developmental Medicine and Child Neurology},
  pmid    = {18754917},
  year    = {2008},
}

@Article{Hirsh-Pasek1987,
  author       = {Kathy Hirsh-Pasek and Deborah G. Kemler Nelson and Peter W. Jusczyk and Kimberly Wright Cassidy and Benjamin Druss and Lori Kennedy},
  date         = {1987-08},
  journaltitle = {Cognition},
  title        = {Clauses are perceptual units for young infants},
  doi          = {10.1016/S0010-0277(87)80002-1},
  number       = {3},
  pages        = {269--286},
  volume       = {26},
  journal      = {Cognition},
  publisher    = {Elsevier},
  year         = {1987},
}

@incollection{Hirst1998,
author = {Hirst, Daniel and {Di Cristo}, Albert},
booktitle = {Intonation Systems: {A} Survey of Twenty Languages},
chapter = {1},
editor = {Hirst, Daniel and {Di Cristo}, Albert},
pages = {1--44},
publisher = {Cambridge University Press},
address   = {Cambridge},  
title = {A Survey of Intonation Systems},
year = {1998}
}

@Article{Hohle2009,
  author   = {Höhle, Barbara and Bijeljac-Babic, Ranka and Herold, Birgit and Weissenborn, Jürgen and Nazzi, Thierry},
  title    = {Language specific prosodic preferences during the first half year of life: {E}vidence from {G}erman and {F}rench infants},
  doi      = {10.1016/j.infbeh.2009.03.004},
  issn     = {1934-8800},
  number   = {3},
  pages    = {262--274},
  volume   = {32},
  journal  = {Infant Behavior and Development},
  pmid     = {19427039},
  year     = {2009},
}

@Article{Holzgrefe-Lang2018,
  author   = {Holzgrefe-Lang, Julia and Wellmann, Caroline and Höhle, Barbara and Wartenburger, Isabell},
  title    = {Infants' Processing of Prosodic Cues: {E}lectrophysiological Evidence for Boundary Perception beyond Pause Detection},
  doi      = {10.1177/0023830917730590},
  issn     = {00238309},
  number   = {1},
  pages    = {153--169},
  volume   = {61},
  journal  = {Language and Speech},
  year     = {2018},
}



@InCollection{Hunter1988,
  author    = {Hunter, Michael A. and Ames, Elinor W.},
  booktitle = {Advances in Infancy Research},
  title     = {A multifactoral model of infant preferences for novel and familiar stimuli},
  pages     = {69--95},
  publisher = {Ablex},
  volume    = {5},
  address   = {Norwood},
  issn      = {07329598},
  year      = {1988},
}

@Article{Johnson2008,
  author  = {Johnson, Elizabeth K. and Seidl, Amanda},
  title   = {Clause segmentation by 6-month-old infants: {A} Crosslinguistic perspective},
  doi     = {10.1080/15250000802329321},
  number  = {5},
  pages   = {440--455},
  volume  = {13},
  journal = {Infancy},
  year    = {2008},
}

@Article{Jusczyk1993,
  author   = {Jusczyk, Peter W. and Cutler, Anne and Redanz, Nancy J.},
  title    = {Infants' preference for the predominant stress patterns of {E}nglish words},
  issn     = {0009-3920},
  number   = {3},
  pages    = {675--87},
  doi       = {10.1111/j.1467-8624.1993.tb02935.x},
  volume   = {64},
  journal  = {Child Development},
  year     = {1993},
}

@Article{KemlerNelson1989,
  author   = {{Kemler Nelson}, Deborah G. and Hirsh-Pasek, Kathy and Jusczyk, Peter W. and Cassidy, Kimberly Wright},
  title    = {How the prosodic cues in motherese might assist language learning},
  issn     = {0305-0009},
  number   = {1},
  pages    = {55--68},
  doi = {10.1017/s030500090001343x},  
  volume   = {16},
  journal  = {Journal of Child Language},
  year     = {1989},
}

@Article{Kohler1983,
  author  = {Klaus J. Kohler},
  title   = {Prosodic Boundary Signals in {G}erman},
  doi     = {10.1159/000261685},
  number  = {2},
  pages   = {445--472},
  volume  = {40},
  journal = {Phonetica},
  year    = {1983},
}

@Article{Kuhl2006,
  author  = {Kuhl, Patricia K. and Stevens, Erica and Hayashi, Akiko and Deguchi, Toshisada and Kiritani, Shigeru and Iverson, Paul},
  title   = {Infants show a facilitation effect for native language phonetic perception between 6 and 12 months},
  doi     = {10.1111/j.1467-7687.2006.00468.x},
  issn    = {1363755X},
  number  = {2},
  pages   = {F13--F21},
  volume  = {9},
  journal = {Developmental Science},
  pmid    = {16472309},
  year    = {2006},
}

@Article{Kuhl1992,
  author  = {Kuhl, Patricia K. and Williams, Karen A. and Lacerda, Francisco and Stevens, Kenneth N. and Lindblom, Bjorn},
  title   = {Linguistic Experience Alters Phonetic Perception in Infants by 6 Months of Age},
  doi     = {10.1126/science.1736364},
  pages   = {606--608},
  volume  = {255},
  journal = {Science},
  year    = {1992},
}

@Article{Ladd1988,
  author  = {Ladd, D. Robert},
  title   = {Declination “reset” and the hierarchical organization of utterances},
  doi     = {10.1121/1.396830},
  number  = {2},
  pages   = {530--544},
  volume  = {84},
  ids     = {ladd1988},
  journal = {The Journal of the Acoustical Society of America},
  year    = {1988},
}

@Article{Lehiste1976,
  author       = {Ilse Lehiste and Joseph P. Olive and Lynn A. Streeter},
  date         = {1976-11},
  journaltitle = {The Journal of the Acoustical Society of America},
  title        = {Role of duration in disambiguating syntactically ambiguous sentences},
  doi          = {10.1121/1.381180},
  issn         = {00014966},
  number       = {5},
  pages        = {1199--1202},
  volume       = {60},
  journal      = {The Journal of the Acoustical Society of America},
  publisher    = {Acoustical Society of America ({ASA})},
  year         = {1976},
}

@incollection{Liberman1984,
  author = {Liberman, Mark Y. and Pierrehumbert, Janet B.},
  pages = {157--233},
  title = {Intonational invariance under changes in pitch range and length},
  year = {1984},
  ids  = {libermanPierr1984},
  booktitle = {Language and sound structure: {Studies} in phonology presented to {Morris Halle} by his teacher and students},
  editor = {Mark Aronoff and Richard T. Oehrle and Frances Kelley and Bonnie W. Stephens},
  pages = {157-233}, 
  location = {Cambridge, MA},
  publisher = {MIT Press}
}

@Article{Ludusan2016,
  author  = {Ludusan, Bogdan and Cristia, Alejandrina and Martin, Andrew and Mazuka, Reiko and Dupoux, Emmanuel},
  title   = {Learnability of prosodic boundaries: {I}s infant-directed speech easier?},
  doi     = {10.1121/1.4960576},
  issn    = {0001-4966},
  number  = {2},
  pages   = {1239--1250},
  volume  = {140},
  journal = {The Journal of the Acoustical Society of America},
  year    = {2016},
}

@Article{Mannel2009,
  author   = {Männel, Claudia and Friederici, Angela  D.},
  title    = {Pauses and intonational phrasing: {ERP} studies in 5-month-old {G}erman infants and adults},
  doi      = {10.1162/jocn.2009.21221},
  issn     = {0898-929X},
  number   = {10},
  pages    = {1988--2006},
  volume   = {21},
  journal  = {Journal of Cognitive Neuroscience},
  year     = {2009},
}

@Article{Mannel2013,
  author    = {Männel, Claudia and Schipke, Christine S. and Friederici, Angela D.},
  title     = {The role of pause as a prosodic boundary marker: {L}anguage {ERP} studies in {G}erman 3- and 6-year-olds},
  doi       = {10.1016/j.dcn.2013.01.003},
  issn      = {18789293},
  pages     = {86--94},
  volume    = {5},
  journal   = {Developmental Cognitive Neuroscience},
  publisher = {Elsevier},
  year      = {2013},
}

@InCollection{Mannel2008,
  author    = {Männel, Claudia and Friederici, Angela D.},
  booktitle = {Developmental Psycholinguistics. {O}n-line methods in children’s language processing},
  title     = {Event-related brain potentials as a window to children's language processing},
  doi       = {10.1075/lald.44.04man},
  editor    = {Sekerina, Irina A. and Fernandez, Eva M. and Clahsen, Harald},
  pages     = {29--72},
  publisher = {Benjamins},
  address   = {Amsterdam},
  year      = {2008},
}

@Article{Mattock2006,
  author  = {Mattock, Karen and Burnham, Denis},
  title   = {Chinese and {E}nglish infants' tone perception: {E}vidence for perceptual reorganization},
  doi     = {10.1207/s15327078in1003_3},
  number  = {3},
  pages   = {241--265},
  volume  = {10},
  journal = {Infancy},
  year    = {2006},
}

@Article{Mattock2008,
  author   = {Mattock, Karen and Molnar, Monika and Polka, Linda and Burnham, Denis},
  title    = {The developmental course of lexical tone perception in the first year of life},
  doi      = {10.1016/j.cognition.2007.07.002},
  issn     = {0010-0277},
  number   = {3},
  pages    = {1367--1381},
  volume   = {106},
  journal  = {Cognition},
  pmid     = {17707789},
  year     = {2008},
}

@Article{Maurer2014,
  author   = {Maurer, Daphne and Werker, Janet F.},
  title    = {Perceptual narrowing during infancy: {A} comparison of language and faces},
  doi      = {10.1002/dev.21177},
  issn     = {00121630},
  number   = {2},
  pages    = {154--178},
  volume   = {56},
  journal  = {Developmental Psychobiology},
  year     = {2014},
}

@Article{Nazzi2000,
  author  = {Nazzi, Thierry and {Kemler Nelson}, Deborah G. and Jusczyk, Peter W. and Jusczyk, Ann Marie},
  title   = {Six-Month-Olds' Detection of Clauses Embedded in Continuous Speech: {E}ffects of Prosodic Well-Formedness},
  doi     = {10.1207/S15327078IN0101_11},
  issn    = {15250008},
  number  = {1},
  pages   = {123--147},
  volume  = {1},
  journal = {Infancy},
  year    = {2000},
}








@Article{Polka1994,
  author       = {Linda Polka and Janet F. Werker},
  date         = {1994},
  journaltitle = {Journal of Experimental Psychology: Human Perception and Performance},
  title        = {Developmental changes in perception of nonnative vowel contrasts},
  doi          = {10.1037//0096-1523.20.2.421},
  number       = {2},
  pages        = {421--435},
  volume       = {20},
  publisher    = {American Psychological Association ({APA})},
  year         = {1994},
}

@Article{Price1991,
  author  = {Patti J. Price and Mari Ostendorf and Stefanie Shattuck-Hufnagel and Cynthia Fong},
  title   = {The use of prosody in syntactic disambiguation},
  doi     = {10.1121/1.401770},
  issn    = {00014966},
  number  = {6},
  pages   = {2956--70},
  volume  = {90},
  journal = {The Journal of the Acoustical Society of America},
  pmid    = {1787237},
  year    = {1991},
}

@Article{Sanderman1997,
  author       = {Angelien A. Sanderman and René Collier},
  date         = {1997-10},
  journaltitle = {Language and Speech},
  title        = {Prosodic Phrasing and Comprehension},
  doi          = {10.1177/002383099704000405},
  number       = {4},
  pages        = {391--409},
  volume       = {40},
  journal      = {Language and Speech},
  publisher    = {{SAGE}},
  year         = {1997},
}

@phdthesis{Schipke2012,
author = {Schipke, Christine S.},
school = {Max Planck Institute for Human Cognitive and Brain Sciences},
title = {Processing mechanisms of argument structure and case-marking in child development: {N}eural correlates and behavioral evidence},
url = {http://pubman.mpdl.mpg.de/pubman/item/escidoc:1481652/component/escidoc:1760308/139_Schipke.pdf},
year = {2012}
}

@PhdThesis{Schmitz2008,
  author    = {Schmitz, Michaela},
  title     = {The perception of clauses in 6- and 8-month-old {G}erman-learning infants: {I}nfluence of pause duration and the natural pause hierarchy},
  school   = {University of Potsdam},
  year      = {2008},
  url       = {http://nbn-resolving.de/urn:nbn:de:kobv:517-opus-29078},
}

@Article{Scott1982,
  author   = {Scott, Donia R.},
  title    = {Duration as a cue to the perception of a phrase boundary},
  doi      = {10.1121/1.387581},
  issn     = {NA},
  number   = {4},
  pages    = {996--1007},
  volume   = {71},
  journal  = {The Journal of the Acoustical Society of America},
  pmid     = {7085988},
  year     = {1982},
}

@Article{Seidl2007,
  author   = {Seidl, Amanda},
  title    = {Infants' use and weighting of prosodic cues in clause segmentation},
  doi      = {10.1016/j.jml.2006.10.004},
  issn     = {0749596X},
  number   = {1},
  pages    = {24--48},
  volume   = {57},
  journal  = {Journal of Memory and Language},
  year     = {2007},
}

@Article{Seidl2008,
  author   = {Seidl, Amanda and Cristià, Alejandrina},
  title    = {Developmental changes in the weighting of prosodic cues},
  doi      = {10.1111/j.1467-7687.2008.00704.x},
  issn     = {1467-7687},
  number   = {4},
  pages    = {596--606},
  volume   = {11},
  journal  = {Developmental Science},
  pmid     = {18576967},
  year     = {2008},
}

@Article{Selkirk1986,
  author        = {Selkirk, Elisabeth},
  title         = {On Derived Domains in Sentence Phonology},
  doi           = {10.1017/S0952675700000695},
  eprint        = {arXiv:1011.1669v3},
  issn          = {02658062},
  number        = {1986},
  pages         = {371--405},
  volume        = {3},
  archiveprefix = {arXiv},
  arxivid       = {arXiv:1011.1669v3},
  journal       = {Phonology},
  pmid          = {25246403},
  year          = {1986},
}

@incollection{Selkirk2005,
author = {Selkirk, Elisabeth},
booktitle = {Prosodies: {W}ith special reference to {I}berian languages},
editor = {Frota, Sonia and Vigário, Marina and Freitas, Maria Joao},
pages = {11--58},
publisher = {Mouton de Gruyter},
address = {Berlin},
title = {Comments on intonational phrasing in {E}nglish},
year = {2005},
doi  = {10.1515/9783110197587},
}

@Article{Shukla2011,
  author   = {Shukla, Mohinish and White, Katherine S. and Aslin, Richard N.},
  title    = {Prosody guides the rapid mapping of auditory word forms onto visual objects in 6-mo-old infants},
  doi      = {10.1073/pnas.1017617108},
 % issn     = {1091-6490},
  number   = {15},
  pages    = {6038--43},
  volume   = {108},
  journal  = {Proceedings of the {National Academy of Sciences USA}},
  year     = {2011},
}

@Article{Skoruppa2009,
  author   = {Skoruppa, Katrin and Pons, Ferran and Christophe, Anne and Bosch, Laura and Dupoux, Emmanuel and Sebastián-Gallés, Núria and Limissuri, Rita Alves and Peperkamp, Sharon},
  title    = {Language-specific stress perception by 9-month-old {F}rench and {S}panish infants},
  doi      = {10.1111/j.1467-7687.2009.00835.x},
  issn     = {1363755X},
  number   = {6},
  pages    = {914--919},
  volume   = {12},
  journal  = {Developmental Science},
  pmid     = {19840046},
  year     = {2009},
}

@Article{Soderstrom2003,
  author   = {Soderstrom, Melanie and Seidl, Amanda and {Kemler Nelson}, Deborah G. and Jusczyk, Peter W.},
  title    = {The prosodic bootstrapping of phrases: {E}vidence from prelinguistic infants},
  doi      = {10.1016/S0749-596X(03)00024-X},
  issn     = {0749596X},
  number   = {2},
  pages    = {249--267},
  volume   = {49},
  journal  = {Journal of Memory and Language},
  year     = {2003},
}

@article{Soderstrom2005,
author = {Soderstrom, Melanie and Nelson, Deborah G. Kemler and Jusczyk, Peter W.},
doi = {10.1016/j.infbeh.2004.07.001},
issn = {01636383},
journal = {Infant Behavior and Development},
number = {1},
pages = {87--94},
title = {Six-month-olds recognize clauses embedded in different passages of fluent speech},
volume = {28},
year = {2005}
}

@Article{Steinhauer1999,
  author   = {Steinhauer, Karsten and Alter, Kai and Friederici, Angela D.},
  title    = {Brain potentials indicate immediate use of prosodic cues in natural speech processing},
  doi      = {10.1038/5757},
  issn     = {10976256},
  number   = {2},
  pages    = {191--196},
  volume   = {2},
  journal  = {Nature Neuroscience},
  pmid     = {10195205},
  year     = {1999},
}

@incollection{Strangert1991,
address = {Reykjavik},
author = {Strangert, Eva},
booktitle = {Papers from the {T}welfth {S}candinavian {C}onference of {L}inguistics},
editor = {Halldór Ármann Sigurðsson},
pages = {403--414},
publisher = {Linguistic Institute, University of Iceland},
title = {Where do pauses occur in text read aloud?},
year = {1991}
}

@Article{Streeter1978,
  author  = {Streeter, Lynn  A.},
  title   = {Acoustic determinants of phrase boundary perception},
  doi     = {10.1121/1.382142},
  number  = {6},
  pages   = {1582--1592},
  volume  = {64},
  journal = {The Journal of the Acoustical Society of America},
  year    = {1978},
}

@incollection{Terken1992,
address = {Amsterdam},
author = {Terken, Jacques and Collier, René},
booktitle = {Speech perception, production and linguistic structure},
editor = {Tokhura, Yoh'ichi and Vatikiotis-Bateson, Eric and Sagisaki, Yoshinori},
pages = {427--438},
publisher = {IOS Press},
title = {Syntactic influences on prosody},
year = {1992}
}



@incollection{Truckenbrodt2007a,
address = {Cambridge},
author = {Truckenbrodt, Hubert},
booktitle = {The {C}ambridge handbook of phonology},
editor = {de Lacy, Paul},
pages = {435--456},
publisher = {Cambridge University Press},
title = {The syntax-phonology interface},
year = {2007}
}

@incollection{Truckenbrodt2016,
address = {Oxford},
author = {Truckenbrodt, Hubert},
booktitle = {The {O}xford handbook of information structure},
editor = {Féry, Caroline and Ishihara, Shinichiro},
pages = {463--482},
publisher = {Oxford University Press},
title = {Focus, intonation, and tonal height},
year = {2016}
}



@article{VanOmmen2020,
author = {van Ommen, Sandrien and Boll-Avetisyan, Natalie and Larraza, Saioa and Wellmann, Caroline and Bijeljac-Babic, Ranka and Höhle, Barbara and Nazzi, Thierry},
doi = {10.1016/j.jml.2020.104108},
issn = {0749596X},
journal = {Journal of Memory and Language},
title = {Language-specific prosodic acquisition: {A} comparison of phrase boundary perception by {F}rench- and {G}erman-learning infants},
volume = {112},
year = {2020}
}

@inproceedings{Weijer1997,
  author    = {van de Weijer, Joost},
  booktitle = {Proceedings of the {GALA '97} conference on language acquisition},
  title     = {Language Input to a Prelingual Infant},
  pages     = {290--293},
  location = {Edinburgh},
  publisher = {Edinburgh University Press},
  year      = {1997},
}

@Article{Wellmann2012,
  author  = {Wellmann, Caroline and Holzgrefe, Julia and Truckenbrodt, Hubert and Wartenburger, Isabell and Höhle, Barbara},
  title   = {How each prosodic boundary cue matters: {E}vidence from {G}erman infants},
  doi     = {10.3389/fpsyg.2012.00580},
  issn    = {1664-1078},
  pages   = {580},
  volume  = {3},
  ids     = {wellmann_how_2012},
  journal = {Frontiers in Psychology},
  pmid    = {23293618},
  year    = {2012},
}



@Article{Werker1984,
  author  = {Werker, Janet F. and Tees, Richard C.},
  title   = {Cross-language speech perception: {E}vidence for perceptual reorganization during the first year of life},
  doi     = {10.1016/S0163-6383(84)80022-3},
  issn    = {01636383},
  number  = {1},
  pages   = {49--63},
  volume  = {7},
  journal = {Infant Behavior and Development},
  year    = {1984},
}

@article{Yeung2013,
author = {Yeung, H. Henny and Chen, Ke Heng and Werker, Janet F.},
doi = {10.1016/j.jml.2012.09.004},
issn = {0749596X},
journal = {Journal of Memory and Language},
number = {2},
title = {When does native language input affect phonetic perception? {T}he precocious case of lexical tone},
volume = {68},
year = {2013}
}

@phdthesis{Zhang2012,
author = {Zhang, Xinting},
school = {University of Michigan},
title = {A comparison of cue-weighting in the perception of prosodic phrase boundaries in {E}nglish and {C}hinese},
url = {https://hdl.handle.net/2027.42/96107},
year = {2012}
}



@inproceedings{lin2012syntactic,
  title={Syntactic annotations for the {G}oogle {B}ooks {N}gram {C}orpus},
  author={Lin, Yuri and Michel, Jean-Baptiste and Lieberman, Erez Aiden and Orwant, Jon and Brockman, Will and Petrov, Slav},
  booktitle={Proceedings of the 50th Annual Meeting of the {A}ssociation for {C}omputational {L}inguistics},
  pages={169--174},
%%%  editor = {Haizhou Li and Chin-Yew Lin and Miles Osborne and Gary Geunbae Lee and Jong C. Park},
  year={2012},
%%%  location={Jeju Island},
%%%  publisher = {Association for Computational Linguistics},
  url = {https://aclanthology.org/P12-3029.pdf},
}

@Article{akaike_infocriterion1974,
  author    = {Akaike, Hirotugu},
  title     = {A new look at the statistical model identification},
  doi       = {10.1007/978-1-4612-1694-0_16},
  number    = {6},
  pages     = {716--723},
  volume    = {19},
  journal   = {{IEEE} transactions on automatic control},
  year      = {1974},
}




@Article{Nickels.2010,
  author       = {Lyndsey Nickels and Saskia Kohnen and Britta Biedermann},
  date         = {2010-10},
  journaltitle = {Cognitive Neuropsychology},
  title        = {An untapped resource: {T}reatment as a tool for revealing the nature of cognitive processes},
  doi          = {10.108002643294.2011.609811},
  number       = {27},
  pages        = {539--562},
  volume       = {27},
  journal      = {Cognitive Neuropsychology},
  publisher    = {Informa Limited},
  year         = {2010},
}

@Article{Patil.2016,
  author  = {Patil, Umesh and Hanne, Sandra and Burchert, Frank and de Bleser, Ria and Vasishth, Shravan},
  title   = {A computational evaluation of sentence processing deficits in aphasia},
  doi     = {10.1111/cogs.12250},
  issn    = {1551-6709},
  number  = {1},
  pages   = {5--50},
  volume  = {40},
  journal = {Cognitive Science},
  year    = {2016},
}


@Article{Perkell.2004,
  author  = {Perkell, Joseph S. and Guenther, Frank H. and Lane, Harlan and Matthies, Melanie L. and Stockmann, Ellen and Tiede, Mark and Zandipour, Majid},
  title   = {The distinctness of speakers' productions of vowel contrasts is related to their discrimination of the contrasts},
  doi     = {10.1121/1.1787524},
  number  = {4 Pt 1},
  pages   = {2338--2344},
  volume  = {116},
  journal = {The Journal of the Acoustical Society of America},
  year    = {2004},
}

@article{huttenlauchetal2021,
  title={Production of prosodic cues in coordinate name sequences addressing varying interlocutors},
  author={Huttenlauch, Clara and de Beer, Carola and Hanne, Sandra and Wartenburger, Isabell},
  journal={Laboratory Phonology},
  volume={12},
  number={1},
  year={2021},
  publisher={Ubiquity Press},
  pages = {1--31},
  doi = {10.5334/labphon.221}
}

@Article{moca2005,
  author    = {Nasreddine, Ziad S. and Phillips, Natalie A. and Bédirian, Valérie and Charbonneau, Simon and Whitehead, Victor and Collin, Isabelle and Cummings, Jeffrey L. and Chertkow, Howard},
  title     = {The {M}ontreal {C}ognitive {A}ssessment, {M}o{CA}: {A} brief screening tool for mild cognitive impairment},
  doi       = {10.1111/j.1532-5415.2005.53221.x},
  number    = {4},
  pages     = {695--699},
  volume    = {53},
  journal   = {Journal of the American Geriatrics Society},
  publisher = {Wiley},
  year      = {2005},
}





@Article{holzgrefe_brain_2013,
  author       = {Holzgrefe, Julia and Wellmann, Caroline and Petrone, Caterina and Truckenbrodt, Hubert and Höhle, Barbara and Wartenburger, Isabell},
  date         = {2013},
  journaltitle = {Frontiers in Psychology},
  title        = {Brain response to prosodic boundary cues depends on boundary position},
  doi          = {10.3389/fpsyg.2013.00421},
  issn         = {1664-1078},
  pages        = {421},
  volume       = {4},
}



@Article{holzgrefe-lang_how_2016,
  author       = {Holzgrefe-Lang, Julia and Wellmann, Caroline and Petrone, Caterina and Räling, Romy and Truckenbrodt, Hubert and Höhle, Barbara and Wartenburger, Isabell},
  date         = {2016},
  journaltitle = {Language, Cognition and Neuroscience},
  title        = {How pitch change and final lengthening cue boundary perception in {G}erman: {C}onverging evidence from {ERPs} and prosodic judgements},
  doi          = {10.1080/23273798.2016.1157195},
  issn         = {2327-3798},
  number       = {7},
  pages        = {904--920},
  volume       = {31},
  ids          = {Holzgrefe-Lang2016},
}





@incollection{kohler_phonetic_2005,
	title = {Phonetic exponents of disfluency in {G}erman spontaneous speech},
	publisher = {Arbeitsberichte ({AIPUK})},
    address    = {Kiel},
	pages = {185--201},
	number = {35a},
	booktitle = {Prosodic Structures in {G}erman Spontaneous Speech},
	author = {Kohler, Klaus J. and Peters, Benno and Wesener, Thomas},
	editor = {{Klaus J. Kohler} and Kleber, Felicitas and Peters, Benno},
	date = {2005},
    url     = {https://www.ipds.uni-kiel.de/kjk/pub_exx/aipuk35a/aipuk35a_7.pdf},
}


@Article{depaulo_talking_1986,
  author       = {{DePaulo}, Bella M. and Coleman, Lerita M.},
  date         = {1986},
  journaltitle = {Journal of Personality and Social Psychology},
  title        = {Talking to children, foreigners, and retarded adults.},
  doi          = {10.1037/0022-3514.51.5.945},
  issn         = {1939-1315},
  number       = {5},
  pages        = {945--959},
  volume       = {51},
}

@Article{kemper_1998,
  author       = {Kemper, Susan and Ferrell, Patrice and Harden, Tamara and Finter-Urczyk, Andrea and Billington, Catherine},
  date         = {1998},
  journaltitle = {Aging, Neuropsychology, and Cognition},
  title        = {Use of elderspeak by young and older adults to impaired and unimpaired listeners},
  doi          = {10.1076/anec.5.1.43.22},
  issn         = {1382-5585},
  number       = {1},
  pages        = {43--55},
  volume       = {5},
}

@inproceedings{biersack_fine-tuning_2005,
	title = {Fine-tuning speech registers: {A} comparison of the prosodic features of child-directed and foreigner-directed speech},
    doi = {10.21437/Interspeech.2005-46},
	pages = {2401--2404},
	booktitle = {Proceedings of {InterSpeech}},
	author = {Biersack, Sonja and Kempe, Vera and Knapton, Lorna},
	year = {2005},
}

@Inproceedings{smith_prosodic_2007,
	title = {Prosodic accommodation by {F}rench speakers to a non-native interlocutor},
	pages = {1081--1084},
	booktitle = {Proceedings of the 16th {ICPhS}},
	author = {Smith, Caroline L.},
	year = {2007},
    url = {http://www.icphs2007.de/conference/Papers/1116/1116.pdf},
}

@Article{kempe_prosodic_2010,
  author       = {Kempe, Vera and Schaeffler, Sonja and Thoresen, John  C.},
  date         = {2010},
  journaltitle = {Journal of Memory and Language},
  title        = {Prosodic disambiguation in child-directed speech},
  doi          = {10.1016/j.jml.2009.11.006},
  issn         = {0749-596X},
  number       = {2},
  pages        = {204--225},
  volume       = {62},
}

@Inproceedings{schaeffler_mothers_2007,
  author     = {Schaeffler, Sonja and Kempe, Vera},
  booktitle  = {Proceedings of the 16th {ICPhS}},
  year       = {2007},
  title      = {Mothers are less efficient in employing prosodic disambiguation in child-directed speech than non-mothers: {I}s there a trade-off between affective and linguistic prosody?},
  pages      = {2109--2112},
  url       = {https://eresearch.qmu.ac.uk/handle/20.500.12289/49},
}

@Article{baron-cohen_empathy_2004,
  author       = {Baron-Cohen, Simon and Wheelwright, Sally},
  date         = {2004},
  journaltitle = {Journal of Autism and Developmental Disorders},
  title        = {The empathy quotient: {A}n investigation of adults with Asperger syndrome or high functioning autism, and normal sex differences},
  doi          = {10.1023/b:   jadd.0000022607.19833.00},
  issn         = {0162-3257},
  number       = {2},
  pages        = {163--175},
  volume       = {34},
}

@inproceedings{goldman_easyalign:_2011,
	title = {{EasyAlign}: {A}n automatic phonetic alignment tool under {P}raat},
	doi = {10.21437/Interspeech.2011-815},
    booktitle = {Proceedings of {InterSpeech}},
	author = {Goldman, Jean-Philippe},
	date = {2011},
}



@software{noauthor_neurobehavioural_2018,
	title = {Neurobehavioural Systems},
	url = {https://www.neurobs.com/},
	version = {20.1},
	date = {2018}
}



@incollection{landgraf_more_2017,
	title = {More noise, less talk: {T}he impact of driving noise and in-car communication systems on acoustic-prosodic parameters in dialogue},
	pages = {1485--1488},
	booktitle = {43. {D}eutsche {J}ahrestagung für {A}kustik ({DAGA})},
	author = {Landgraf, Rabea and Schmidt, Gerhard and Köhler-Kaeß, Johannes and Niebuhr, Oliver and John, Tina},
	date = {2017},
}

@Inproceedings{davis_lombard_2006,
	title = {Lombard speech: {A}uditory ({A}), Visual ({V}) and {AV} effects},
	pages = {248--252},
	booktitle = {Proceedings of {S}peech {P}rosody},
	author = {Davis, Chris and Kim, Jeesun and Grauwinkel, Katja and Mixdorff, Hansjörg},
	year = {2006},
    url = {https://www.isca-speech.org/archive/pdfs/speechprosody_2006/davis06_speechprosody.pdf},
}

@Article{schad_how_2018,
  author       = {Schad, Daniel J. and Hohenstein, Sven and Vasishth, Shravan and Kliegl, Reinhold},
  date         = {2018},
  journaltitle = {Journal of Memory and Language},
  title        = {How to capitalize on a priori contrasts in linear (mixed) models: {A} tutorial},
  doi          = {10.1016/j.jml.2019.104038},
  pages        = {104038},
  volume       = {110},
  publisher    = {Elsevier},
}

@Article{schad_contrasts_2020,
  author       = {Schad, Daniel J. and Hohenstein, Sven and Vasishth, Shravan and Kliegl, Reinhold},
  date         = {2020},
  journaltitle = {Journal of Memory and Language},
  title        = {How to capitalize on a priori contrasts in linear (mixed) models: {A} tutorial},
  doi          = {10.1016/j.jml.2019.104038},
  pages        = {104038},
  volume       = {110},
  publisher    = {Elsevier},
}

@Article{jun_priming_2015,
  author       = {Jun, Sun-Ah and Bishop, Jason},
  date         = {2015-01-12},
  journaltitle = {Lang Speech},
  title        = {Priming implicit prosody: {P}rosodic boundaries and individual differences},
  doi          = {10.1177/0023830914563368},
  issn         = {0023-8309},
  number       = {4},
  pages        = {459--473},
  volume       = {58},
}

@Article{bishop_focus_2017,
  author       = {Bishop, Jason},
  date         = {2017-02-07},
  journaltitle = {Language, Cognition and Neuroscience},
  title        = {Focus projection and prenuclear accents: {E}vidence from lexical processing},
  doi          = {10.1080/23273798.2016.1246745},
  issn         = {2327-3798},
  number       = {2},
  pages        = {236--253},
  volume       = {32},
}


@Article{bates_parsimonious_2015,
  author       = {Bates, Douglas and Kliegl, Reinhold and Vasishth, Shravan and Baayen, Harald},
  date         = {2015},
  journaltitle = {arXiv: Methodology},
  title        = {Parsimonious mixed models},
   doi        = {10.48550/arXiv.1506.04967},
}

@Article{fery_sisterhood_2005,
  author       = {Féry, Caroline and Truckenbrodt, Hubert},
  date         = {2005},
  journaltitle = {Studia Linguistica},
  title        = {Sisterhood and tonal scaling},
  doi          = {10.1111/j.1467-9582.2005.00127.x},
  issn         = {0039-3193},
  number       = {2},
  pages        = {223--243},
  volume       = {59},
}

@incollection{fery_laute_2006,
	location = {Berlin},
	title = {Laute und leise Prosodie},
	pages = {164--183},
	booktitle = {Text - {V}erstehen: {G}rammatik und darüber hinaus},
	publisher = {Walter de Gruyter},
	author = {Féry, Caroline},
	editor = {Blühdorn, Hardarik and Breindl, Eva and Waßner, Ulrich H.},
	date = {2006},
}

@InCollection{selkirk_syntax-phonology_2011,
  author    = {Selkirk, Elisabeth},
  booktitle = {The handbook of phonological theory},
  date      = {2011},
  title     = {The syntax-phonology interface},
  doi       = {10.1002/9781444343069.ch14},
  editor    = {Goldsmith, John and Riggle, Jason and Yu, Alan},
  address   = {Oxford},
  pages     = {435--483},
  publisher = {Blackwell},
  volume    = {2},
}

@incollection{cangemi_listener-specific_2015,
	address = {Frankfurt am Main},
	title = {Listener-specific perception of speaker-specific production in intonation},
	volume = {3},
	series = {Speech Production and Perception},
	pages = {123--145},
	booktitle = {Individual differences in speech production and perception},
	publisher = {Peter Lang},
	author = {Cangemi, Francesco and Krüger, Martina and Grice, Martine},
	editor = {Fuchs, Susanne and Pape, Daniel and Petrone, Caterina and Perrier, Pascal},
	date = {2015},
   doi  = {10.3726/978-3-653-05777-5},
}

@article{kraljic_prosodic_2005,
	title = {Prosodic disambiguation of syntactic structure: {F}or the speaker or for the addressee?},
	volume = {50},
	issn = {0010-0285},
	doi = {10.1016/j.cogpsych.2004.08.002},
	pages = {194--231},
	number = {2},
	journaltitle = {Cognitive Psychology},
	author = {Kraljic, Tanya and Brennan, Susan  E.},
	date = {2005},
}



@Article{kuznetsova_lmertest_2017,
  author       = {Kuznetsova, Alexandra and Brockhoff, Per Bruun and Bojensen Christensen, Rune Haubo},
  date         = {2017},
  journaltitle = {Journal of Statistical Software},
  title        = {{lmerTest} Package: {T}ests in linear mixed effects models},
  doi          = {10.18637/jss.v082.i13},
  number       = {13},
  pages        = {1--26},
  volume       = {82},
}

@Article{summers_effects_1988,
  author       = {W. Van Summers and David B. Pisoni and Robert H. Bernacki and Robert I. Pedlow and Michael A. Stokes},
  date         = {1988},
  journaltitle = {The Journal of the Acoustical Society of America},
  title        = {Effects of noise on speech production: {A}coustic and perceptual analyses},
  doi          = {10.1121/1.396660},
  issn         = {0001-4966},
  number       = {3},
  pages        = {917--928},
  volume       = {84},
  publisher    = {Acoustical Society of America ({ASA})},
}

@article{kemper_etal_1995_y+o_speaker+listener,
	title = {Speech adjustments to aging during a referential communication task},
	volume = {14},
	issn = {0261-927X},
	  doi = {10.1177/0261927X95141003},
	pages = {40--59},
	number = {1},
	journaltitle = {Journal of Language and Social Psychology},
	author = {Kemper, Susan and Vandeputte, Dixie and Rice, Karla and Cheung, Him and Gubarchuk, Julia},
	date = {1995},
}

@Inproceedings{gollrad_prosodic_2010,
	title = {Prosodic cue weighting in disambiguation: {C}ase ambiguity in {G}erman},
	booktitle = {Proceedings of {S}peech {P}rosody},
	author = {Gollrad, Anja and Sommerfeld, Esther and Kügler, Frank},
	year = {2010},
    url  = {https://www.isca-speech.org/archive/pdfs/speechprosody_2010/gollrad10_speechprosody.pdf},
    pages = {165},
}

@PhdThesis{holzgrefe-lang_prosodic_2017,
  author      = {Holzgrefe-Lang, Julia},
  year        = {2017},
  school      = {University of Potsdam},
  title       = {Prosodic phrase boundary perception in adults and infants},
  url         = {https://nbn-resolving.org/urn:nbn:de:kobv:517-opus4-405943},
}

@Article{junqua_influence_1996,
  author       = {Junqua, Jean-Claude},
  date         = {1996},
  journaltitle = {Speech Communication},
  title        = {The influence of acoustics on speech production: {A} noise-induced stress phenomenon known as the {L}ombard reflex},
  doi          = {10.1016/S0167-6393(96)00041-6},
  issn         = {0167-6393},
  number       = {1},
  pages        = {13--22},
  volume       = {20},
}

@inproceedings{garnier_acoustic_2006,
  author     = {Garnier, Maëva and Bailly, Lucie and Dohen, Marion and Welby, Pauline and Lœvenbruck, Hélène},
  booktitle  = {Proceedings of {InterSpeech}},
  year       = {2006},
  title      = {An acoustic and articulatory study of {L}ombard speech: {G}lobal effects on the utterance},
  doi        = {10.21437/interspeech.2006-323},
  pages      = {2246--2249},
}

@software{baayen_repsychling:_2015,
	title = {{RePsychLing}: {D}ata sets from {P}sychology and {L}inguistics experiments},
	url = {https://github.com/dmbates/RePsychLing},
	version = {0.0.4},
	author = {Baayen, Harald and Bates, Douglas and Kliegl, Reinhold and Vasishth, Shravan},
	date = {2015}
}

@incollection{torrey_appropriate_2005,
	title = {Appropriate accommodations: {S}peech technologies and the needs of older adults.},
	pages = {99},
	booktitle = {Caring Machines: {AI} in Eldercare: {P}apers from the {AAAI} Fall Symposium},
	author = {Torrey, Cristen and Fussell, Susan R. and Kiesler, Sara  B.},
	date = {2005},
}

@Article{ryan_communication_1995,
  author       = {Ryan, Ellen Bouchard and Hummert, Mary Lee and Boich, Linda  H.},
  date         = {1995},
  journaltitle = {Journal of Language and Social Psychology},
  title        = {Communication predicaments of aging: {P}atronizing behavior toward older adults},
  doi          = {10.1177/0261927X95141008},
  issn         = {0261-927X},
  number       = {1},
  pages        = {144--166},
  volume       = {14},
}

@Article{melton_linguistic_2005,
  author       = {Melton, Amanda K. and Shadden, Barbara  B.},
  date         = {2005},
  journaltitle = {Advances in Speech Language Pathology},
  title        = {Linguistic accommodations to older adults in the community: {T}he role of communication disorders and partner motivation},
  doi          = {10.1080/14417040500337039},
  issn         = {1441-7049},
  number       = {4},
  pages        = {233--244},
  volume       = {7},
}

@Article{kemper_elderspeak:_1994,
  author       = {Kemper, Susan},
  date         = {1994},
  journaltitle = {Aging and Cogntion},
  title        = {Elderspeak: {S}peech accommodations to older adults},
  doi          = {10.1080/09289919408251447},
  issn         = {1382-5585},
  number       = {1},
  pages        = {17--28},
  volume       = {1},
}

@Article{thimm_age_1998,
  author       = {Thimm, Caja and Rademacher, Ute and Kruse, Lenelis},
  date         = {1998},
  journaltitle = {Journal of Applied Communication Research},
  title        = {Age stereotypes and patronizing messages: {F}eatures of age‐adapted speech in technical instructions to the elderly},
  doi          = {10.1080/00909889809365492},
  issn         = {0090-9882},
  number       = {1},
  pages        = {66--82},
  volume       = {26},
}



@Article{frazier_prosodic_2006,
  author       = {Frazier, Lyn and Carlson, Katy and Clifton, Jr, Charles},
  date         = {2006},
  journaltitle = {Trends in Cognitive Sciences},
  title        = {Prosodic phrasing is central to language comprehension},
  doi          = {10.1016/j.tics.2006.04.002},
  issn         = {1364-6613},
  number       = {6},
  pages        = {244--249},
  volume       = {10},
}

@article{baayen_cave_2017,
	title = {The cave of shadows: {A}ddressing the human factor with generalized additive mixed models},
	volume = {94},
	doi = {10.1016/j.jml.2016.11.006},
	pages = {206--234},
	journaltitle = {Journal of Memory and Language},
	author = {Baayen, Harald and Vasishth, Shravan and Kliegl, Reinhold and Bates, Douglas},
	date = {2017}
}

@software{cangemi_mausmooth_2015,
	location = {Retrievable online at http://phonetik.phil-fak.uni-koeln.de/fcangemi.html},
	title = {mausmooth},
	url = {Retrievable online at http://phonetik.phil-fak.uni-koeln.de/fcangemi.html},
	author = {Cangemi, Francesco},
	date = {2015}
}

@Article{van_rij_analyzing_2019,
  author       = {van Rij, Jacolien and Hendriks, Petra and van Rijn, Hedderik and Baayen, R. Harald and Wood, Simon N.},
  date         = {2019-01-01},
  journaltitle = {Trends in Hearing},
  title        = {Analyzing the time course of pupillometric data},
  doi          = {10.1177/2331216519832483},
  issn         = {2331-2165},
  pages        = {2331216519832483},
  volume       = {23},
}

@book{pschyrembel_pschyrembel_2012,
	title = {Pschyrembel Klinisches Wörterbuch},
	volume = {67},
	author = {Pschyrembel, Begr v Willibald},
	date = {2012}
}

@mvbook{pschyrembel_pschyrembel_2002,
	location = {Berlin},
	title = {Pschyrembel Klinisches Wörterbuch. 256},
	volumes = {256},
	author = {Pschyrembel, Willibald},
	date = {2002}
}

@inproceedings{varadarajan_analysis_2006,
	title = {Analysis of Lombard effect under different types and levels of noise with application to in-set speaker {ID} systems},
	pages = {937--940},
	booktitle = {Proceedings of {InterSpeech}},
	author = {Varadarajan, Vaishnevi S. and Hansen, John H.L.},
    doi = {10.21437/Interspeech.2006-175},
	year = {2006},
}

@incollection{stanton_acoustic-phonetic_1988,
  author     = {Stanton, Bill J. and Jamieson, Leah H. and Allen, George D.},
  date       = {1988},
  title      = {Acoustic-phonetic analysis of loud and {L}ombard speech in simulated cockpit conditions},
  doi        = {10.1109/ICASSP.1988.196583},
  pages      = {331--334},
}

@Article{junqua_lombard_1993,
  author       = {Junqua, Jean-Claude},
  date         = {1993},
  journaltitle = {The Journal of the Acoustical Society of America},
  title        = {The Lombard reflex and its role on human listeners and automatic speech recognizers},
  doi          = {10.1121/1.405631},
  issn         = {0001-4966},
  number       = {1},
  pages        = {510--524},
  volume       = {93},
}

@Article{lu_speech_2008,
  author       = {Lu, Youyi and Cooke, Martin},
  date         = {2008},
  journaltitle = {The Journal of the Acoustical Society of America},
  title        = {Speech production modifications produced by competing talkers, babble, and stationary noise},
  doi          = {10.1121/1.2990705},
  issn         = {0001-4966},
  number       = {5},
  pages        = {3261--3275},
  volume       = {124},
}

@Inproceedings{jessen_effect_2003,
	title = {Effect of increased vocal effort on average and range of fundamental frequency in a sample of 100 {G}erman-speaking male subjects},
	pages = {1623--1626},
	booktitle = {Proceedings of the 15th {ICPhS}},
	author = {Jessen, Michael and Köster, Olaf and Gfroerer, Stefan},
	year = {2003},
    url = {https://www.internationalphoneticassociation.org/icphs-proceedings/ICPhS2003/p15_1623.html},
}

@incollection{junqua_lombard_1999,
  author     = {Junqua, Jean-Claude and Fincke, Steven and Field, Ken},
  date       = {1999},
  title      = {The {L}ombard effect: {A} reflex to better communicate with others in noise},
  pages      = {2083--2086},
  volume     = {4},
}

@book{howell_statistical_1998,
	location = {New York},
	title = {Statistical methods in human sciences},
	publisher = {Wadsworth},
	author = {Howell, David C. and Rogier, Marylène and Yzerbyt, Vincent and Bestgen, Yves},
	date = {1998},
    ids     = {howell_etal_statistical_1998}
}



@Article{allbritton_reliability_1996,
  author       = {Allbritton, David W. and {McKoon}, Gail and Ratcliff, Roger},
  date         = {1996},
  journaltitle = {Journal of Experimental Psychology: Learning, Memory, and Cognition},
  title        = {Reliability of prosodic cues for resolving syntactic ambiguity.},
  doi          = {10.1037/0278-7393.22.3.714},
  issn         = {1939-1285},
  publisher    = {American Psychological Association},
  number       = {3},
  pages        = {714--735},
  volume       = {22},
}

@Article{wagner_experimental_2010,
  author       = {Wagner, Michael and Watson, Duane G.},
  date         = {2010},
  journaltitle = {Language and Cognitive Processes},
  title        = {Experimental and theoretical advances in prosody: {A} review},
  doi          = {10.1080/01690961003589492},
  issn         = {0169-0965},
  publisher    = {Taylor \& Francis},
  number       = {7},
  pages        = {905--945},
  volume       = {25},
}

@Article{taglicht_constraints_1998,
  author       = {Taglicht, Josef},
  date         = {1998},
  journaltitle = {Journal of Linguistics},
  title        = {Constraints on intonational phrasing in {E}nglish},
  doi          = {10.1017/S0022226797006877},
  issn         = {1469-7742},
  publisher    = {Cambridge University Press},
  number       = {1},
  pages        = {181--211},
  volume       = {34},
}

@Article{watson_relationship_2004,
  author       = {Watson, Duane and Gibson, Edward},
  date         = {2004},
  journaltitle = {Language and cognitive processes},
  title        = {The relationship between intonational phrasing and syntactic structure in language production},
  doi          = {10.1080/01690960444000070},
  issn         = {0169-0965},
  publisher    = {Taylor \& Francis},
  number       = {6},
  pages        = {713--755},
  volume       = {19},
}

@Article{wagner_prosody_2010,
  author       = {Wagner, Michael},
  date         = {2010},
  journaltitle = {Natural Language \& Linguistic Theory},
  title        = {Prosody and recursion in coordinate structures and beyond},
  doi          = {10.1007/s11049-009-9086-0},
  issn         = {0167-806X},
  publisher    = {Springer},
  number       = {1},
  pages        = {183--237},
  volume       = {28},
}

@Book{fuchs_individual_2015,
  author    = {Fuchs, Susanne and Pape, Daniel and Petrone, Caterina and Perrier, Pascal},
  date      = {2015},
  title     = {Individual differences in speech production and perception},
  %isbn      = {978-3-653-66506-0},
  location  = {Frankfurt am Main},
  doi       = {10.3726/978-3-653-05777-5},
  pagetotal = {284},
  publisher = {Peter Lang},
  volume    = {3},
}

@Article{zollinger_evolution_2011,
  author       = {Zollinger, Sue Anne and Brumm, Henrik},
  date         = {2011},
  journaltitle = {Behaviour},
  title        = {The evolution of the {L}ombard effect: 100 years of psychoacoustic research},
  doi          = {10.1163/000579511X605759},
  issn         = {0005-7959},
  number       = {11},
  pages        = {1173--1198},
  volume       = {148},
}

@article{lombard_signe_1911,
	title = {Le signe de l'élévation de la voix},
	volume = {37},
	pages = {101--109},
	journaltitle = {Annales des Maladies de l'Oreille et du Larynx},
	author = {Lombard, Étienne},
	date = {1911}
}

@Article{mann_test_1947,
  author       = {Mann, Henry B. and Whitney, Donald R.},
  date         = {1947},
  journaltitle = {The annals of mathematical statistics},
  title        = {On a test of whether one of two random variables is stochastically larger than the other},
  doi          = {10.1214/aoms/1177730491},
  issn         = {0003-4851},
  publisher    = {{JSTOR}},
  number       = {1},
  pages        = {50--60},
  volume       = {18},
}

@Article{mcgraw_common_1992,
  author       = {{McGraw}, Kenneth O. and Wong, {SP}},
  date         = {1992},
  journaltitle = {Psychological bulletin},
  title        = {A common language effect size statistic},
  doi          = {10.1037/0033-2909.111.2.361},
  issn         = {1939-1455},
  publisher    = {American Psychological Association},
  number       = {2},
  pages        = {361--365},
  volume       = {111},
}

@Article{braun_phonetics_2006,
  author       = {Braun, Bettina},
  date         = {2006},
  journaltitle = {Language and Speech},
  title        = {Phonetics and phonology of thematic contrast in {G}erman},
  doi          = {10.1177/00238309060490040201},
  issn         = {0023-8309},
  publisher    = {{SAGE}},
  address      = {London},
  number       = {4},
  pages        = {451--493},
  volume       = {49},
}

@inproceedings{folk_lombard_2011,
	title = {The Lombard effect in spontaneous dialog speech},
	pages = {2701--2704},
	booktitle = {Proceedings of {InterSpeech}},
	author = {Folk, Laura and Schiel, Florian},
    doi = {10.21437/Interspeech.2011-690},
	year = {2011},
}

@Article{pick_jr_inhibiting_1989,
  author       = {Pick Jr, Herbert L. and Siegel, Gerald M. and Fox, Paul W. and Garber, Sharon R. and Kearney, Joseph K.},
  date         = {1989},
  journaltitle = {The Journal of the Acoustical Society of America},
  title        = {Inhibiting the Lombard effect},
  doi          = {10.1121/1.397561},
  issn         = {0001-4966},
  number       = {2},
  pages        = {894--900},
  volume       = {85},
}

@article{grice_deutsche_2002,
	title = {Deutsche {I}ntonation und {GToBI}},
	pages = {267--298},
	number = {191},
	journaltitle = {Linguistische Berichte},
	author = {Grice, Martine and Baumann, Stefan},
	date = {2002}
}


@software{noauthor_matlab_2019,
	location = {Natick, MA},
	title = {{MATLAB}},
	version = {9.6.0.1135713 (R2019a) Update 3},
	publisher = {The {MathWorks} Inc},
	date = {2019}
}

@Article{luo_lombard_2018,
  author       = {Luo, Jinhong and Hage, Steffen R. and Moss, Cynthia F.},
  date         = {2018},
  journaltitle = {Trends in Neurosciences},
  title        = {The {L}ombard effect: {F}rom acoustics to neural mechanisms},
  doi          = {10.1016/j.tins.2018.07.011},
  issn         = {0166-2236},
  number       = {12},
  pages        = {938--949},
  volume       = {41},
}


@inproceedings{silverman_tobi_1992,
	location = {Banff},
	title = {{ToBI}: {A} standard for labeling {E}nglish prosody},
	booktitle = {Proceedings of the 2nd {International Conference on Spoken Language Processing}},
	pages = {867--870},
	author = {Silverman, Kim and Beckman, Mary and Pitrelli, John and Ostendorf, Mori and Wightman, Colin and Price, Patti and Pierrehumbert, Janet B. and Hirschberg, Julia},
	date = {1992},
    doi  = {10.21437/ICSLP.1992-260},
}

@Article{clayards_individual_2018,
  author       = {Clayards, Meghan},
  date         = {2018},
  journaltitle = {Phonetica},
  title        = {Individual talker and token covariation in the production of multiple cues to stop voicing},
  doi          = {10.1159/000448809},
  issn         = {0031-8388},
  number       = {1},
  pages        = {1--23},
  volume       = {75},
}

@Article{shultz_differential_2012,
  author       = {Shultz, Amanda A. and Francis, Alexander L. and Llanos, Fernando},
  date         = {2012},
  journaltitle = {The Journal of the Acoustical Society of America},
  title        = {Differential cue weighting in perception and production of consonant voicing},
  doi          = {10.1121/1.4736711},
  issn         = {0001-4966},
  number       = {2},
  pages        = {EL95--EL101},
  volume       = {132},
}

@article{fuchs_sonnenschein_2019,
	title = {Der Sonnenschein im Dezember},
	journaltitle = {Spiegel Online},
	author = {Fuchs, Sybille},
	date = {2019-12-12}
}

@Book{field_discovering_2012,
  author    = {Field, Andy and Miles, Jeremy and Field, Zoë},
  date      = {2012},
  title     = {Discovering statistics using {R}},
  isbn      = {1-4462-0046-9},
  publisher = {{SAGE}},
}

@Article{cole_prosody_2015,
  author       = {Cole, Jennifer},
  date         = {2015},
  journaltitle = {Language, Cognition and Neuroscience},
  title        = {Prosody in context: {A} review},
  doi          = {10.1080/23273798.2014.963130},
  issn         = {2327-3798},
  publisher    = {Taylor \& Francis},
  number       = {1},
  pages        = {1--31},
  volume       = {30},
}

@Article{nishimoto_japanese_2005,
  author       = {Nishimoto, Takehiko and Miyawaki, Kaori and Ueda, Takashi and Une, Yuko and Takahashi, Masaru},
  date         = {2005},
  journaltitle = {Behavior Research Methods},
  title        = {Japanese normative set of 359 pictures},
  doi          = {10.3758/BF03192709},
  issn         = {1554-351X},
  publisher    = {Springer},
  number       = {3},
  pages        = {398--416},
  volume       = {37},
}

@Article{poort_cognate_2017,
  author       = {Poort, Eva D. and Rodd, Jennifer M.},
  date         = {2017},
  journaltitle = {Acta Psychologica},
  title        = {The cognate facilitation effect in bilingual lexical decision is influenced by stimulus list composition},
  doi          = {10.1016/j.actpsy.2017.08.008},
  issn         = {0001-6918},
  issue        = {September},
  publisher    = {Elsevier},
  pages        = {52--63},
  volume       = {180},
}

@article{speer_situationally_2011,
	title = {Situationally independent prosodic phrasing},
	volume = {2},
	issn = {1868-6346},
	doi = {10.1515/labphon.2011.002},
	pages = {35--98},
	number = {1},
	journaltitle = {Laboratory Phonology},
	author = {Speer, Shari R. and Warren, Paul and Schafer, Amy  J.},
	date = {2011},
}




@Article{schafer_intonational_2000,
  author       = {Schafer, Amy J. and Speer, Shari R. and Warren, Paul and White, S. David},
  date         = {2000},
  journaltitle = {Journal of Psycholinguistic Research},
  title        = {Intonational disambiguation in sentence production and comprehension},
  doi          = {10.1023/A:1005192911512},
  issn         = {0090-6905},
  number       = {2},
  pages        = {169--182},
  volume       = {29},
}

@Article{bell_language_1984,
  author       = {Bell, Allan},
  date         = {1984},
  journaltitle = {Language in Society},
  title        = {Language style as audience design},
  doi          = {10.1007/978-1-349-25582-5_20},
  issn         = {1469-8013},
  publisher    = {Cambridge University Press},
  number       = {2},
  pages        = {145--204},
  volume       = {13},
}

@Article{clifton_informative_2002,
  author       = {Clifton, Jr, Charles and Carlson, Katy and Frazier, Lyn},
  date         = {2002},
  journaltitle = {Lang Speech},
  title        = {Informative prosodic boundaries},
  doi          = {10.1177/00238309020450020101},
  issn         = {0023-8309},
  publisher    = {{SAGE}},
  number       = {2},
  pages        = {87--114},
  volume       = {45},
}

@Article{ladd_intonational_1986,
  author       = {Ladd, D. Robert},
  date         = {1986},
  journaltitle = {Phonology},
  title        = {Intonational phrasing: {T}he case for recursive prosodic structure},
  doi          = {10.1017/s0952675700000671},
  issn         = {2059-6286},
  publisher    = {Cambridge University Press},
  pages        = {311--340},
  volume       = {3},
}

@InCollection{van_den_berg_downstep_1992,
  author    = {van den Berg, Rob and Gussenhoven, Carlos and Rietveld, Toni},
  booktitle = {Papers in {L}aboratory {P}honology {II}: {G}esture, segment, prosody},
  date      = {1992},
  title     = {Downstep in {D}utch: {I}mplications for a model},
  doi       = {10.1017/cbo9780511519918.015},
  address  = {Cambridge},
  pages     = {359},
  publisher = {Cambridge University Press},
  volume    = {335},
}

@Article{lehiste_phonetic_1973,
  author       = {Lehiste, Ilse},
  date         = {1973},
  journaltitle = {The Journal of the Acoustical Society of America},
  title        = {Phonetic disambiguation of syntactic ambiguity},
  doi          = {10.1121/1.1982702},
  issn         = {0001-4966},
  publisher    = {Acoustical Society of America},
  number       = {1},
  pages        = {380--380},
  volume       = {53},
}

@Article{lehiste_rhythmic_1973,
  author       = {Lehiste, Ilse},
  date         = {1973},
  journaltitle = {The Journal of the Acoustical Society of America},
  title        = {Rhythmic units and syntactic units in production and perception},
  doi          = {10.1121/1.1914379},
  issn         = {0001-4966},
  publisher    = {Acoustical Society of America},
  number       = {5},
  pages        = {1228--1234},
  volume       = {54},
}

@InCollection{heister_dlexdb_2011,
  author    = {Heister, Julian and Würzner, Kay-Michael and Bubenzer, Johannes and Pohl, Edmund and Hanneforth, Thomas and Geyken, Alexander and Kliegl, Reinhold},
  booktitle = {Psychologische {R}undschau},
  date      = {2011},
  title     = {{dlexDB}: {E}ine lexikalische {D}atenbank für die psychologische und linguistische {F}orschung},
  address  = {Göttingen},
  pages     = {10--20},
  publisher = {Hogrefe},
  doi       = {10.1026/0033-3042/a000029},
  volume    = {62},
  issue     = {1},
  ids       = {heister2011dlexdb},
}

@software{noauthor_google_nodate,
	title = {Google Ngram Viewer},
	url = {https://books.google.com/ngrams}
}

@Article{simos_event-related_2012,
  author       = {Rivera-Gaxiola, Maritza and Garcia-Sierra, Adrian and Lara-Ayala, Lourdes and Cadena, Cesar and Jackson-Maldonado, Donna and Kuhl, Patricia K.},
  date         = {2012-02-29},
  journaltitle = {{ISRN} Neurology},
  title        = {Event-related potentials to an {English/Spanish} syllabic contrast in {M}exican 10–13-month-old infants},
  doi          = {10.5402/2012/702986},
  series       = {702986},
  volume       = {2012},
}

@Article{kurumada_effects_2018,
  author       = {Kurumada, Chigusa and Brown, Meredith and Tanenhaus, Michael K.},
  date         = {2018-06-01},
  journaltitle = {Psychonomic Bulletin \& Review},
  title        = {Effects of distributional information on categorization of prosodic contours},
  doi          = {10.3758/s13423-017-1332-6},
  issn         = {1531-5320},
  number       = {3},
  pages        = {1153--1160},
  volume       = {25},
}

@Article{jongman_just_2017,
  author       = {Jongman, Allard and Qin, Zhen and Zhang, Jie and Sereno, Joan A.},
  date         = {2017-08-01},
  journaltitle = {The Journal of the Acoustical Society of America},
  title        = {Just noticeable differences for pitch direction, height, and slope for {M}andarin and {E}nglish listeners},
  doi          = {10.1121/1.4995526},
  %issn         = {0001-4966},
  publisher    = {Acoustical Society of America},
  number       = {2},
  pages        = {EL163--EL169},
  volume       = {142},
}

@Article{mathot2012opensesame,
  author    = {Mathôt, Sebastiaan and Schreij, Daniel and Theeuwes, Jan},
  title     = {Open{S}esame: {A}n open-source, graphical experiment builder for the social sciences},
  doi       = {10.3758/s13428-011-0168-7},
  number    = {2},
  pages     = {314--324},
  volume    = {44},
  journal   = {Behavior Research Methods},
  publisher = {Springer},
  year      = {2012},
}

@Article{lange2015_jatos,
  author    = {Lange, Kristian and Kühn, Simone and Filevich, Elisa},
  title     = {\say{{J}ust {A}nother {T}ool for {O}nline {S}tudies} ({JATOS}): {A}n easy solution for setup and management of web servers supporting online studies},
  doi       = {10.1371/journal.pone.0130834},
  number    = {6},
  pages     = {e0130834},
  volume    = {10},
  journal   = {PloS ONE},
  publisher = {Public Library of Science San Francisco},
  year      = {2015},
}

@Article{lortie2015_age-effects,
  author    = {Lortie, Catherine L. and Thibeault, Mélanie and Guitton, Matthieu J. and Tremblay, Pascale},
  title     = {Effects of age on the amplitude, frequency and perceived quality of voice},
  doi       = {10.1007/s11357-015-9854-1},
  number    = {6},
  pages     = {1--24},
  volume    = {37},
  journal   = {{AGE}},
  publisher = {Springer},
  year      = {2015},
}

@article{rojas2020does,
  title={How does our voice change as we age? {A} systematic review and meta-analysis of acoustic and perceptual voice data from healthy adults over 50 years of age},
  author={Rojas, Sandra and Kefalianos, Elaina and Vogel, Adam},
  journal={Journal of Speech, Language, and Hearing Research},
  volume={63},
  number={2},
  pages={533--551},
  year={2020},
  publisher={ASHA},
  doi = {10.1044/2019_jslhr-19-00099}
}

@Article{tauber_2010_age-effects_prosody,
  author    = {Tauber, Sarah K. and James, Lori E. and Noble, Paula M.},
  title     = {The effects of age on using prosody to convey meaning and on judging communicative effectiveness},
  doi       = {10.1037/a0019266},
  number    = {3},
  pages     = {702--707},
  volume    = {25},
  journal   = {Psychology and Aging},
  publisher = {American Psychological Association},
  year      = {2010},
}

@PhdThesis{barnes_2013,
  author      = {Barnes, Daniel R.},
  year        = {2013},
  school = {Purdue University},
  title       = {Age-related changes to the production of linguistic prosody},
  url         = {https://docs.lib.purdue.edu/open_access_theses/17},
}

@Inproceedings{dimitrova_etal_2018,
  author    = {Dimitrova, Snezhina and Andreeva, Bistra and Gabriel, Christoph and Grünke, Jonas},
  booktitle = {Proceedings of {S}peech {P}rosody},
  title     = {Speaker age effects on prosodic patterns in {B}ulgarian},
  doi       = {10.21437/SpeechProsody.2018-144},
  pages     = {709--713},
  year      = {2018},
}

@Article{smiljanic2017,
  author    = {Smiljanic, Rajka and Gilbert, Rachael  C.},
  title     = {Acoustics of clear and noise-adapted speech in children, young, and older adults},
  doi       = {10.1044/2017_JSLHR-S-16-0130},
  number    = {11},
  pages     = {3081--3096},
  volume    = {60},
  journal   = {Journal of Speech, Language, and Hearing Research},
  publisher = {ASHA},
  year      = {2017},
}

@Inproceedings{tuomainen2019,
  author       = {Tuomainen, Outi and Hazan, Valerie and Taschenberger, Linda},
  booktitle    = {Proceedings of the 19th {ICPhS}},
  title        = {Speech communication in background noise: {E}ffects of aging},
  pages        = {805--809},
  year         = {2019},
  url          = {https://www.assta.org/proceedings/ICPhS2019/papers/ICPhS_854.pdf},
}

@Inproceedings{hazan2019,
  author       = {Hazan, Valerie and Tuomainen, Outi and Kim, Jeesun and Davis, Chris},
  booktitle    = {Proceedings of the 19th {ICPhS}},
  title        = {The effect of visual cues on speech characteristics of older and younger adults in an interactive task},
  pages        = {815--819},
  year         = {2019},
  url           = {https://www.assta.org/proceedings/ICPhS2019/papers/ICPhS_864.pdf},
}

@article{burke_wordfinding_age2004,
author = {Deborah M. Burke and Meredith A. Shafto},
title ={Aging and Language Production},
journal = {Current Directions in Psychological Science},
volume = {13},
number = {1},
pages = {21--24},
year = {2004},
doi = {10.1111/j.0963-7214.2004.01301006.x},
}


@incollection{spazzapan2018,
  author       = {Spazzapan, Evelyn Alves and Cardoso, Vanessa Moraes and Fabron, Eliana Maria Gradim and Berti, Larissa Cristina and Brasolotto, Alcione Ghedini and Marino, Viviane Cristina de Castro},
  booktitle    = {CoDAS},
  title        = {Acoustic characteristics of healthy voices of adults: {F}rom young to middle age},
  doi          = {10.1590/2317-1782/20182017225},
  volume       = {30},
  year         = {2018},
}

@Article{spazzapan2020,
  author    = {Spazzapan, Evelyn Alves and Fabron, Eliana Maria Gradim and Berti, Larissa Cristina and Chagas, Eduardo Federighi Baisi and de Castro Marino, Viviane Cristina},
  title     = {Acoustic Characteristics of the Voice for {B}razilian {P}ortuguese Speakers Across the Life Span},
  doi       = {10.1016/j.jvoice.2020.09.019},
  journal   = {Journal of Voice},
  publisher = {Elsevier},
  year      = {2020},
}

@inproceedings{marko_bona_2010,
  title={Fundamental frequency patterns: {T}he factors of age and speech type},
  author={Markó, Alexandra and Bóna, Judit},
  booktitle={Proceedings of the ``{W}orkshop sociophonetics, at the crossroads of speech variation, processing and communication''},
  pages={45--48},
  year={2010},
  url={https://edizioni.sns.it/wp-content/uploads/2013/12/Sociophonetics_12_MARKO.pdf},
}

@Article{who_hearing_2019,
  author    = {Olusanya, Bolajoko O. and Davis, Adrian C. and Hoffman, Howard J.},
  title     = {Hearing loss grades and the international classification of functioning, disability and health},
  doi       = {10.2471/BLT.19.230367},
  number    = {10},
  pages     = {725--728},
  volume    = {97},
  journal   = {Bulletin of the World Health Organization},
  publisher = {World Health Organization},
  year      = {2019},
}

@Article{hunter2012_v-shape,
  author  = {Hunter, Eric J. and Kapsner-Smith, Mara and Pead, Patrick and Engar, Megan Z. and Brown, Wesley R.},
  title   = {Age and speech production: {A} 50-year longitudinal study},
  doi     = {10.1111/j.1532-5415.2012.03983.x},
  number  = {6},
  pages   = {1175--1177},
  volume  = {60},
  journal = {Journal of the American Geriatrics Society},
  year    = {2012},
}

@Article{reubold2010vocal,
  author    = {Reubold, Ulrich and Harrington, Jonathan and Kleber, Felicitas},
  title     = {Vocal aging effects on F0 and the first formant: {A} longitudinal analysis in adult speakers},
  doi       = {10.1016/j.specom.2010.02.012},
  number    = {7-8},
  pages     = {638--651},
  volume    = {52},
  journal   = {Speech Communication},
  publisher = {Elsevier},
  year      = {2010},
}

@Article{harnsberger_etal2008,
  author    = {Harnsberger, James D. and Shrivastav, Rahul and Brown Jr, William S. and Rothman, Howard and Hollien, Harry},
  title     = {Speaking rate and fundamental frequency as speech cues to perceived age},
  doi       = {10.1016/j.jvoice.2006.07.004},
  number    = {1},
  pages     = {58--69},
  volume    = {22},
  journal   = {Journal of Voice},
  publisher = {Elsevier},
  year      = {2008},
}

@Article{tucker_etal2021,
  author    = {Tucker, Benjamin V. and Ford, Catherine and Hedges, Stephanie},
  title     = {Speech aging: {P}roduction and perception},
  doi       = {10.1002/wcs.1557},
  pages     = {e1557},
  journal   = {Wiley Interdisciplinary Reviews: Cognitive Science},
  publisher = {Wiley},
  year      = {2021},
  volume    = {12},
  issue     = {5},
}

@Article{bier_etal2016,
  author    = {Bier, Stephen D. and Watson, Catherine I. and McCann, Clare M.},
  title     = {Dynamic measures of voice stability in young and old adults},
  doi       = {10.3109/14015439.2016.1156155},
  number    = {2},
  pages     = {51--61},
  volume    = {42},
  journal   = {Logopedics Phoniatrics Vocology},
  publisher = {Taylor \& Francis},
  year      = {2016},
}

@Article{scukanec_etal1996,
  author    = {Scukanec, Gail P. and Petrosino, Linda and Colcord, Roger  D.},
  title     = {Age-related differences in acoustical aspects of contrastive stress in women},
  doi       = {10.1159/000266414},
  number    = {5},
  pages     = {231--239},
  volume    = {48},
  journal   = {Folia Phoniatrica et Logopaedica},
  publisher = {Karger},
  year      = {1996},
}

@Article{scukanec_etal1992,
  author    = {Scukanec, Gail P. and Petrosino, Linda and Rastatter, Michael P.},
  title     = {Fundamental frequency variability in elderly women during production of stressed and unstressed words},
  doi       = {10.2466/pms.1992.74.3c.1091},
  number    = {3\_suppl},
  pages     = {1091--1095},
  volume    = {74},
  journal   = {Perceptual and Motor Skills},
  publisher = {{SAGE}},
  year      = {1992},
}

@Article{piazza_etal2021_FDS_review,
  author    = {Piazza, Giorgio and Martin, Clara D. and Kalashnikova, Marina},
  title     = {The acoustic features and didactic function of Foreigner Directed Speech: {A} literature review.},
  doi       = {10.31234/osf.io/scnke},
  publisher = {{PsyArXiv}},
  year      = {2021},
}

@Article{santos_etal2021,
  author    = {Santos, Aline Oliveira and Godoy, Juliana and Silverio, Kelly and Brasolotto, Alcione},
  title     = {Vocal changes of men and women from different age decades: {A}n analysis from 30 years of age},
  doi       = {10.1016/j.jvoice.2021.06.003},
  journal   = {Journal of Voice},
  publisher = {Elsevier},
  year      = {2021},
  volume =    {OnlineFirst},
}

@Article{goy_etal2013normative,
  author    = {Goy, Huiwen and Fernandes, David N. and Pichora-Fuller, M. Kathleen and {van Lieshout}, Pascal},
  title     = {Normative voice data for younger and older adults},
  doi       = {10.1016/j.jvoice.2013.03.002},
  number    = {5},
  pages     = {545--555},
  volume    = {27},
  journal   = {Journal of Voice},
  publisher = {Elsevier},
  year      = {2013},
}

@Inproceedings{hazan_etal2015_fds,
  title={How does foreigner-directed speech differ from other forms of listener-directed clear speaking styles?},
  author={Hazan, Valerie and Uther, Maria and Grunlund, Sonia},
  year={2015},
  booktitle={Proceedings of the 18th {ICPhS}},
 %%% pages = {},
  url = {https://www.internationalphoneticassociation.org/icphs-proceedings/ICPhS2015/Papers/ICPHS0346.pdf},
}

@Article{ryalls_etal1994,
  author    = {Ryalls, John and Le Dorze, Guylaine and Lever, Nathalie and Ouellet, Lisa and Larfeuil, Céline},
  title     = {The effects of age and sex on speech intonation and duration for matched statements and questions in {F}rench},
  doi       = {10.1121/1.408639},
  number    = {4},
  pages     = {2274--2276},
  volume    = {95},
  journal   = {The Journal of the Acoustical Society of America},
  publisher = {Acoustical Society of America},
  year      = {1994},
}

@article{Hansen_etal_submitted,
    title= {Individual differences in early disambiguation of prosodic grouping},
    author={Hansen, Marie and Huttenlauch, Clara and de Beer, Carola and Wartenburger, Isabell and Hanne, Sandra},
    journal={Language and Speech},
    year={2022},
    volume = {OnlineFirst},
    doi = {10.1177/00238309221127374}
}

@Article{uther_etal2007_fds,
  author    = {Uther, Maria and Knoll, Monja A. and Burnham, Denis},
  title     = {Do you speak {E-NG-LI-SH}? {A} comparison of foreigner- and infant-directed speech},
  doi       = {10.1016/j.specom.2006.10.003},
  number    = {1},
  pages     = {2--7},
  volume    = {49},
  journal   = {Speech {C}ommunication},
  publisher = {Elsevier},
  year      = {2007},
}

@article{knoll_etal2011_fds,
  title={“{L}ook at the shark”: {E}valuation of student- and actress-produced standardised sentences of infant- and foreigner-directed speech},
  author={Knoll, Monja A. and Scharrer, Lisa and Costall, Alan},
  journal={Speech Communication},
  volume={53},
  number={1},
  pages={12--22},
  year={2011},
  publisher={Elsevier},
  doi={10.1016/j.specom.2010.08.004}
}

@inproceedings{knoll_scharrer2007_fds,
  title={Acoustic and affective comparisons of natural and imaginary infant-, foreigner- and adult-directed speech},
  author={Knoll, Monja A. and Scharrer, Lisa},
  booktitle={Proceedings of {InterSpeech}},
  doi  = {10.21437/Interspeech.2007-29},
  year={2007},
  pages={1414--1417},
}

@InCollection{tuomainen_hazan2018,
  author    = {Tuomainen, Outi and Hazan, Valerie},
  booktitle = {Challenges in analysis and processing of spontaneous speech},
  title     = {Investigating clear speech adaptations in spontaneous speech produced in communicative settings},
  doi       = {10.18135/CAPSS.9},
  editor    = {Gósy, Mária and Gráczi, Tekla Etelka},
  address  = {Budapest},
  pages     = {9--25},
  publisher = {Hungarian Academy of Sciences},
  year      = {2018},
}

@inproceedings{knoll_etal2015_fds,
  title={Can you hear me? {A}coustic modifications in speech directed to foreigners and hearing-impaired people},
  author={Knoll, Monja A. and Johnstone, Melissa and Blakely, Charlene},
  booktitle={Proceedings of {InterSpeech}},
  doi = {10.21437/Interspeech.2015-618},
  year={2015},
  pages={2987--2990},
}

@Article{rodriguez_etal2018_fds,
  author    = {Rodriguez-Cuadrado, Sara and Baus, Cristina and Costa, Albert},
  title     = {Foreigner talk through word reduction in native/non-native spoken interactions},
  doi       = {10.1017/S1366728917000402},
  number    = {2},
  pages     = {419--426},
  volume    = {21},
  journal   = {Bilingualism: Language and Cognition},
  publisher = {Cambridge University Press},
  year      = {2018},
}

@Article{dromey_scott2016_noise_age,
  author    = {Dromey, Christopher and Scott, Sarah},
  title     = {The effects of noise on speech movements in young, middle-aged, and older adults},
  doi       = {10.1080/2050571X.2015.1133757},
  number    = {3},
  pages     = {131--139},
  volume    = {19},
  journal   = {Speech, Language and Hearing},
  publisher = {Taylor \& Francis},
  year      = {2016},
}

@Article{tuomainen2021age,
  author    = {Tuomainen, Outi and Taschenberger, Linda and Rosen, Stuart and Hazan, Valerie},
  title     = {Speech modifications in interactive speech: {E}ffects of age, sex and noise type},
  doi       = {10.1098/rstb.2020.0398},
  number    = {1841},
  pages     = {20200398},
  volume    = {377},
  journal   = {Philosophical Transactions of the Royal Society B: Biological Sciences},
  publisher = {The Royal Society},
  year      = {2021},
}
 
@Inproceedings{asuNolan1999,
  author    = {Asu, Eva Liina and Nolan, Francis},
  booktitle = {Proceedings of the 14th {ICPhS}},
  title     = {The effect of intonation on pitch cues to the {E}stonian quantity contrast},
  pages     = {1873--1876},
  year      = {1999},
  url = {https://www.internationalphoneticassociation.org/icphs-proceedings/ICPhS1999/papers/p14_1873.pdf},
}

@Article{barEtAl2006,
  author    = {Bar, Moshe and Kassam, Karim S. and Ghuman, Avniel Singh Ingh and Boshyan, Jasmine and Schmidt, Ann Marie and Dale, Anders M. and Hämäläinen, Matti S. and Marinkovic, Ksenija and Schacter, Daniel L. L. and Rosen, Bruce Robert and Halgren, Eric},
  journal   = {Proceedings of the {National Academy of Sciences USA}},
  title     = {Top-down facilitation of visual recognition},
  year      = {2006},
 % issn      = {00278424},
  number    = {2},
  pages     = {449--454},
  volume    = {103},
  doi       = {10.1073/pnas.0507062103},
  publisher = {National Academy of Sciences},
}

@Article{baumannWinter2018,
  author   = {Baumann, Stefan and Winter, Bodo},
  journal  = {Journal of Phonetics},
  title    = {What makes a word prominent? {P}redicting untrained {G}erman listeners' perceptual judgments},
  year     = {2018},
  issn     = {0095-4470},
  pages    = {20--38},
  volume   = {70},
  doi      = {10.1016/j.wocn.2018.05.004},
}

@Article{bironEtAl2021,
  author    = {Biron, Tirza and Baum, Daniel and Freche, Dominik and Matalon, Nadav and Ehrmann, Netanel and Weinreb, Eyal and Biron, David and Moses, Elisha},
  title     = {Automatic detection of prosodic boundaries in spontaneous speech},
  doi       = {10.1371/journal.pone.0250969},
  number    = {5},
  pages     = {1--21},
  volume    = {16},
  journal   = {PLOS ONE},
  publisher = {Public Library of Science},
  year      = {2021},
}

@book{duBoisEtAl1992,
editor = {Bois, John W. Du and Cumming, Susanna and Schuetze-Coburn, Stephan and Paolino, Danae},
publisher = {Department of Linguistics, University of California},
address = {Santa Barbara},
title = {Discourse Transcription},
volume = {4},
year = {1992}
}

@Article{breenEtAl2012,
  author  = {Breen, Mara and Dilley, Laura C. and Kraemer, John and Gibson, Edward},
  title   = {Inter-transcriber reliability for two systems of prosodic annotation: {ToBI} {(Tones and Break Indices)} and {RaP} {(Rhythm and Pitch)}},
  doi     = {10.1515/cllt-2012-0011},
  number  = {2},
  pages   = {277--312},
  volume  = {8},
  journal = {Corpus Linguistics and Linguistic Theory},
  year    = {2012},
}

@inproceedings{buhmannEtAl2002,
author = {Buhmann, Jeska and Caspers, Johanneke and van Heuven, Vincent J. and Hoekstra, Heleen and Martens, Jean-Pierre and Swerts, Marc},
booktitle = {Proceedings of the third international conference on {L}anguage {R}esources and {E}valuation ({LREC}'02)},
title = {Annotation of prominent words, prosodic boundaries and segmental lengthening by non-expert transcribers in the Spoken {D}utch Corpus},
year = {2002},
url  = {http://www.lrec-conf.org/proceedings/lrec2002/pdf/96.pdf},
}

@inbook{chafe1987,
publisher = {Benjamins},
address = {Amsterdam},
author = {Chafe, Wallace},
booktitle = {Coherence and Grounding in Discourse: {O}utcome of a Symposium},
editor = {Tomlin, Russell S.},
pages = {21--51},
title = {Cognitive constraints on information flow},
series = {Typological Studies in Language },
number = {11},
year = {1987},
doi = {10.1075/tsl.11.03cha}
}

@Article{christiansenChater2016,
  author    = {Christiansen, Morten H. and Chater, Nick},
  title     = {The {Now-or-Never} bottleneck: {A} fundamental constraint on language},
  doi       = {10.1017/S0140525X1500031X},
  pages     = {e62},
  volume    = {39},
  journal   = {Behavioral and Brain Sciences},
  publisher = {Cambridge University Press},
  year      = {2016},
}

@Inproceedings{christodoulidesEtAl2018,
author = {Christodoulides, George and Simon, Anne Catherine and Didirkova, Ivana},
booktitle = {Proceedings of {S}peech {P}rosody},
pages = {641--645},
title = {Perception of Prosodic Boundaries by Naive and Expert Listeners in {F}rench. {M}odelling and Automatic Annotation},
year = {2018},
doi = {10.21437/SpeechProsody.2018-130},
}

@book{clark2016,
author = {Clark, Andy},
doi = {10.1093/acprof:oso/9780190217013.001.0001},
publisher = {Oxford University Press},
address = {Oxford},
title = {Surfing Uncertainty: {P}rediction, Action, and the Embodied Mind},
year = {2016}
}

@Article{coleEtAl2010,
  author  = {Cole, Jennifer and Mo, Yoonsook and Baek, Soondo},
  title   = {The role of syntactic structure in guiding prosody perception with ordinary listeners and everyday speech},
  doi     = {10.1080/01690960903525507},
  number  = {7--9},
  pages   = {1141--1177},
  volume  = {25},
  journal = {Language and Cognitive Processes},
  year    = {2010},
}

@Article{coleEtAl2011,
  author  = {Cole, Jennifer and Mo, Yoonsook and Hasegawa-Johnson, Mark},
  title   = {Signal-based and expectation-based factors in the perception of prosodic prominence},
  doi     = {10.1515/labphon.2010.022},
  number  = {2},
  pages   = {425--452},
  volume  = {1},
  journal = {Laboratory Phonology},
  year    = {2011},
}

@book{cooperSorensen1981,
author = {Cooper, William E. and Sorensen, John M.},
publisher = {Springer},
address  = {New York},
title = {Fundamental Frequency in Sentence Production},
year = {1981}
}

@InBook{couperKuhlen2001,
  author    = {Couper-Kuhlen, Elizabeth},
  booktitle = {The handbook of discourse analysis},
  title     = {Intonation and discourse: {C}urrent views from within},
  doi       = {10.1002/9780470753460.ch2},
  editor    = {Deborah Schiffrin and Deborah Tannen and Heidi E. Hamilton},
  pages     = {13--34},
  publisher = {Blackwell},
  address   = {Malden, MA},
  year      = {2001},
}

@Article{cutlerEtAl1997,
  author  = {Cutler, Anne and Dahan, Delphine and van Donselaar, Wilma},
  title   = {Prosody In the Comprehension of Spoken Language: {A} Literature Review},
  doi     = {10.1177/002383099704000203},
  number  = {2},
  pages   = {141--201},
  volume  = {40},
  journal = {Language and Speech},
  year    = {1997},
}

@incollection{dahanFerreira2019,
author = {Dahan, Delphine and Ferreira, Fernanda},
booktitle = {Human Language: {F}rom Genes and Brains to Behavior},
editor = {Hagoort, Peter},
pages = {21--33},
publisher = {MIT Press},
address   = {Cambridge, MA},
title = {Language comprehension: {I}nsights from research on spoken language},
year = {2019}
}

@article{cruzPaviaEtAl2019,
author = {de la Cruz-Pavía, Irene and Werker, Janet F. and Vatikiotis-Bateson, Eric and Gervain, Judit},
doi = {10.1177/0023830919842353},
issn = {0023-8309},
journal = {Language and Speech},
number = {2},
pages = {264--291},
publisher = {{SAGE}},
title = {Finding Phrases: {T}he Interplay of Word Frequency, Phrasal Prosody and Co-speech Visual Information in Chunking Speech by Monolingual and Bilingual Adults},
volume = {63},
year = {2019}
}

@Article{duez1985,
  author  = {Duez, Danielle},
  title   = {Perception of silent pauses in continuous speech},
  doi     = {10.1177/002383098502800403},
  number  = {4},
  pages   = {377--388},
  volume  = {28},
  journal = {Language and Speech},
  year    = {1985},
}

@Article{eek1990,
  author  = {Eek, Arvo},
  title   = {Units of temporal organisation and word accents in {E}stonian},
  number  = {4},
  pages   = {251--263},
  volume  = {26},
  journal = {Linguistica Uralica},
  year    = {1990},
}

@Article{engelEtAl2001,
  author  = {Engel, Andreas K. and Fries, Pascal and Singer, Wolf},
  title   = {Dynamic predictions: {O}scillations and synchrony in top-down processing},
  doi     = {10.1038/35094565},
  issn    = {1471-0048},
  number  = {10},
  pages   = {704--716},
  volume  = {2},
  journal = {Nature Reviews Neuroscience},
  year    = {2001},
}

@Book{estSynt2017,
  author    = {Erelt, Mati and Metslang, Helle},
  title     = {Eesti keele süntaks [eng. {E}stonian Syntax]},
  isbn      = {978-9949-77-436-4},
  publisher = {Tartu Ülikooli Kirjastus},
  address   = {Tartu},
  series    = {Eesti keele varamu},
  year      = {2017},
}

@incollection{feryIshihara2009,
address = {Oxford},
author = {Féry, Caroline and Ishihara, Shinichiro},
booktitle = {Information Structure: {T}heoretical, Typological, and Experimental Perspectives},
editor = {Zimmermann, Malte and Féry, Caroline},
pages = {36--63},
publisher = {Oxford University Press},
title = {How Focus and Givenness Shape Prosody},
year = {2009}
}

@Article{Fon2011,
  author   = {Fon, Janice and Johnson, Keith and Chen, Sally},
  title    = {Durational patterning at syntactic and discourse boundaries in {M}andarin spontaneous speech},
  doi      = {10.1177/0023830910372492},
  number   = {Pt 1},
  pages    = {5--32},
  volume   = {54},
  address  = {England},
  journal  = {Language and Speech},
  year     = {2011},
}

@incollection{fujisaki1983,
address = {Heidelberg},
author = {Fujisaki, Hiroya},
booktitle = {The productions of speech},
editor = {MacNeilage, Peter F.},
pages = {39--55},
publisher = {Springer},
title = {Dynamic characteristics of voice fundamental frequency in speech and singing},
year = {1983}
}

@incollection{fujisakiHirose1982,
author = {Fujisaki, Hiroya and Hirose, Keikichi},
booktitle = {Preprint of Papers. {W}orking Group on Intonation, 13th {I}nternational {C}ongress of {L}inguistics},
pages = {57--70},
title = {Modelling the dynamic characteristics of voice fundamental frequency with applications to analysis and synthesis of intonation},
year = {1982}
}

@Article{green2017,
  author  = {Green, Clarence},
  title   = {Usage-based linguistics and the magic number four},
  doi     = {10.1515/cog-2015-0112},
  number  = {2},
  pages   = {209--237},
  volume  = {28},
  journal = {Cognitive Linguistics},
  year    = {2017},
}

@Article{halliday1967a,
  author  = {Halliday, Michael A. K.},
  title   = {Notes on Transitivity and Theme in {E}nglish: {P}art 2},
 %%% doi     = {10.1017/s0022226700012949},
  doi     = {10.1017/S0022226700016613},
  number  = {2},
  pages   = {199--244},
  volume  = {3},
  journal = {Journal of Linguistics},
  year    = {1967},
}

@article{himmelmannEtAl2018,
author = {Himmelmann, Nikolaus P. and Sandler, Meytal and Strunk, Jan and Unterladstetter, Volker},
doi = {10.1017/S0952675718000039},
journal = {Phonology},
number = {2},
pages = {207--245},
publisher = {Cambridge University Press},
title = {On the universality of intonational phrases: {A} cross-linguistic interrater study},
volume = {35},
year = {2018}
}

@Article{keatingShattuckHufnagel2002,
  author  = {Keating, Patricia A. and Shattuck-Hufnagel, Stefanie},
  title   = {A Prosodic View of Word Form Encoding for Speech Production},
  pages   = {112--156},
  volume  = {101},
  journal = {{UCLA} {W}orking Papers in Phonetics},
  year    = {2002},
  url     = {https://escholarship.org/uc/item/1qf5f44k},
}

@Article{landisKoch1977,
  author  = {Landis, J. Richard and Koch, Gary G.},
  title   = {The measurement of observer agreement for categorical data},
  doi     = {10.2307/2529310},
  number  = {1},
  pages   = {159--174},
  volume  = {33},
  journal = {Biometrics},
  year    = {1977},
}

@article{langusEtAl2012,
author = {Langus, Alan and Marchetto, Erika and Bion, Ricardo Augusto Hoffmann and Nespor, Marina},
doi = {10.1016/j.jml.2011.09.004},
issn = {0749-596X},
journal = {Journal of Memory and Language},
number = {1},
pages = {285--306},
title = {Can prosody be used to discover hierarchical structure in continuous speech?},
volume = {66},
year = {2012}
}

@Article{lehiste1960,
  author  = {Lehiste, Ilse},
  title   = {Segmental and syllabic quantity in {E}stonian},
  pages   = {21--82},
  series  = {Uralic and Altaic series},
 number  = {1},
  journal = {American Studies in Uralic Linguistics},
  year    = {1960},
}

@incollection{lehiste1997,
  author    = {Lehiste, Ilse},
  booktitle = {Estonian Prosody: {P}apers from a Symposium},
  title     = {Search for Phonetic Correlates in {E}stonian Prosody},
  editor    = {Lehiste, Ilse and Ross, Jaan},
  pages     = {11--35},
  publisher = {Institute of Estonian Language},
  address   = {Tallinn},
  year      = {1997},
}

@misc{lippus2019,
author = {Lippus, Pärtel},
doi = {10.15155/re-62},
title = {Foneetikakorpuse sagedussõnastik},
year = {2019}
}

@misc{lippusEtAl2015,
author = {Lippus, Pärtel and Tuisk, Tuuli and Salveste, Nele and Teras, Pire},
doi = {10.15155/1-00-0000-0000-0000-00074L},
title = {Phonetic Corpus of {E}stonian spontaneous speech v.1.0.0},
year = {2016}
}

@misc{lmeds,
author = {Mahrt, Tim},
howpublished = {Computer Program},
title = {{LMEDS}: {L}anguage markup and experimental design software},
year = {2016}
}

@Article{mattysEtAl2005,
  author       = {Mattys, Sven L. and White, Laurence and Melhorn, James F.},
  journaltitle = {Journal of Experimental Psychology. General},
  title        = {Integration of multiple speech segmentation cues: {A} hierarchical framework},
  doi          = {10.1037/0096-3445.134.4.477},
  number       = {4},
  pages        = {477--500},
  volume       = {134},
  year         = {2005},
}

@Article{miller1956,
  author  = {Miller, George  A.},
  title   = {The magical number seven plus or minus two: {S}ome limits on our capacity for processing information},
  doi     = {10.1037/h0043158},
  number  = {2},
  pages   = {81--97},
  volume  = {63},
  journal = {Psychological Review},
  year    = {1956},
}

@Article{nash2014,
  author  = {Nash, John  C.},
  title   = {On Best Practice Optimization Methods in {R}},
  doi     = {10.18637/JSS.V060.I02},
  number  = {2},
  pages   = {1--14},
  volume  = {60},
  journal = {Journal of Statistical Software},
  year    = {2014},
}

@Article{nashVaradhan2011,
  author  = {Nash, John C. and Varadhan, Ravi},
  title   = {Unifying Optimization Algorithms to Aid Software System Users: {optimx} for {R}},
  doi     = {10.18637/JSS.V043.I09},
  number  = {9},
  pages   = {1--14},
  volume  = {43},
  journal = {Journal of Statistical Software},
  year    = {2011},
}

@Article{ordinEtAl2017,
  author  = {Ordin, Mikhail and Polyanskaya, Leona and Laka, Itziar and Nespor, Marina},
  title   = {Cross-linguistic differences in the use of durational cues for the segmentation of a novel language},
  doi     = {10.3758/s13421-017-0700-9},
  issn    = {1532-5946},
  number  = {5},
  pages   = {863--876},
  volume  = {45},
  journal = {Memory and Cognition},
  year    = {2017},
}

@Article{otsTaremaaOpli2022,
  author  = {Ots, Nele and Taremaa, Piia},
  title   = {A perceptual study of language chunking in {E}stonian},
  doi     = {10.1515/opli-2020-0182},
  number  = {1},
  pages   = {1--26},
  volume  = {8},
  journal = {Open Linguistics},
  year    = {2022},
}

@book{peters1999,
author = {Peters, Benno},
pages = {1--171},
title = {Prototypische {I}ntonationsmuster in deutscher {Lese- und Spontansprache}},
year = {1999},
publisher = {Magister Thesis, Universität Kiel},
url = {https://www.ipds.uni-kiel.de/kjk/pub_exx/bp1999_1/aipuk34_bp-ma.pdf},
}

@Article{pierrehumbert1979,
  author  = {Pierrehumbert, Janet B.},
  title   = {The perception of fundamental frequency declination},
  doi     = {10.1121/1.383670},
  number  = {2},
  pages   = {363--369},
  volume  = {66},
  journal = {Journal of Acoustical Society of America},
  year    = {1979},
}

@article{riesbergEtAl2020,
author = {Riesberg, Sonja and Kalbertodt, Janina and Baumann, Stefan and Himmelmann, Nikolaus P.},
doi     = {10.5334/labphon.192},
journal = {Laboratory Phonology},
number  = {8},
pages   = {1--35},
title   = {Using {Rapid Prosody Transcription} to probe little-known prosodic systems: {T}he case of {Papuan Malay}},
volume  = {11(1)},
year    = {2020}
}

@Article{schildEtAl2014,
  author  = {Schild, Ulrike and Becker, Angelika B. C. and Friedrich, Claudia K.},
  title   = {Phoneme-free prosodic representations are involved in pre-lexical and lexical neurobiological mechanisms underlying spoken word processing},
  doi     = {10.1016/j.bandl.2014.07.006},
  number  = {100},
  pages   = {31--43},
  volume  = {136},
  journal = {Brain and Language},
  year    = {2014},
}

@Article{schuetzeCoburnEtAl1991,
  author  = {Schuetze-Coburn, Stephan and Shapley, Marian and Weber, Elizabeth G.},
  title   = {Units of intonation in discourse: {A} comparison of acoustic and auditory analyses},
  doi     = {10.1177/002383099103400301},
  pages   = {207--234},
  volume  = {34},
  number   = {3},
  journal = {Language and Speech},
  year    = {1991},
}

@Article{silbertEtAl2014,
  author    = {Silbert, Lauren J. and Honey, Christopher J. and Simony, Erez and Poeppel, David and Hasson, Uri},
  title     = {Coupled neural systems underlie the production and comprehension of naturalistic narrative speech},
  doi       = {10.1073/pnas.1323812111},
  issn      = {0027-8424},
  number    = {43},
  pages     = {E4687--E4696},
  volume    = {111},
  journal   = {Proceedings of the {National Academy of Sciences USA}},
  publisher = {National Academy of Sciences},
  year      = {2014},
}

@Inproceedings{simonChristo2016,
author = {Simon, Anne Catherine and Christodoulides, George},
booktitle = {Proceedings of {S}peech {P}rosody},
pages = {1158--1162},
title = {Perception of Prosodic Boundaries by Na{\"{i}}ve Listeners in {F}rench},
year = {2016},
doi = {10.21437/SpeechProsody.2016-238},
}

@Article{thorsen1985,
  author  = {Thorsen, Nina Gr{\o}nnum},
  title   = {Intonation and text in {Standard Danish}},
  doi     = {10.1121/1.392187},
  number  = {3},
  pages   = {1205--1216},
  volume  = {77},
  journal = {The Journal of the Acoustical Society of America},
  year    = {1985},
}

@inproceedings{TrouvainEtAl1998,
author = {Trouvain, Jürgen and Barry, William J. and Nielsen, Claus and Andersen, Ove Kjeld},
booktitle = {Proceedings of the 3rd {ESCA/COCOSDA} workshop on speech synthesis},
pages = {47--52},
title = {Implications of Energy Declination for Speech Synthesis},
year = {1998}
}

@Inproceedings{ulbrich2002,
author = {Ulbrich, Christiane},
booktitle = {Proceedings of {S}peech {P}rosody},
pages = {671--674},
title = {A comparative study of intonation in three standard varieties of {G}erman},
year = {2002},
url = {https://www.isca-speech.org/archive/pdfs/speechprosody_2002/ulbrich02_speechprosody.pdf},
}

@Article{Wagner2019,
  author  = {Wagner, Michael and McAuliffe, Michael},
  title   = {The effect of focus prominence on phrasing},
  doi     = {10.1016/j.wocn.2019.100930},
  pages   = {100930},
  volume  = {77},
  journal = {Journal of Phonetics},
  year    = {2019},
}

@Article{yuanLiberman2014,
  author  = {Yuan, Jiahong and Liberman, Mark Y.},
  title   = {{F0} declination in {E}nglish and {M}andarin Broadcast News Speech},
  doi     = {10.1016/j.specom.2014.06.001},
  pages   = {67--74},
  volume  = {65},
  journal = {Speech Communication},
  year    = {2014},
}
