@book{langsci-current-book, editor = {Łukasz Jędrzejowski and Uwe Junghanns and Kerstin Schwabe and Carla Umbach}, title = {{Syntax, semantics, and the lexicon}}, subtitle = {{Papers by and in honor of Ilse Zimmermann}},year = {2025}, series = {Open Slavic Linguistics}, number = {9}, location = {Berlin}, publisher = {Language Science Press}, options = {dataonly=true} } 
