%%%%Zi02
@article{Acquaviva1995,
    author      = {Acquaviva, Paulo}, 
    title       = {Operator Composition and the Derivation of Negative Concord},
    journal     = {Geneva Generative Papers},
    volume      = {3},
    number = {2},
    year        = {1995},
    pages       = {72-104}
}

@incollection{Bierwisch1987,
    author      = {Bierwisch, Manfred}, 
    title       = {Semantik der {Graduierung}},
    booktitle   = {Grammatische und konzeptuelle {Aspekte} von {Dimensionsadjektiven}},
    year        = {1987},
    editor      = {Bierwisch, Manfred and Lang, Ewald},
    publisher   = {Akademie-Verlag}, 
    address     = {Berlin},
    pages       = {91-286},
    series      = {Studia grammatica},
	number      = {26/27},
}

@incollection{Bierwisch1997,
    author      = {Bierwisch, Manfred}, 
    title       = {Lexical Information from a Minimalist Point of View},
    booktitle   = {The Role of Economy Principles in Linguistic Theory},
    editor      = {Wilder, Chris and Gärtner, Hans-Martin and Bierwisch, Manfred}, 
    year        = {1997},
    publisher   = {De Gruyter},
    address     = {Berlin},
    pages       = {227-266},
    series      = {Studia grammatica},
	number      = {40},
    doi         = {10.1515/9783050072173-010}
}

@inproceedings{Billings1997,
    author      = {Billings, Loren A.}, 
    title       = {Negated Prepositional Phrases in {Slavic}},
    booktitle   = {Formal {Approaches} to {Slavic} {Linguistics} 4: {The} {Cornell} Meeting 1995},
    editor      = {Browne, Wayles and Dornisch, Ewa and Kondrashova, Natasha and Zec, Draga},
    year        = {1997},
    publisher   = {Michigan Slavic Publications}, 
    address     = {Ann Arbor},
    pages       = {115-134}
}

@article{Blaszczak1998,
    author      = {Błaszczak, Joanna},
    title       = {Towards a Binding Analysis of Negative Polarity Items in {Polish}},
    journal     = {Linguistics in Potsdam},
    volume      = {3},
    year        = {1998},
    pages       = {1-37}
}

@phdthesis{Blaszczak2000,
    author      = {Błaszczak, Joanna},
    title       = {Investigation into the Interaction between Indefinites and Negation in     {Polish}},
    school      = {Humboldt-Universität zu Berlin},
    address = {Berlin},
    year        = {2000}
}

@incollection{Brandt.etal1992,
    author    = {Brandt, Margareta and Reis, Marga and Rosengren, Inger and Zimmermann, Ilse},
    title     = {Satztyp, {Satzmodus} und {Illokution}},
    booktitle = {Satz und {Illokution}},
    year      = {1992},
    editor    = {Rosengren, Inger},
    publisher = {Niemeyer},  
    series    = {Linguistische Arbeiten},
    number    = {278.1},
    pages     = {1-90},
    address   = {Tübingen},
    doi       = {10.1515/9783111353210.4}
}

@article{Cardinaletti1994,
    author      = {Cardinaletti, Anna}, 
    title       = {On the Internal Structure of Pronominal {DPs}},
    journal     = {The Linguistic Review},
    volume      = {11},
    number      = {3--4},
    year        = {1994},
    pages       = {195-219},
    doi         = {10.1515/tlir.1994.11.3-4.195}
}

@article{Cardinaletti.Starke1995,
    author      = {Cardinaletti, Anna and Starke, Michal}, 
    title       = {The Typology of Structural Deficiency: {On} the Three Grammatical Classes},
    journal     = {FAS Papers in Linguistics},
    volume      = {1},
    year        = {1995},
    pages       = {1-55}
}

@Book{Chomsky1995,
    author    = {Chomsky, Noam},
    title     = {The Minimalist Program},
    year      = {1995},
    publisher = {MIT Press},
    address   = {Cambridge, MA},
}

@book{Chomsky1998,
    author      = {Chomsky, Noam},
    title       = {Minimalist Inquiries: {The} Framework},
    year        = {1998},
    series      = {MIT Occasional Papers in Linguistics},
    number      = {15},
    publisher = {MIT Press},
    address   = {Cambridge, MA},
}

@book{Chomsky1999,
    author      = {Chomsky, Noam},
    title       = {Derivation by Phase},
    series      = {MIT Working Papers in Linguistics},
    number      = {18},
    year        = {1999},
    publisher = {MIT Press},
    address   = {Cambridge, MA},
}

@article{Dahl1970,
    author      = {Dahl, Östen},
    title       = {Some Notes on Indefinites},
    journal     = {Language},
    volume      = {46},
    number      = {1},
    year        = {1970},
    pages       = {33-41},
   doi         = {10.2307/412405}
}

@book{Diesing1992,
    author      = {Diesing, Molly}, 
    title       = {Indefinites},
    publisher   = {MIT Press}, 
    series      = {Linguistic Inquiry Monographs},
    number      = {20},
    address     = {Cambridge, MA},
    year        = {1992}
}

@article{Emonds1987,
    author      = {Emonds, Joseph E.}, 
    title       = {The Invisible Category Principle},
    journal     = {Linguistic Inquiry},
    volume      = {18},
    number      = {4},
    year        = {1987},
    pages       = {613-632},
   url         = {https://www.jstor.org/stable/4178563}
}

@article{Giusti1991,
    author      = {Giusti, Giuliana}, 
    title       = {The Categorial Status of Quantified Nominals},
    journal     = {Linguistische Berichte},
    volume      = {136},
    year        = {1991},
    pages       = {438-454}
}

@phdthesis{Haspelmath1993,
    author      = {Haspelmath, Martin}, 
    title       = {A Typological Study on Indefinite Pronouns},
    school      = {Freie Universität Berlin},
    address = {Berlin},
    year        = {1993}
}

@phdthesis{Heim1982,
    author      = {Heim, Irene}, 
    title       = {The Semantics of Definite and Indefinite Noun Phrases},
    school      = {University of Massachusetts at Amherst},
    address = {Amherst, MA},
    year        = {1982}
}

@Book{Isacenko1962,
    author    = {Alexander V. Isačenko}, 
    title     = {Die russische {Sprache} der {Gegenwart}: {Formenlehre}},
    year      = {1962},
    publisher = {Niemeyer},
    address   = {Halle},
    owner     = {radeksimik},
    sortname  = {Alexander V. Isacenko},
    timestamp = {2019-01-23},
}

@incollection{Isacenko1965,
    author      = {Isačenko, Alexander V.}, 
    title       = {O sintaksičeskoj prirode mestoimenij},
    booktitle   = {Problemy sovremennoj filologii. {Sbornik} statej k semidesjatiletiju akademika {V}. {V}. {V}inogradova},
    year        = {1965},
    publisher   = {Nauka},
    address     = {Moskva},
    pages       = {159-166}
}

@article{Jackendoff1975,
    author  = {Jackendoff, Ray},
    title   = {Morphological and Semantic Regularities in the Lexicon},
    journal = {Language},
    volume  = {51},
    number  = {3},
    year    = {1975},
    pages   = {639-671},
   doi     = {10.2307/412891}
}

@book{Katz.Postal1964,
    author      = {Katz, Jerrold J. and Postal, Paul M.}, 
    title       = {An Integrated Theory of Linguistic Descriptions},
    publisher   = {MIT Press},
    year        = {1964},
    address     = {Cambridge, MA}
}

@incollection{Klima1964,
    author      = {Klima, Edward S.}, 
    title       = {Negation in {English}},
    booktitle   = {The Structure of Language: {Readings} in the Philosophy of Language},
    editor      = {Fodor, Jerry A. and Katz, Jerrold J.}, 
    year        = {1964},
    publisher   = {Prentice-Hall}, 
    address     = {Englewood Cliffs, NJ},
    pages       = {246-323}
}

@article{Krizkova1971,
    author  = {Křížková, Helena}, 
    title   = {Systém neurčitých zájmen v současných slovanských jazycích},
    journal = {Slavia},
    volume  = {40},
    year    = {1971},
    pages   = {342-370}
}

@incollection{Lenerz1993,
    author      = {Lenerz, Jürgen},
    title       = {Zu {Syntax} und {Semantik} deutscher {Personalpronomina}},
    booktitle   = {Wortstellung und {Informationsstruktur}},
    editor      = {Reis, Marga},
    year        = {1993},
    publisher   = {Max Niemeyer}, 
    series      = {Linguistische Arbeiten},
    number      = {306},
    address     = {Tübingen},
    doi         = {10.1515/9783111658469.117},
    pages       = {117-153}
}

@book{Mamonov.Rozental1957,
    author      = {Mamonov, Vjačeslav A. and Rozental', Ditmar E.}, 
    title       = {Praktičeskaja stilistika sovremennogo russkogo jazyka},
    year        = {1957},
    publisher   = {Iskusstvo},
    address     = {Moskva}
}

@book{Matthews1991,
    author      = {Matthews, Peter H.},
    title       = {Morphology},
    year        = {1991},
    publisher   = {Cambridge University Press}, 
    address     = {Cambridge},
    series      = {Cambridge Textbook in Linguistics},
    doi         = {10.1017/CBO9781139166485},
    note        = {2. Auflage.}
}

@article{Nau1999,
    author  = {Nau, Nicole},
    title   = {Was schlägt der {Kasus}? {Zu} {Paradigmen} und {Formengebrauch} von {Interrogativpronomen}},
    journal = {Sprachtypologie und Universalienforschung},
    volume  = {52},
    number  = {2},
    pages   = {130-150},
    year    = {1999},
   doi     = {10.1524/stuf.1999.52.2.130}
}

@book{Paduceva1985,
    author      = {Padučeva, Elena V.}, 
    title       = {Vyskazyvanie i ego sootnesennost' s dejstvitel'nost'ju (Referencial'nye aspekty semantiki mestoimenij)},
    publisher   = {Nauka},
    address     = {Moskva},
    year        = {1985}
}

@book{Peskovskij1956,
    author      = {Peškovskij, Aleksander M.},  
    title       = {Russkij sintaksis v naučnom osveščenii},
    year        = {1957},
    publisher   = {Gosudarstvennoe učebno-pedagogičeskoe izdatel’stvo Ministerstva prosveščenija RSFSR}, 
    address     = {Moskva},
    note        = {7. Auflage}
}

@incollection{Postal1969,
    author      = {Postal, Paul M.},  
    title       = {On So-called Pronouns in {English}},
    booktitle   = {Modern Studies in {English}. {Readings} in Transformational Grammar},
    editor      = {Reibel, David S. and Schane, Sabford A.},
    year        = {1969},
    publisher   = {Prentice-Hall},
    address     = {Englewood Cliffs, NJ},
    pages       = {201-224}
}

@book{Preobrazenskij1958,
    author      = {Preobraženskij, Aleksandr G.}, 
    title       = {Ėtimologičeskij slovar' russkogo jazyka (1910-1914)},
    year        = {1958},
    publisher   = {Tipografija G. Lissnera i D. Sovko}, 
    address     = {Moskva},
}

@book{Progovac1994,
    author      = {Progovac, Ljiljana P.}, 
    title       = {Negative and Positive Polarity: {A} Binding Approach},
    series      = {Cambridge Studies in Linguistics},
    number      = {68},
    year        = {1994},
    doi         = {10.1017/CBO9780511554308},
    publisher   = {Cambridge University Press}, 
    address     = {Cambridge},
}

@book{Rauh1995,
    author      = {Rauh, Gisa},  
    title       = {Englische {Präpositionen} zwischen lexikalischen und funktionalen {Kategorien}},
    series      = {Theorie des Lexikons 71. Arbeiten des SFB},
    number      = {282},
    year        = {1995},
    publisher   = {Universität Düsseldorf},
    address     = {Düsseldorf}
}

@article{Reis1999,
author      = {Reis, Marga}, 
title       = {On Sentence Types in {G}erman: {A}n Enquiry into the Relationship between Grammar and Pragmatics},
journal     = {Interdisciplinary Journal for Germanic Linguistics and Semiotic Analysis},
volume      = {4},
number      = {2},
pages       = {195-236},
year        = {1999},
%url         = {https://ub01.uni-tuebingen.de/xmlui/bitstream/handle/10900/46377/pdf/reis_on_sentence_types_in_german.pdf?sequence=1&isAllowed=y}
}

@phdthesis{Ross1967,
    author      = {Ross, John R.}, 
    title       = {Constraints on Variables in Syntax},
    year        = {1967},
    school      = {MIT, Cambridge, MA}
}

@article{Ruzicka1973,
    author      = {Růžička, Rudolf},
    title       = {\textit{Kto-to} und \textit{kto-nibud'}},
    journal     = {Zeitschrift für Slawistik},
    volume      = {18},
    number      = {5},
    year        = {1973},
    pages       = {705-736},
    doi         = {10.1524/slaw.1973.18.1.705}
}

@incollection{Ruzicka2000,
    author      = {Růžička, Rudolf}, 
    title       = {Russische {Indefinita} zwischen {Quantifikation} und {Diskurs}},
    booktitle   = {Von der {Philologie} zur {Grammatiktheorie}. {Peter} {Suchsland} zum 65. {Geburtstag}},
    editor      = {Bayer, Josef and Römer, Christine.},
    year        = {2000},
    publisher   = {Max Niemeyer}, 
    address     = {Tübingen},
    pages       = {161-170}
}

@book{Seliverstova1988,
    author      = {Seliverstova, Ol'ga N.},  
    title       = {Mestoimenie v jazyke i reči},
    year        = {1988},
    publisher   = {Nauka},
    address     = {Moskva}
}

@book{Steinitz.Lang1969,
    author      = {Steinitz, Renate (unter Mitarbeit von Ewald Lang)}, 
    title       = {Adverbial-{Syntax}},
    series      = {Studia grammatica},
    number      = {10},
    year        = {1969},
    publisher   = {Akademie-Verlag},
    address     = {Berlin}
}

@book{Steube.Spaeth1998,
    author      = {Steube, Anita and Späth, Andreas},
    title       = {{DP}-{Semantik} und {Informationsstrukturierung} im {Russischen} (auf der {Basis} eines {Vergleichs} mit dem {Deutschen}},
    series      = {Sprache und Pragmatik},
    number      = {46},
    year        = {1998},
    publisher   = {Germanistisches Institut der Universität Lund}, 
    address     = {Lund}
}

@article{Stiebels.Wunderlich1994,
    author      = {Stiebels, Barbara and Wunderlich, Dieter},
    title       = {Morphology Feeds Syntax: {The} Case of Particle Verbs},
    journal     = {Linguistics},
    volume      = {32},
    number      = {6},
    year        = {1994},
    pages       = {913-968},
    doi         = {10.1515/ling.1994.32.6.913}
}

@book{Tsai1999,
    author      = {Tsai, Wei-Tien D.},
    title       = {On Economizing the Theory of {A-bar} Dependencies},
    series      = {Outstanding Dissertations in Linguistics},
    year        = {1999},
    publisher   = {Garland},
    address     = {New York}
}

@book{Usakov1935,
    author      = {Ušakov, Dmitrij N.},  
    title       = {Tolkovyj slovar' russkogo jazyka pod redakciej {D}.{N}. {Ušakova}},
    year        = {1935-1940},
    publisher   = {Russkie Slovari},
    address     = {Moskva},
    note        = {(Bde. 1-4)}
}

@book{Vasmer1964,
    author      = {Vasmer, Max}, 
    title       = {Russisches etymologisches {Wörterbuch}},
    year        = {1964-1973},
    publisher   = {Progress},
    address     = {Moskva},
    note        = {Übersetzung aus dem Deutschen ins Russische von Oleg N. Trubačev},
}

@incollection{Wunderlich1997a,
	year        = {1997},
	author      = {Wunderlich, Dieter},
	title       = {A minimalist model of inflectional morphology},
	editor      = {Chris Wilder and Hans-Martin Gärtner and Manfred Bierwisch},
	booktitle   = {The role of economy principles in linguistic theory},
	series      = {Studia grammatica},
	number      = {40},
	publisher   = {Akademie-Verlag},
	address     = {Berlin},
	pages       = {267-298}
}

@article{Wunderlich1997b,
    author      = {Wunderlich, Dieter}, 
    title       = {Argument Extension by Lexical Adjunction},
    journal     = {Journal of Semantics},
    volume      = {14},
    number      = {2},
    year        = {1997},
    pages       = {95-142},
    doi         = {10.1093/jos/14.2.95}
}

@article{Wunderlich.Fabri1995,
    author      = {Wunderlich, Dieter and Fabri, Ray}, 
    title       = {Minimalist Morphology: {An} Approach to Inflection},
    journal     = {Zeitschrift für Sprachwissenschaft},
    volume      = {14},
    number      = {2},
    year        = {1995},
    pages       = {236-294},
    doi         = {10.1515/zfsw.1995.14.2.236}
}

@misc{Yadroff.Franks1999,
    author      = {Yadroff, Michael and Franks, Steven},
    title       = {The Origin of Prepositions},
    note        = {Handout. FDSL 3, Leipzig, 3. December 1999. [The paper was published in: Zybatow, Gerhild, Uwe Junghanns, Grit Mehlhorn \& Luka Szucsich (eds.) (2001):
Current Issues in Formal Slavic Linguistics (= Linguistik International; 5). Frankfurt am Main: Peter Lang, 69-79.]},
    year        = {1999}
}

@book{Zaliznja1977,
    author      = {Zaliznjak, Andrej A.},  
    title       = {Gramatičeskij slovar' russkogo jazyka. {Slovoizmenenie}},
    year        = {1977},
    publisher   = {Russkie Slovari},
    address     = {Moskva},
}

@article{Zimmermann1988,
    author  = {Zimmermann, Ilse}, 
    title   = {Nominalisierungen mit dem {Präfix} \textit{ne} im {Russischen}},
    journal = {Zeitschrift für Phonetik, Sprachwissenschaft und Kommunikationsforschung},
    volume  = {41},
    number  = {1},
    year    = {1988},
    pages   = {23-30},
    doi     = {10.1524/stuf.1988.41.16.23}
}

@incollection{Zimmermann1992,
    author      = {Zimmermann, Ilse}, 
    title       = {Der {Skopus} von {Modifikatoren}},
    booktitle   = {Fügungspotenzen. {Zum} 60. {Geburtstag} von {Manfred} {Bierwisch}},
    year        = {1992},
    series      = {Studia grammatica},
    number      = {34},
    editor      = {Zimmermann, Ilse and Strigin, Anatoli},
    publisher   = {Akademie-Verlag},
    address     = {Berlin},
    pages       = {251-279}
}

@incollection{Zimmermann1999,
    author      = {Zimmermann, Ilse},
    title       = {Die {Integration} topikalischer {DPs} in die syn\-tak\-ti\-sche und semantische {Struktur} von {Sätzen}},
    booktitle   = {Sprachspezifische {Aspekte} der {Informationsverteilung}},
    editor      = {Doherty, Monika},  
    series      = {Studia grammatica},
    number      = {47},
    publisher   = {Akademie-Verlag},
    year        = {1999},
    pages       = {41-60}
}

@incollection{Zimmermann2000,
    author      = {Zimmermann, Ilse},  
    title       = {Die {Analysierbarkeit} von {Pronomen} und {Proadverbialia} im {Russischen}},
    booktitle   = {Angemessene {Strukturen}: {Systemorganisation} in {Phonologie}, {Morphologie} und {Syntax}},
    editor      = {Bittner, Andreas and Bittner, Dagmar and Köpcke, Klaus M.}, 
    year        = {2000},
    publisher   = {Olms},
    address     = {Hildesheim},
    pages       = {261-282}
}

@book{Zwarts1992,
    author      = {Zwarts, Joost}, 
    title       = {X'-syntax -- {X'-semantics}: {On} the Interpretation of Functional and Lexical Heads},
    series      = {OTS Dissertation Series},
    year        = {1992},
    publisher   = {Universiteit Utrecht},
    address     = {Utrecht}
}

@incollection{Zybatow1990,
    author      = {Zybatow, Gerhild},
    title       = {Mit \textit{kakoj} und \textit{kak} eingeleitete {Exklamativsätze} im {Russischen}},
    booktitle   = {Syntaktische {Repräsentationen} mit leeren {Ka\-te\-go\-rien} oder {Proformen} und ihre semantischen {Interpretationen}},
    editor      = {Steube, Anita},
    series      = {Linguistische {Studien} des {Zentralinstituts} für {Sprachwissenschaft}, {Reihe} {A}},
    number      = {206},
    year        = {1990},
    publisher   = {Institut für Sprachwissenschaft},  
    address     = {Berlin},
    pages       = {182-200}
}

%%%%Zi08
@incollection{Zybatow1990,
	author = {Gerhild Zybatow},
	booktitle = {Syntaktische {Repräsentationen} mit leeren {Kategorien} oder {Proformen} und ihre semantischen {Interpretationen}},
	editor = {Anita Steube},
	pages = {182--200},
    address = {Berlin},
	publisher = {Zentralinstitut für Sprachwissenschaft},
	title = {Mit \textit{kakoj} und \textit{kak} eingeleitete {Exklamativsätze} im {Russischen}},
	year = {1990}}

@book{Bierwisch-Lang1987,
	editor = {Manfred Bierwisch and Ewald Lang},
	number = {26/27},
    address = {Berlin},
	publisher = {Akademie Verlag},
	series = {Studia grammatica},
	title = {Grammatische und konzeptuelle {Aspekte} von {Dimensionsadjektiven}},
	year = {1987}}

@incollection{Zimmermann2009,
	author = {Ilse Zimmermann},
	booktitle = {Die slavischen {Sprachen} / {The {Slavic} languages}: {Ein} internationales {Handbuch} zu ihrer {Struktur}, ihrer {Geschichte} und ihrer {Erforschung} / {An} international handbook of their structure, their history, and their investigation},
	editor = {Tilman Berger and Karl Gutschmidt and Sebastian Kempgen and Peter Kosta},
	number = {32/1},
	pages = {484--505},
    address = {Berlin},
	publisher = {Mouton De Gruyter},
	series = {Handbücher zur Sprach- und Kommunikationswissenschaft / Handbooks of Linguistics and Communication Science},
	title = {Satzmodus},
    doi = {10.1515/9783110214475.1.7.484},
	year = {2009}}

@incollection{Zimmermann2000,
	author = {Ilse Zimmermann},
	booktitle = {Angemessene {Strukturen}: {Systemorganisation} in {Phonologie}, {Morphologie} und {Syntax}},
	editor = {Andreas Bittner and Dagmar Bittner and Klaus-Michael Köpcke},
    address = {Hildesheim},
	pages = {261--282},
	publisher = {Olms},
	title = {Die {Analysierbarkeit} von {Pronomen} und {Proadverbialia}},
	year = {2000}}

@incollection{Zimmermann1992,
	author = {Ilse Zimmermann},
	booktitle = {Fügungspotenzen: {Zum} 60. {Geburtstag} von {Manfred} {Bierwisch}},
	editor = {Ilse Zimmermann and Anatoli Strigin},
	number = {34},
	pages = {251--279},
    address = {Berlin},
	publisher = {Akademie Verlag},
	series = {Studia grammatica},
	title = {Der {Skopus} von {Modifikatoren}},
	year = {1992}}

@article{Zanuttini-Portner2003,
	author = {Raffaella Zanuttini and Paul Portner},
	doi = {10.1353/lan.2003.0105},
	journal = {Language},
	number = {1},
	pages = {39--81},
	title = {Exclamative clauses: {At} the syntax-semantics interface},
	volume = {79},
	year = {2003}}

@incollection{Rosengren1992,
	author = {Inger Rosengren},
	booktitle = {Satz und {Illokution}},
	doi = {10.1515/9783111353210.263},
	editor = {Inger Rosengren},
	number = {278},
	pages = {263--306},
    address = {Tübingen},
	publisher = {Max Niemeyer},
	series = {Linguistische Arbeiten},
	title = {Zur {Grammatik} und {Pragmatik} der {Exklamation}},
	year = {1992}}

@article{Reis1999,
	author = {Marga Reis},
	journal = {Interdisciplinary Journal for Germanic Linguistics and Semiotic Analysis},
	number = {2},
	pages = {195--236},
	title = {On sentence types in {German}: {An} enquiry into the relationship between grammar and pragmatics},
	volume = {4},
	year = {1999}}

@incollection{Postma1995,
	author = {Gertjan Postma},
	doi = {10.1075/avt.12.17pos},
	booktitle = {Linguistics in the {Netherlands} 1995},
    editor = {Marcel den Dikken and Kees Hengeveld},
	pages = {175--190},
    series = {Linguistics in the Netherlands},
    number = {12},
	title = {Zero semantics: {The} syntactic encoding of quantificational meaning},
    address = {Amsterdam},
    publisher = {John Benjamins},
	year = {1995}}

@incollection{Postma1994,
	author = {Gertjan Postma},
	doi = {10.1075/avt.11.19pos},
    booktitle = {Linguistics in the {Netherlands} 1994},
    editor = {Reineke Bok-Bennema and Crit Cremers},
	pages = {187--198},
    series = {Linguistics in the Netherlands},
	title = {The indefinite reading of \textit{wh}},
	number = {11},
    address = {Amsterdam},
    publisher = {John Benjamins},
	year = {1994}}

@book{Paul1958,
	author = {Hermann Paul},
    address = {Halle (Saale)},
	publisher = {Niemeyer},
	title = {Deutsche {Grammatik}},
	volume = {3, {Teil} 4: \textit{Syntax}},
	year = {1958}}

@article{Pafel1996b,
	author = {Jürgen Pafel},
	journal = {Linguistische Berichte},
	pages = {37--67},
	title = {Die syntaktische und semantische {Struktur} von \textit{was für}-{Phrasen}},
	volume = {161},
	year = {1996}}

@incollection{Pafel1996a,
	author = {Jürgen Pafel},
	booktitle = {On extraction and extraposition in {German}},
	doi = {10.1075/la.11.06paf},
	editor = {Uli Lutz and Jürgen Pafel},
	number = {11},
	pages = {145--177},
    address = {Amsterdam},
	publisher = {John Benjamins},
	series = {Linguistik Aktuell/Linguistics Today},
	title = {Kinds of extraction from noun phrases},
	year = {1996}}

@incollection{Pafel1991,
	author = {Jürgen Pafel},
	booktitle = {Weitere {Aspekte} von \textit{w}-{Fragesätzen}: {Sprachtheoretische} {Grundlagen} für die {Computerlinguistik}},
    series = {Arbeitspapiere des SFBs 340, Bericht Nr. 6},	
    editor = {Marga Reis and Inger Rosengren and Jürgen Pafel},
	pages = {69--97},
    address = {Tübingen},
	publisher = {Universität Tübingen},
	title = {\textit{was für}-{Phrasen}: {Syntax} und {Semantik}},
	year = {1991}}

@article{Krifka2001,
	author = {Manfred Krifka},
	doi = {10.1023/A:1017903702063},
	journal = {Natural Language Semantics},
	number = {1},
	pages = {1--40},
	title = {Quantifying into question acts},
	volume = {9},
	year = {2001}}

@unpublished{Kagan2007,
	author = {Olga Kagan},
	note = {Unpublished manuscript, Hebrew University of Jerusalem},
	title = {Specificity and the speaker's beliefs},
	year = {2007}}

@article{Kagan2011,
    author = {Olga Kagan},
    journal = {Journal of Slavic Linguistics},
    title = {On speaker identifiability},
    number = {1},
    pages = {47--84},
    volume = {19},
    doi = {10.1353/jsl.2011.0008},
    year = {2011}}

@article{Israeli2006,
	author = {Alina Israeli},
	date-added = {2021-08-07 22:17:14 +0200},
	date-modified = {2021-08-07 22:17:14 +0200},
	journal = {Journal of Slavic Linguistics},
	keywords = {Russian},
	number = {1},
	pages = {91--122},
	title = {{R}eview of {A}lan {T}imberlake: \emph{A Reference Grammar of Russian}},
	volume = {14},
	year = {2006}}

@book{Engel1988,
	author = {Ulrich Engel},
    address = {Heidelberg},
	publisher = {Groos},
	title = {Deutsche {Grammatik}},
	year = {1988}}

@article{dAvis2002,
	author = {Franz Josef d'Avis},
	doi = {10.1515/thli.2002.28.1.5},
	journal = {Theoretical Linguistics},
	number = {1},
	pages = {5--31},
	title = {On the interpretation of \textit{wh}-clauses in exclamative environments},
	volume = {28},
	year = {2002}}

@incollection{Chomsky2004,
	author = {Noam Chomsky},
	booktitle = {The cartography of syntactic structures},
	editor = {Adriana Belletti},
	pages = {104--131},
    address = {Oxford},
	publisher = {Oxford University Press},
    series = {Oxford Studies in Comparative Syntax},
    number = {},
	title = {Beyond explanatory adequacy},
	volume = {3: \textit{{Structures} and beyond}},
	year = {2004}}

@book{Chomsky1995,
	author = {Noam Chomsky},
    address = {Cambridge, MA},
	publisher = {The MIT Press},
	title = {The minimalist program},
	year = {1995}}


@incollection{Brandt-Reis-etal1992,
	author = {Margareta Brandt and Marga Reis and Inger Rosengren and Ilse Zimmermann},
	booktitle = {Satz und {Illokution}},
	doi = {10.1515/9783111353210.1},
	editor = {Inger Rosengren},
	number = {278},
	pages = {1--90},
    address = {Tübingen},
	publisher = {Max Niemeyer},
	series = {Linguistische Arbeiten},
	title = {Satztyp, {Satzmodus} und {Illokution}},
	year = {1992}}

 @incollection{Bierwisch2007,
	author = {Manfred Bierwisch},
	booktitle = {Interfaces and interface conditions},
	doi = {10.1515/9783110926002.1},
	editor = {Andreas Späth},
	number = {6},
	pages = {1--32},
    address = {Berlin},
	publisher = {Mouton De Gruyter},
	series = {Language, Context, and Cognition},
	title = {Semantic form as interface},
	year = {2007}}

@book{Bhatt1990,
	author = {Christa Bhatt},
	number = {38},
    address = {Tübingen},
	publisher = {Narr},
	series = {Studien zur deutschen Grammatik},
	title = {Die syntaktische {Struktur} der {Nominalphrase} im {Deutschen}},
	year = {1990}}

@article{Bennis-Corver-etal1998,
	author = {Hans Bennis and Norbert Corver and Marcel den Dikken},
	doi = {10.1023/A:1009780124314},
	journal = {Journal of Comparative Germanic Linguistics},
	number = {2},
	pages = {85--117},
	title = {Predication and nominal phrases},
	volume = {1},
	year = {1998}}

@incollection{Bennis1995,
	author = {Hans Bennis},
	doi = {10.1075/avt.12.05ben},
    booktitle = {Linguistics in the {Netherlands} 1995},
    editor = {Marcel den Dikken and Kees Hengeveld},
    series = {Linguistics in the Netherlands},
    number = {12},
    address = {Amsterdam},
    publisher = {John Benjamins},
	pages = {25--36},
	title = {The meaning of structure: {The} \textit{wat voor} construction revisited},
	year = {1995}}


@incollection{Abels2007,
	author = {Klaus Abels},
	booktitle = {Interfaces and interface conditions},
	doi = {10.1515/9783110926002.115},
	editor = {Andreas Späth},
	number = {6},
	pages = {115--140},
    address = {Berlin},
	publisher = {Mouton de Gruyter},
	series = {Language, Context, and Cognition},
	title = {Deriving selectional properties of `exclamative' predicates},
	year = {2007}}


%%%%%%%Zi16

@incollection{Montague1973,
	author = {Richard Montague},
	booktitle = {Approaches to natural language. {Proceedings} of the 1970 {Stanford} workshop on grammar and semantics},
	doi = {10.1007/978-94-010-2506-5_10},
	editor = {Jaakko Hintikka and Julius Moravcsik and Patrick Suppes},
	number = {49},
	pages = {221--242},
    address = {Dordrecht},
	publisher = {Reidel},
	series = {Monographs on Epistemology, Logic, Methodology, Philosophy of Science, Sociology of Science and of Knowledge, and on the Mathematical Methods of Social and Behavioral Sciences},
	title = {The proper treatment of quantification in ordinary {English}},
	year = {1973}}

@incollection{Montague1970c,
	author = {Richard Montague},
	booktitle = {Linguaggi nella società e nella tecnica: {Convegno} promosso dalla {C}. {Olivetti}, per il centenario della nascita di {Camillo} {Olivetti}, {Museo} {Nazionale} della {Scienza} e della {Tecnica} {Milano}, 14--17 ottobre 1968},
	editor = {Bruno Visentini and Camillo Olivetti},
	pages = {189--223},
    address = {Milan},
	publisher = {Edizioni di comunità},
	title = {English as a formal language},
	year = {1970}}

@article{Montague1970b,
	author = {Richard Montague},
	doi = {10.1111/j.1755-2567.1970.tb00434.x},
	journal = {Theoria},
	number = {3},
	pages = {373--398},
	title = {{\GG{20020603}}{Universal} grammar},
	volume = {36},
	year = {1970}}

@article{Montague1970a,
	author = {Richard Montague},
	journal = {Synthèse},
	number = {1/2},
	pages = {68--94},
	title = {{\GG{20020530}}{Pragmatics} and intensional logic},
	volume = {22},
    url = {https://www.jstor.org/stable/20114750},
	year = {1970}}

 @book{Thomason1974,
	editor = {Richmond H. Thomason},
    address = {New Haven, CT},
	publisher = {Yale University Press},
	title = {Formal philosophy: {Selected} papers by {Richard} {Montague}},
	year = {1974}}

 @unpublished{Fintel-Heim2011,
	author = {{\VAN{Fintel}{von Fintel}{von Fintel, Kai}} and Irene Heim},
    address = {Cambridge, MA},
	note = {Lecture notes, Massachusetts Institute of Technology},
	url = {http://web.mit.edu/fintel/fintel-heim-intensional.pdf},
	title = {Intensional semantics},
	year = {2011}}

 @book{Heim-Kratzer1998,
	author = {Irene Heim and Angelika Kratzer},
	number = {13},
	publisher = {Blackwell},
    address = {Malden},
	series = {Blackwell Textbooks in Linguistics},
	title = {Semantics in generative grammar},
	year = {1998}}

 @incollection{Stechow2012,
	author = {{\VAN{Stechow}{von Stechow}{von Stechow, Arnim}}},
	booktitle = {Semantics: {An} international handbook of natural language meaning},
	doi = {10.1515/9783110253382.2173},
	editor = {Claudia Maienborn and Klaus von Heusinger and Paul Portner},
	number = {33.3},
	pages = {2173--2223},
	publisher = {Mouton De Gruyter},
    address = {Berlin},
	series = {Handbücher zur Sprach- und Kommunikationswissenschaft / Handbooks of Linguistics and Communication Science},
	title = {Syntax and semantics: {An} overview},
	year = {2012}}

 @incollection{Zimmermann2009,
	author = {Ilse Zimmermann},
	booktitle = {Die slavischen {Sprachen} / {The {Slavic} languages}: {Ein} internationales {Handbuch} zu ihrer {Struktur}, ihrer {Geschichte} und ihrer {Erforschung} / {An} international handbook of their structure, their history, and their investigation},
	editor = {Tilman Berger and Karl Gutschmidt and Sebastian Kempgen and Peter Kosta},
	number = {32.1},
	pages = {484--505},
    address = {Berlin},
	publisher = {Mouton De Gruyter},
	series = {Handbücher zur Sprach- und Kommunikationswissenschaft / Handbooks of Linguistics and Communication Science},
	title = {Satzmodus},
    doi = {10.1515/9783110214475.1.7.484},
	year = {2009}}

@incollection{Zimmermann2017,
	author = {Ilse Zimmermann},
	booktitle = {{CzechEncy} -- {Nový} encyklopedický slovník češtiny},
	editor = {Petr Karlík and Marek Nekula and Jana Pleskalová},
	title = {Rozkazovací věta},
    url = {https://www.czechency.org/slovnik/ROZKAZOVAC%C3%8D%20V%C4%9ATA},
	year = {2017}}

@incollection{Zimmermann2015a,
	author = {Ilse Zimmermann},
	booktitle = {Slavic grammar from a formal perspective. {The} 10th anniversary {FDSL} conference, {Leipzig} 2013},
	doi = {10.3726/978-3-653-05335-7},
	editor = {Gerhild Zybatow and Petr Biskup and Marcel Guhl and Claudia Hurtig and Olav Mueller-Reichau and Maria Yastrebova},
	number = {35},
	pages = {579--594},
    address = {Frankfurt am Main},
	publisher = {Peter Lang},
	series = {Linguistik International},
	title = {The {Russian} subjunctive},
	year = {2015},
	bdsk-url-1 = {https://doi.org/10.3726/978-3-653-05335-7}}

@incollection{Zimmermann2016,
	author = {Ilse Zimmermann},
	booktitle = {Inner-sentential propositional proforms: {Syntactic} properties and interpretative effects},
	doi = {10.1075/la.232.06zim},
	editor = {Werner Frey and André Meinunger and Kerstin Schwabe},
	number = {232},
	pages = {147--169},
    address = {Amsterdam},
	publisher = {John Benjamins},
	series = {Linguistik Aktuell/Linguistics Today},
	title = {Phonological, morphosyntactic and semantic properties of \textit{es}},
	year = {2016},
	bdsk-url-1 = {https://doi.org/10.1075/la.232.06zim}}

@incollection{Zimmermann2013,
	author = {Ilse Zimmermann},
	booktitle = {Interfaces of morphology: {Festschrift} on the occasion of the 65th birthday of {Susan} {Olsen}},
	doi = {10.1524/9783050063799.217},
	editor = {Holden Härtl},
	number = {74},
	pages = {217--228},
    address = {Berlin},
	publisher = {Akademie Verlag},
	series = {Studia grammatica},
	title = {Selektion und {Interpretation} morphosyntaktischer {Einheiten}},
	year = {2013},
	bdsk-url-1 = {https://doi.org/10.1524/9783050063799.217}}

@unpublished{Zimmermann2010,
	author = {Ilse Zimmermann},
	note = {Handout and talk delivered at the international conference ‘{Sentence} types, sentence moods and illocutionary forces’ to honor Manfred Bierwisch at Zentrum für Allgemeine Sprachwissenschaft, ZAS, {November} 2010},
    address = {Berlin},
	title = {Where are the worlds?},
	year = {2010}}

 @book{Bierwisch-Lang1987,
	editor = {Manfred Bierwisch and Ewald Lang},
	number = {26/27},
    address = {Berlin},
	publisher = {Akademie Verlag},
	series = {Studia grammatica},
	title = {Grammatische und konzeptuelle {Aspekte} von {Dimensionsadjektiven}},
	year = {1987}}

 @incollection{Bierwisch2007,
	author = {Manfred Bierwisch},
	booktitle = {Interfaces and interface conditions},
	doi = {10.1515/9783110926002.1},
	editor = {Andreas Späth},
	number = {6},
	pages = {1--32},
    address = {Berlin},
	publisher = {Mouton De Gruyter},
	series = {Language, Context, and Cognition},
	title = {Semantic form as interface},
	year = {2007}}

 @article{Bierwisch1985,
	author = {Manfred Bierwisch},
	journal = {DRLAV. Documentation et Recherche en Linguistique Allemande Vincennes},
	pages = {5--24},
	title = {La nature de la forme sémantique d'une language naturelle},
	volume = {33},
    number = {1},
	year = {1985}}

 @incollection{Bierwisch1983,
	author = {Manfred Bierwisch},
	booktitle = {Untersuchungen zur {Semantik}},
	editor = {Rudolf Růžička and Wolfgang Motsch},
	number = {22},
	pages = {61--99},
    address = {Berlin},
	publisher = {Akademie Verlag},
	series = {Studia grammatica},
	title = {Semantische und konzeptuelle {Repräsentationen} lexika\-lischer {E}inheiten},
	year = {1983}}

 @incollection{Lang-Maienborn2011,
	author = {Ewald Lang and Claudia Maienborn},
	booktitle = {Semantics. {An} international handbook of natural language meaning},
	doi = {10.1515/9783110226614.709},
	editor = {Claudia Maienborn and Klaus von Heusinger and Paul Portner},
	number = {33.1},
	pages = {709--740},
    address = {Berlin},
	publisher = {Mouton De Gruyter},
	series = {Handbücher zur Sprach- und Kommunikationswissenschaft / Handbooks of Linguistics and Communication Science},
	title = {Two-level semantics: {Semantic} form and conceptual structure},
	year = {2011}}

 @incollection{Ambar2016,
	author = {Manuela Ambar},
	booktitle = {Mood, aspect, modality revisited. {New} answers to old questions},
	editor = {Joanna Błaszczak and Anastasia Giannakidou and Dorota Klimek-Jankowska and Krzysztof Migdalski},
	pages = {125--176},
    doi = {10.7208/9780226363660-005},
	address = {Chicago, IL},
	publisher = {The University of Chicago Press},
	title = {On finiteness and the left periphery: {Focusing} on subjunctive},
	year = {2016}}

 @incollection{Giannakidou2016,
	author = {Anastasia Giannakidou},
	booktitle = {Mood, aspect, modality revisited. {New} answers to old questions},
	editor = {Joanna Błaszczak and Anastasia Giannakidou and Dorota Klimek-Jankowska and Krzysztof Migdalski},
    doi = {10.7208/9780226363660-006},
	pages = {177--217},
	publisher = {The University of Chicago Press},
    address = {Chicago, IL},
	title = {Evaluative subjunctive and nonveridicality},
	year = {2016}}

 @incollection{Swart2016,
	author = {Henriëtte de Swart},
	booktitle = {Mood, aspect, modality revisited. {New} answers to old questions},
    doi = {10.7208/9780226363660-010},
	editor = {Joanna Bła\-szczak and Anastasia Giannakidou and Dorota Klimek-Jankowska and Krzysztof Migdalski},
	pages = {314--345},
    address = {Chicago, IL},
	publisher = {The University of Chicago Press},
	title = {Aspectual composition and recursion},
	year = {2016}}


 @incollection{Giannakidou2014,
	author = {Anastasia Giannakidou},
	booktitle = {Black book: {A} {Festschrift} in honor of {Frans} {Zwarts}},
	editor = {Jacob Hoeksema and Dirk Gilbert Gilbers},
	pages = {101--124},
    address = {Groningen},
	publisher = {University of Groningen},
	title = {The prospective as nonveridical: {Polarity} items, speaker commitment, and projected truth},
	year = {2014}}

 @incollection{Brandt-Reis-etal1992,
	author = {Margareta Brandt and Marga Reis and Inger Rosengren and Ilse Zimmermann},
	booktitle = {Satz und {Illokution}},
	doi = {10.1515/9783111353210.1},
	editor = {Inger Rosengren},
	number = {278},
	pages = {1--90},
    address = {Tübingen},
	publisher = {Max Niemeyer},
	series = {Linguistische Arbeiten},
	title = {Satztyp, {Satzmodus} und {Illokution}},
	year = {1992}}

 @book{Lohnstein2000,
	author = {Horst Lohnstein},
	doi = {10.1515/9783050079196},
	number = {49},
    address = {Berlin},
	publisher = {Akademie Verlag},
	series = {Studia grammatica},
	title = {Satzmodus -- kompositionell. {Zur} {Parametrisierung} der {Modusphrase} im {Deutschen}},
	year = {2000}}

 @incollection{Giannakidou2011a,
	author = {Anastasia Giannakidou},
	booktitle = {Tense across languages},
	doi = {10.1515/9783110267020.59},
	editor = {Renate Musan and Monika Rathert},
	number = {541},
	pages = {59--90},
    address = {Tübingen},
	publisher = {Max Niemeyer},
	series = {Linguistische Arbeiten},
	title = {{\GG{20020603}}({Non})veridicality and mood choice: {Subjunctive}, polarity, and time},
	year = {2011}}

 @incollection{Giannakidou2011,
	author = {Anastasia Giannakidou},
	booktitle = {Semantics. {An} international handbook of natural language meaning},
	doi = {10.1515/9783110255072.1660},
	editor = {Claudia Maienborn and Klaus von Heusinger and Paul Portner},
	number = {33.2},
	pages = {1660--1712},
    address = {Berlin},
	publisher = {Mouton De Gruyter},
	series = {Handbücher zur Sprach- und Kommunikationswissenschaft / Handbooks of Linguistics and Communication Science},
	title = {{\GG{20020530}}{Negative} and positive polarity items},
	year = {2011}}

 @article{Giannakidou2009,
	author = {Anastasia Giannakidou},
	doi = {10.1016/j.lingua.2008.11.007},
	journal = {Lingua},
	number = {12},
	pages = {1883--1908},
	title = {The dependency of the subjunctive revisited: {Temporal} semantics and polarity},
	volume = {119},
	year = {2009}}

 @incollection{Pitsch2013,
	author = {Hagen Pitsch},
	booktitle = {Formal description of {Slavic} languages: {Proceedings} of {FDSL} 9},
	editor = {Uwe Junghanns and Dorothee Fehrmann and Denisa Lenertov  and Hagen Pitsch},
	number = {28},
	pages = {211--235},
    address = {Frankfurt am Main},
	publisher = {Peter Lang},
	series = {Linguistics International},
	title = {Verb stems in {Russian} and {BYT'}},
	year = {2013}}

 @phdthesis{Pitsch2014,
	author = {Hagen Pitsch},
    address = {Göttingen},
	school = {Georg-August-Universität Göttingen},
	title = {Die {Grammatik} prädikativer {Ausdrücke} im {Polnischen} und {Russischen}},
	year = {2014}}

 @book{Klein1994,
	author = {Wolfgang Klein},
    address = {London},
	publisher = {Routledge},
    doi = {10.4324/9781315003801},
	title = {Time in language},
	year = {1994}}

 @incollection{Wunderlich1997,
	author = {Dieter Wunderlich},
	booktitle = {The role of economy principles in linguistic theory},
	doi = {10.1515/9783050072173-011},
	editor = {Chris Wilder and Hans-Martin Gärtner and Manfred Bierwisch},
	number = {40},
	pages = {267--298},
    address = {Berlin},
	publisher = {Akademie Verlag},
	series = {Studia grammatica},
	title = {A minimalist model of inflectional morphology},
	year = {1997}}

@book{Sternefeld2006,
	author = {Wolfgang Sternefeld},
    address = {Tübingen},
	publisher = {Stauffenburg},
	title = {Syntax. {Eine} morphologisch motivierte generative {Beschreibung} des {Deutschen}},
	year = {2006}}

 @article{Fehrmann-Junghanns-etal2010,
	author = {Dorothee Fehrmann and Uwe Junghanns and Denisa Lenertová},
	doi = {10.1007/s11185-010-9062-7},
	journal = {Russian Linguistics},
	number = {3},
	pages = {203--238},
	title = {Two reflexive markers in {Slavic}},
	volume = {34},
	year = {2010}}

 @unpublished{Kratzer2004,
	author = {Angelika Kratzer},
	note = {Presentation at {Palazzo} {Fetrinelli} in {Gargnano}, {Italy}, {June} 11},
	title = {Covert quantifier restrictions in natural languages},
    url = {https://semanticsarchive.net/Archive/mIzMGUyZ/Covert%20Quantifier%20Domain%20Restrictions.pdf},
	year = {2004}}

 @incollection{Kratzer2011,
	author = {Angelika Kratzer},
	booktitle = {The {Stanford} {Encyclopedia} of {Philosophy}},
	editor = {Edward N. Zalta},
    address = {Stanford, CA},
	publisher = {CSLI Publications},
	title = {Situations in natural language semantics},
	url = {https://plato.stanford.edu/entries/situations-semantics/},
	year = {2011}}

 @article{Kratzer1989,
	author = {Angelika Kratzer},
	doi = {10.1007/BF00627775},
	journal = {Linguistics and Philosophy},
	number = {5},
	pages = {607--653},
	title = {An investigation of the lumps of thought},
	volume = {12},
	year = {1989}}

 @incollection{Reis1997,
	author = {Marga Reis},
	booktitle = {Sprache im {Fokus}. {Festschrift} für {Heinz} {Vater} zum 65. {Geburtstag}},
	editor = {Christa Dürscheid and Heinz Vater},
	pages = {121--144},
    address = {Tübingen},
	publisher = {Max Niemeyer},
	title = {Zum syntaktischen {Status} unselbständiger {Verbzweit}-{Sätze}},
    url = {http://hdl.handle.net/10900/47033},
	year = {1997}}

 @article{Reis1999,
	author = {Marga Reis},
	journal = {Interdisciplinary Journal for Germanic Linguistics and Semiotic Analysis},
	number = {2},
	pages = {195--236},
	title = {On sentence types in {German}: {An} enquiry into the relationship between grammar and pragmatics},
    url = {http://hdl.handle.net/10900/46377},
	volume = {4},
	year = {1999}}

 @unpublished{Krifka2004,
	author = {Manfred Krifka},
	note = {Talk and handout delivered at the workshop ‘{Mood} and (in)subordination’ at the {Zentrum} für {Allgemeine} {Sprachwissenschaft}, {Berlin}, {November} 2004},
	title = {Conjunction and disjunction of imperatives},
	year = {2004}}

 @article{Krifka2013,
	author = {Manfred Krifka},
	doi = {10.3765/salt.v23i0.2676},
	journal = {Proceedings of {SALT}},
    editor = {Todd Snider},
	pages = {1--18},
	title = {Response particles as propositional anaphors},
	volume = {23},
	year = {2013}}

 @article{Krifka2001,
	author = {Manfred Krifka},
	doi = {10.1023/A:1017903702063},
	journal = {Natural Language Semantics},
	number = {1},
	pages = {1--40},
	title = {Quantifying into question acts},
	volume = {9},
	year = {2001}}

 @incollection{Dolling1997,
	author = {Johannes Dölling},
	booktitle = {From underspecification to interpretation},
	editor = {Rob van der Sandt and Reinhard Blutner and Manfred Bierwisch},
	address = {Heidelberg},
	pages = {113--139},
	publisher = {IBM Deutschland},
	title = {Semantic form and abductive fixation of parameters},
	year = {1997}}

 @article{Portner2007,
	author = {Paul Portner},
	doi = {10.1007/s11050-007-9022-y},
	journal = {Natural Language Semantics},
	number = {4},
	pages = {351--383},
	title = {Imperatives and modals},
	volume = {15},
	year = {2007}}

 @book{Portner2009,
	author = {Paul Portner},
	number = {1},
    address = {Oxford},
	publisher = {Oxford University Press},
	series = {Oxford Surveys in Semantics and Pragmatics},
	title = {Modality},
	year = {2009}}

 @article{Zanuttini-Pak-etal2012,
	author = {Raffaella Zanuttini and Miok Pak and Paul Portner},
	doi = {10.1007/s11049-012-9176-2},
	journal = {Natural Language \& Linguistic Theory},
	number = {4},
    year = {2012},
	pages = {1231--1274},
	title = {A syntactic analysis of interpretive restrictions on imperative, promissive, and exhortative subjects},
	volume = {30}}

 @article{Truckenbrodt2006a,
	author = {Hubert Truckenbrodt},
	doi = {10.1515/TL.2006.025},
	journal = {Theoretical Linguistics},
	number = {3},
	pages = {387--410},
	title = {Replies to the comments by {Gärtner}, {Plunze} and {Zimmermann}, {Portner}, {Potts}, {Reis}, and {Zaefferer}},
	volume = {32},
	year = {2006}}

 @article{Truckenbrodt2006,
	author = {Hubert Truckenbrodt},
	doi = {10.1515/TL.2006.018},
	journal = {Theoretical Linguistics},
	number = {3},
	pages = {257--306},
	title = {On the semantic motivation of syntactic verb movement to {C} in {German}},
	volume = {32},
	year = {2006}}

 @book{Quer1998,
	author = {Josep Quer},
	number = {1},
    address = {The Hague},
	publisher = {Holland Academic Graphs},
	series = {LOT International Series},
	title = {Mood at the interface},
	year = {1998}}

@phdthesis{Hacquard2006,
	author = {Valentine Hacquard},
    address = {Cambridge, MA},
	school = {MIT},
	title = {Aspects of modality},
    url = {http://hdl.handle.net/1721.1/37421},
	year = {2006}}

 @book{Isacenko1962,
	author = {Alexander V. Isačenko},
    address = {Halle (Saale)},
	publisher = {VEB Max Niemeyer},
	title = {Die russische {Sprache} der {Gegenwart}},
    note ={Vol. 1: \textit{Formenlehre}},
	year = {1962}}

 @book{Barnetova-Belicova-Krizkova-etal1979,
	author = {Vilma Barnetová and Helena Běličová-Křı́žková and  Oldřich Leška and Zdena Skoumalová and Vlasta Straková},
    address = {Prague},
	publisher = {Academia},
	title = {Russkaja grammatika},
    note = {Vol. 1},
	year = {1979}}

 @book{Svedova1980,
	author = {Natalija Yulievna Švedova},
    address = {Moskva},
	publisher = {Institut Russkogo Jazyka},
	title = {Russkaja grammatika},
	year = {1980}}

 
@book{Migdalski2006,
	author = {Krzysztof Migdalski},
    address = {Utrecht},
	 publisher = {LOT},
    series = {LOT Dissertation series},
    number = {130},
	title = {The syntax of compound tenses in {Slavic}},
	year = {2006}}

 @incollection{Tomaszewicz2012,
	author = {Barbara Tomaszewicz},
	booktitle = {Main Clause Phenomena: {New} Horizons},
	doi = {10.1075/la.190.11tom},
	editor = {Lobke Aelbrecht and Liliane Haegeman and Rachel Nye},
	number = {190},
	pages = {257--277},
    address = {Amsterdam},
	publisher = {John Benjamins},
	series = {Linguistik Aktuell/Linguistics Today},
	title = {The syntactic position of {Polish} \textit{by} and main clause phenomena},
	year = {2012}}

@incollection{Kratzer1991,
	author = {Angelika Kratzer},
	booktitle = {Semantik. {Ein} internationales {Handbuch} der zeitgenössischen {Forschung} / {Semantics}. {An} international handbook of contemporary research},
	doi = {10.1515/9783110126969.7.639},
	editor = {Arnim von Stechow and Dieter Wunderlich},
	number = {6},
	pages = {639--650},
    address = {Berlin},
	publisher = {Mouton de Gruyter},
	series = {Handbücher zur Sprach- und Kommunikationswissenschaft / {Handbooks} of {Linguistics} and {Communication} {Science}},
	title = {{\GG{20020530}}{Modality}},
	year = {1991}}

@incollection{Kratzer1991b,
	author = {Angelika Kratzer},
	booktitle = {Semantik. {Ein} internationales {Handbuch} der zeitgenössischen {Forschung} / {Semantics}. {An} international handbook of contemporary research},
	doi = {10.1515/9783110126969.7.651},
	editor = {Arnim von Stechow and Dieter Wunderlich},
	number = {6},
	pages = {651--656},
	address = {Berlin},
	publisher = {Mouton de Gruyter},
	series = {Handbücher zur Sprach- und Kommunikationswissenschaft / {Handbooks} of {Linguistics} and {Communication} {Science}},
	title = {{\GG{20020603}}{C}onditionals},
	year = {1991}}

@article{Schwabe-Fittler2014a,
	author = {Kerstin Schwabe and Robert Fittler},
	journal = {Sprachtheorie und germanistische Linguistik},
	number = {2},
	pages = {123--150},
	title = {Über semantische {Konsistenzbedingungen} deutscher {Matrixprädikate}. {Part} {II}},
	volume = {24},
	year = {2014}}

@article{Schwabe-Fittler2014,
	author = {Kerstin Schwabe and Robert Fittler},
	journal = {Sprachtheorie und germanistische Linguistik},
	number = {1},
	pages = {45--75},
	title = {Über semantische {Konsistenzbedingungen} deutscher {Matrixprädikate}. {Part} {I}},
	volume = {24},
	year = {2014}}

@article{Dahl1971,
	author = {Östen Dahl},
	journal = {Scando-Slavica},
	pages = {135--139},
    doi = {10.1080/00806767108600577},
	title = {The genitive and the subjunctive in {Russian}},
	volume = {17},
    number = {1},
	year = {1971}}

@incollection{Wiltschko2016,
	author = {Martina Wiltschko},
	booktitle = {Mood, aspect, modality revisited. {New} answers to old questions},
	editor = {Joanna Błaszczak and Anastasia Giannakidou and Dorota Klimek-Jankowska and Krzysztof Migdalski},
	pages = {218--254},
    address = {Chicago, IL},
    doi = {10.7208/chicago/9780226363660.003.0006},
	publisher = {The University of Chicago Press},
	title = {The essence of a category: {Lessons} from the subjunctive},
	year = {2016}}

@incollection{Chrisodoulou-Wiltschko2012,
	author = {Christina Chrisodoulou and Martina Wiltschko},
	booktitle = {Towards a biolinguistic understanding of grammar: {Essays} on interfaces},
	doi = {10.1075/la.194.06chr},
	editor = {Anna Maria Di Sciullo},
	number = {194},
	pages = {117--140},
    address = {Amsterdam},
	publisher = {John Benjamins},
	series = {Linguistik Aktuell/Linguistics Today},
	title = {Function without content. {Evidence} from {Greek} subjunctive \textit{na}},
	year = {2012}}

@article{Schwarz2012,
	author = {Florian Schwarz},
	journal = {Natural Language Semantics},
	pages = {431--475},
	title = {Situation pronouns in determiner phrases},
	volume = {20},
    number = {4},
    doi = {10.1007/s11050-012-9086-1},
	year = {2012}}

@incollection{Bhatt-Pancheva2006,
	author = {Rajesh Bhatt and Roumyana Pancheva},
	booktitle = {The {Blackwell} companion to syntax},
	doi = {10.1002/9781118358733.wbsyncom119},
	editor = {Martin Everaert and Henk van Riemsdijk},
	number = {19},
	pages = {638--687},
    address = {Oxford},
	publisher = {Blackwell},
	series = {Blackwell handbooks in linguistics},
	title = {conditionals},
	volume = {2},
	year = {2006}}

@incollection{Dvorak-Zimmermann2007,
	author = {Boštjan Dvořák and Ilse Zimmermann},
	booktitle = {Linguistic investigations into formal description of {Slavic} languages. {Contributions} of the sixth {European} conference held at {Potsdam} {University}, {November} 30--{December} 2, 2005},
	editor = {Peter Kosta and Lilia Schürcks},
	number = {1},
	pages = {171--184},
    address = {Frankfurt am Main},
	publisher = {Peter Lang},
	series = {Potsdam Linguistic Investigations},
	title = {The {Slovenian} imperative in embedded clauses},
	year = {2007}}


@book{Kaufmann2012,
	author = {Magdalena Kaufmann},
	keywords = {10.1007/978-94-007-2269-9},
	number = {88},
    address = {Dordrecht},
    doi = {10.1007/978-94-007-2269-9},
	publisher = {Kluwer},
	series = {Studies in Linguistics and Philosophy},
	title = {Interpreting imperatives},
	year = {2012}}

@incollection{Schwabe2016,
	author = {Kerstin Schwabe},
	booktitle = {Inner-sentential propositional proforms: {Syntactic} properties and interpretative effects},
	doi = {10.1075/la.232.08sch},
	editor = {Werner Frey and André Meinunger and Kerstin Schwabe},
	number = {232},
	pages = {211--240},
    address = {Amsterdam},
	publisher = {John Benjamins},
	series = {Linguistik Aktuell/Linguistics Today},
	title = {Sentential proforms and argument conditionals},
	year = {2016}}

%%%Zi18
@incollection{Zimmermann1993,
	author = {Ilse Zimmermann},
	booktitle = {Satz und {Illokution}},
	doi = {10.1515/9783111353227.231},
	editor = {Inger Rosengren},
	number = {279},
	pages = {231--251},
    address = {Tübingen},
	publisher = {Max Niemeyer},
	series = {Linguistische Arbeiten},
	title = {Zur {Syntax} und {Semantik} der {Satzeinbettung}},
	volume = {2},
	year = {1993}}

@incollection{Zimmermann2013,
	author = {Ilse Zimmermann},
	booktitle = {Interfaces of morphology -- {Festschrift} on the occasion of the 65th birthday of {Susan} {Olsen}},
	doi = {10.1524/9783050063799.217},
	editor = {Holden Härtl},
	number = {74},
	pages = {217--228},
    address = {Berlin},
	publisher = {Akademie Verlag},
	series = {Studia grammatica},
	title = {Selektion und {Interpretation} morphosyntaktischer {Einheiten}},
	year = {2013}}

@incollection{Zimmermann2015a,
	author = {Ilse Zimmermann},
	booktitle = {Slavic grammar from a formal perspective. {The} 10th anniversary {FDSL} conference, {Leipzig} 2013},
	doi = {10.3726/978-3-653-05335-7},
	editor = {Gerhild Zybatow and Petr Biskup and Marcel Guhl and Claudia Hurtig and Olav Mueller-Reichau and Maria Yastrebova},
	number = {35},
	pages = {579--594},
    address = {Frankfurt am Main},
	publisher = {Peter Lang},
	series = {Linguistik International},
	title = {The {Russian} subjunctive},
	year = {2015}}

@unpublished{Zimmermann2015,
	author = {Ilse Zimmermann},
	note = {Ms., Universität Potsdam},
	title = {Wie viel {Syntax} braucht die {Semantik}? {Zur} {Syntax} und {Semantik} der {Satzeinbettung}},
	year = {2015}}

@incollection{Zimmermann2016,
	author = {Ilse Zimmermann},
	booktitle = {Inner-sentential propositional proforms: {Syntactic} properties and interpretative effects},
	doi = {10.1075/la.232.06zim},
	editor = {Werner Frey and André Meinunger and Kerstin Schwabe},
	number = {232},
	pages = {147--169},
	publisher = {John Benjamins},
    address = {Amsterdam},
	series = {Linguistik Aktuell/Linguistics Today},
	title = {Phonological, morphosyntactic and semantic properties of \textit{es}},
	year = {2016}}

@incollection{Zimmermann2009,
	author = {Ilse Zimmermann},
	booktitle = {Die slavischen {Sprachen} / {The {Slavic} languages}: {Ein} internationales {Handbuch} zu ihrer {Struktur}, ihrer {Geschichte} und ihrer {Erforschung} / {An} international handbook of their structure, their history, and their investigation},
	editor = {Tilman Berger and Karl Gutschmidt and Sebastian Kempgen and Peter Kosta},
	number = {32/1},
	pages = {484--505},
    address = {Berlin},
	publisher = {Mouton De Gruyter},
	series = {Handbücher zur Sprach- und Kommunikationswissenschaft / Handbooks of Linguistics and Communication Science},
	title = {Satzmodus},
    doi = {10.1515/9783110214475.1.7.484},
	year = {2009}}

@incollection{Zimmermann2000,
	author = {Ilse Zimmermann},
	booktitle = {Angemessene {Strukturen}: {Systemorganisation} in {Phonologie}, {Morphologie} und {Syntax}},
	editor = {Andreas Bittner and Dagmar Bittner and Klaus-Michael Köpcke},
    address = {Hildesheim},
	pages = {261--282},
	publisher = {Olms},
	title = {Die {Analysierbarkeit} von {Pronomen} und {Pro\-ad\-ver\-bia\-lia}},
	year = {2000}}


@incollection{Zimmermann1995,
	author = {Ilse Zimmermann},
	booktitle = {Festvorträge anlässlich des 60. {Geburtstags} von {Inger} {Rosengren}},
	editor = {Olaf Önnerfors},
	pages = {157--175},
    address = {Lund},
	publisher = {Lunds universitet},
	title = {Bausteine zur {Syntax} und {Semantik} von \textit{wie}},
	year = {1995}}

@incollection{Zimmermann1992,
	author = {Ilse Zimmermann},
	booktitle = {Fügungspotenzen: {Zum} 60. {Geburtstag} von {Manfred} {Bierwisch}},
	editor = {Ilse Zimmermann and Anatoli Strigin},
	number = {34},
	pages = {251--279},
    address = {Berlin},
	publisher = {Akademie Verlag},
	series = {Studia grammatica},
	title = {Der {Skopus} von {Modifikatoren}},
	year = {1992}}

@incollection{Zimmermann1990,
	author = {Ilse Zimmermann},
	booktitle = {Syntaktische {Repräsentationen} mit leeren {Kategorien} oder {Proformen} und ihre semantischen {Interpretationen}},
	editor = {Anita Steube},
	pages = {75--90},
    address = {Berlin},
	publisher = {Zentralinstitut für Sprachwissenschaft},
	title = {Zur {Legitimierung} leerer {Köpfe}},
	year = {1990}}

@phdthesis{Zeijlstra2004,
	author = {Hedde Zeijlstra},
    address = {Amsterdam},
	school = {Universiteit van Amsterdam},
	title = {Sentential negation and negative concord},
	year = {2004}}

@incollection{Wunderlich1997,
	author = {Dieter Wunderlich},
	booktitle = {The role of economy principles in linguistic theory},
	doi = {10.1515/9783050072173-011},
	editor = {Chris Wilder and Hans-Martin Gärtner and Manfred Bierwisch},
	number = {40},
	pages = {267--298},
    address = {Berlin},
	publisher = {Akademie Verlag},
	series = {Studia grammatica},
	title = {{A} minimalist model of inflectional morphology},
	year = {1997}}

@incollection{Tatevosov2015,
	author = {Sergej Tatevosov},
	booktitle = {Slavic grammar from a formal perspective. {The} 10th anniversary {FDSL} conference, {Leipzig} 2013},
	doi = {10.3726/978-3-653-05335-7},
	editor = {Gerhild Zybatow and Petr Biskup and Marcel Guhl and Claudia Hurtig and Olav Mueller-Reichau and Maria Yastrebova},
	number = {35},
	pages = {465--494},
    address = {Frankfurt am Main},
	publisher = {Peter Lang},
	series = {Linguistik International},
	title = {Severing imperfectivity from the verb},
	year = {2015}}

@incollection{Sudhoff2016,
	author = {Stefan Sudhoff},
	booktitle = {Inner-sentential propositional proforms: {Syntactic} properties and interpretative effects},
	doi = {10.1075/la.232.02sud},
	editor = {Werner Frey and André  Meinunger and Kerstin Schwabe},
	number = {232},
	pages = {23--48},
    address = {Amsterdam},
	publisher = {John Benjamins},
	series = {Linguistik Aktuell/Linguistics Today},
	title = {Correlates of object clauses in {German} and {Dutch}},
	year = {2016}}

@incollection{Stechow2002,
	author = {Arnim von Stechow},
	booktitle = {More than words. {A} {Festschrift} für {Dieter} {Wunderlich}},
	doi = {10.1515/9783050081274-016},
	editor = {Ingrid Kaufmann and Barbara Stiebels},
	number = {53},
	pages = {393--432},
    address = {Berlin},
	publisher = {Akademie Verlag},
	series = {Studia grammatica},
	title = {German \textit{seit} `since' and the ambiguity of the {German} perfect},
	year = {2002}}

@incollection{Schwabe-Frey-etal2016,
	author = {Kerstin Schwabe and Werner Frey and André  Meinunger},
	booktitle = {Inner-sentential propositional proforms: {Syntactic} properties and interpretative effects},
	doi = {10.1075/la.232.01sch},
	editor = {Werner Frey and André Meinunger and Kerstin Schwabe},
	number = {232},
	pages = {1--21},
    address = {Amsterdam},
	publisher = {John Benjamins},
	series = {Linguistik Aktuell/Linguistics Today},
	title = {Sentential proforms: {An} overview},
	year = {2016}}

@article{Schwabe2013,
	author = {Kerstin Schwabe},
	journal = {Deutsche Sprache},
	pages = {142--164},
	title = {Eine uniforme {Analyse} sententialer {Proformen} im {Deutschen}},
	volume = {41},
	year = {2013}}

@book{Reichenbach1947,
	author = {Hans Reichenbach},
	address = {New York},
	publisher = {The Free Press},
	title = {Elements of symbolic logic},
	year = {1947}}

@article{Pitsch2014a,
	author = {Hagen Pitsch},
	journal = {Linguistische Berichte},
	pages = {49--79},
	title = {Finiteness, operators and auxiliaries in {North} {Slavic}},
	volume = {241},
	year = {2014}}

@phdthesis{Pitsch2014,
	author = {Hagen Pitsch},
    address = {Göttingen},
	school = {Georg-August-Universität Göttingen},
	title = {Die {Grammatik} prädikativer {Ausdrücke} im {Polnischen} und {Russischen}},
	year = {2014}}

@incollection{Penka-Stechow2008,
	author = {Doris Penka and Arnim von Stechow},
	booktitle = {Empirical issues in syntax and semantics 8},
	editor = {Olivier Bonami and Arnim von Stechow},
    address = {Paris},
    publisher = {CSSP},
	pages = {435--451},
	title = {Phrasal complements of \textit{before} and \textit{after}},
    url = {http://www.cssp.cnrs.fr/eiss8/penka-stechow-eiss8.pdf},
	year = {2008}}

@incollection{Paslawska-Stechow2003,
	author = {Alla Paslawska and Arnim von Stechow},
	booktitle = {Perfect explorations},
	doi = {10.1515/9783110902358.307},
	editor = {Monika Rathert and Artemis Alexiadou and Arnim von Stechow},
	number = {2},
	pages = {307--362},
    address = {Berlin},
	publisher = {Mouton De Gruyter},
	series = {Interface Explorations},
	title = {Perfect readings in {Russian}},
	year = {2003}}

@book{Pasch-Brausse-etal2003,
	editor = {Renate Pasch and Ursula Brauße and Eva Breindl and Ulrich Hermann Waßner},
	doi = {10.1515/9783110201666},
	number = {9},
    address = {Berlin},
	publisher = {Mouton De Gruyter},
	series = {Schriften des Instituts für Deutsche Sprache},
	title = {Handbuch der deutschen {Konnektoren}: {Linguistische} {Grundlagen} der {Beschreibung} und syntaktische {Merkmale} der deutschen {Satzverknüpfer} ({Konjunktionen}, {Satzadverbien} und {Partikeln})},
	year = {2003}}

@incollection{Partee1987,
	author = {Barbara Partee},
	booktitle = {Studies in discourse representation theory and the theory of generalized quantifiers},
	doi = {10.1515/9783112420027-006},
	editor = {Jeroen Groenendijk and Dick de Jongh and Martin Stokhof},
	number = {8},
	pages = {115--143},
    address = {Dordrecht},
	publisher = {Foris},
	series = {Groningen-Amsterdam Studies in Semantics},
	title = {Noun phrase interpretation and type-shifting principles},
	year = {1987}}

@article{Moulton2015,
	author = {Keir Moulton},
	journal = {Linguistic Inquiry},
	number = {2},
	pages = {305--342},
	title = {CPs: {Copies} and compositionality},
	volume = {46},
    doi = {10.1162/LING_a_00183},
	year = {2015}}

@incollection{Moulton2014,
	author = {Keir Moulton},
	booktitle = {Cross-linguistic investigations of nominalization patterns},
	doi = {10.1075/la.210.05mou},
	editor = {Ileana Paul},
	number = {210},
	pages = {119--144},
    address = {Amsterdam},
	publisher = {John Benjamins},
	series = {Linguistik Aktuell/Linguistics Today},
	title = {Simple event nominalizations. {Roots} and their interpretation},
	year = {2014}}

@incollection{Lang-Maienborn2011,
	author = {Ewald Lang and Claudia Maienborn},
	booktitle = {Semantics: {An} international handbook of natural language\linebreak meaning},
	doi = {10.1515/9783110226614.709},
	editor = {Claudia Maienborn and Klaus von Heusinger and Paul Portner},
	number = {33/1},
	pages = {709--740},
    address = {Berlin},
	publisher = {Mouton De Gruyter},
	series = {Handbücher zur Sprach- und Kommunikationswissenschaft / Handbooks of Linguistics and Communication Science},
	title = {Two-level semantics: {Semantic} form and conceptual structure},
	volume = {1},
	year = {2011}}

@article{Krifka2010,
	author = {Manfred Krifka},
	doi = {10.1007/s11049-010-9116-y},
	journal = {Natural Language \& Linguistic Theory},
	number = {4},
	pages = {911--929},
	title = {\textit{Before} and \textit{after} without coercion. {Comment} on the paper by {Cleo} {Condoravdi}},
	volume = {28},
	year = {2010}}

@article{Krifka2001,
	author = {Manfred Krifka},
	doi = {10.1023/A:1017903702063},
	journal = {Natural Language Semantics},
	number = {1},
	pages = {1--40},
	title = {Quantifying into question acts},
	volume = {9},
	year = {2001}}

@unpublished{Kratzer2015,
	author = {Angelika Kratzer},
	month = {January},
	note = {Slides of a talk in Berlin, ZAS, January 16, 2015},
	title = {The semantics of embedding},
	year = {2015}}

@incollection{Kratzer2011,
	author = {Angelika Kratzer},
	booktitle = {The {Stanford} encyclopedia of philosophy},
	editor = {Edward N. Zalta},
    address = {Stanford},
	publisher = {CSLI Publications},
	title = {Situations in natural language semantics},
	url = {https://plato.stanford.edu/entries/situations-semantics/},
	year = {2011}}

@unpublished{Kratzer2006,
	author = {Angelika Kratzer},
	note = {Talk honoring {Anita} {Mittwoch} on her 80th birthday at the {Hebrew} {University} of {Jerusalem}},
	url = {https://semanticsarchive.net/Archive/DcwY2JkM/attitude-verbs2006.pdf},
	title = {Decomposing attitude verbs},
	urldate = {https://semanticsarchive.net/Archive/DcwY2JkM/attitude-verbs2006.pdf},
	year = {2006}}

@book{Klein1994,
	author = {Wolfgang Klein},
    address = {London},
	publisher = {Routledge},
	title = {Time in language},
    doi = {10.4324/9781315003801},
	year = {1994}}

@article{Stechow-Gronn2013,
	author = {Arnim von Stechow and Atle Grønn},
	doi = {10.1111/lnc3.12019},
	journal = {Language and Linguistics Compass},
	number = {5},
	pages = {311--327},
	title = {Tense in adjuncts. {Part} {II}: {Temporal} adverbial clauses},
	volume = {7},
	year = {2013}}

@article{Gronn-Stechow2013a,
	author = {Arnim von Stechow and Atle Grønn},
	doi = {10.1111/lnc3.12020},
	journal = {Language and Linguistics Compass},
	number = {5},
	pages = {295--310},
	title = {Tense in adjuncts. {Part} {I}: {Relative} clauses},
	volume = {7},
	year = {2013}}

@article{Gronn-Stechow2012,
	author = {Atle Grønn and Arnim von Stechow},
	doi = {10.5617/osla.237},
	journal = {Oslo Studies in Language},
	number = {1},
	pages = {263--304},
	title = {Adjuncts, attitudes and aspect: {Some} additions to a tense theory of {Russian}},
	volume = {4},
	year = {2012}}

@article{Gronn-Stechow2010,
	author = {Atle Grønn and Arnim von Stechow},
	doi = {10.5617/osla.103},
	journal = {Oslo Studies in Language},
	number = {1},
	pages = {109--153},
	title = {Complement tense in contrast: {The} {SOT} parameter in {Russian} and {English}},
	volume = {2},
	year = {2010}}

@incollection{Gronn2015,
	author = {Atle Grønn},
	booktitle = {Slavic grammar from a formal perspective. {The} 10th anniversary {FDSL} conference, {Leipzig} 2013},
	doi = {10.3726/978-3-653-05335-7},
	editor = {Gerhild Zybatow and Petr Biskup and Marcel Guhl and Claudia Hurtig and Olav Mueller-Reichau and Maria Yastrebova},
	number = {35},
	pages = {175--195},
    address = {Frankfurt am Main},
	publisher = {Peter Lang},
	series = {Linguistik International},
	title = {On (in)definite aspect and tense in {Russian}},
	year = {2015}}

@incollection{Dolling1997,
	author = {Johannes Dölling},
	booktitle = {From underspecification to interpretation},
	editor = {Rob van der Sandt and Reinhard Blutner and Manfred Bierwisch},
	pages = {113--139},
    address = {Heidelberg},
	publisher = {IBM Deutschland},
	title = {Semantic form and abductive fixation of parameters},
	year = {1997}}

@article{Capoingro-Polinsky2011,
	author = {Ivano Caponigro and Maria Polinsky},
	doi = {10.1007/s11049-011-9121-9},
	journal = {Natural Language \& Linguistic Theory},
	number = {1},
	pages = {71--122},
	title = {Relative embeddings: {A} {Circassian} puzzle for the syntax/semantics interface},
	volume = {29},
	year = {2011}}

@book{Bierwisch-Lang1987,
	editor = {Manfred Bierwisch and Ewald Lang},
	number = {26/27},
    address = {Berlin},
	publisher = {Akademie Verlag},
	series = {Studia grammatica},
	title = {Grammatische und konzeptuelle {Aspekte} von {Dimensionsadjektiven}},
	year = {1987}}

 @incollection{Bierwisch2007,
	author = {Manfred Bierwisch},
	booktitle = {Interfaces and interface conditions},
	doi = {10.1515/9783110926002.1},
	editor = {Andreas Späth},
	number = {6},
	pages = {1--32},
    address = {Berlin},
	publisher = {Mouton De Gruyter},
	series = {Language, Context, and Cognition},
	title = {Semantic form as interface},
	year = {2007}}

@incollection{Beaver-Condoravdi2003,
	author = {David Beaver and Cleo Condoravdi},
    editor = {Robert B. Young and Yuping Zhou},
	doi = {10.3765/salt.v13i0.2899},
	booktitle = {Proceedings of {SALT} 13},
	pages = {37--54},
    publisher = {Cornell University},
    address = {Ithaca, NY},
	title = {A uniform analysis of \textit{before} and \textit{after}},
	year = {2003}}

%%%Zi20

@unpublished{Frey-Pittner2020,
	author = {Werner Frey and Karin Pittner},
	note = {Talk and handout delivered at the workshop on non-interrogative subodinate wh-clauses, Universität zu Köln, February 2020},
	title = {Empty positions, open questions: \textit{Wie}-clauses as reporting and comment clauses},
	year = {2020}}

@incollection{Krifka2023,
	author = {Manfred Krifka},
	booktitle = {Propositionale {Argumente} im {Sprachvergleich}: {Theorie} und {Empirie} / {Propositional} arguments in cross-linguistic research: {Theoretical} and empirical issues},
	editor = {Jutta Hartmann and Angelika Wöllstein},
	number = {84},
	pages = {115--182},
	publisher = {Narr},
	series = {Studien zur deutschen Sprache},
    address = {Tübingen},
	title = {Layers of assertive clauses: {Propositions}, judgements, commitments, acts},
	year = {2023}}


@incollection{Zimmermann2016,
	author = {Ilse Zimmermann},
	booktitle = {Inner-sentential propositional proforms: {Syntactic} properties and interpretative effects},
	doi = {10.1075/la.232.06zim},
	editor = {Werner Frey and André Meinunger and Kerstin Schwabe},
	number = {232},
	pages = {147--169},
	publisher = {John Benjamins},
    address = {Amsterdam},
	series = {Linguistik Aktuell/Linguistics Today},
	title = {Phonological, morphosyntactic and semantic properties of \textit{es}},
	year = {2016}}

@article{Zimmermann2008,
	author = {Ilse Zimmermann},
	doi = {10.1353/jsl.0.0003},
	journal = {Journal of Slavic Linguistics},
	number = {2},
	pages = {289--305},
	title = {On the syntax and semantics of \textit{kakoj} and \textit{čto za} in {Russian}},
	volume = {16},
	year = {2008}}

@incollection{Zimmermann2000,
	author = {Ilse Zimmermann},
	booktitle = {Angemessene {Strukturen}: {Systemorganisation} in {Phonologie}, {Morphologie} und {Syntax}},
	editor = {Andreas Bittner and Dagmar Bittner and Klaus-Michael Köpcke},
	pages = {261--282},
	publisher = {Olms},
	address = {Hildesheim},
	title = {Die {Analysierbarkeit} von {Pronomen} und {Proadverbialia}},
	year = {2000}}

@article{Zimmermann1997,
	author = {Ilse Zimmermann},
	journal = {Sprache und Pragmatik},
	pages = {36--68},
	title = {\textit{So} und \textit{wie} in satzadverbiellen {P}hrasen},
	volume = {44},
    number = {1},
	year = {1997}}

@incollection{Zimmermann1995,
	author = {Ilse Zimmermann},
	booktitle = {Festvorträge anlässlich des 60. {Geburtstags} von {Inger} {Rosengren}},
	editor = {Olaf Önnerfors},
	pages = {157--175},
	publisher = {Lunds universitet},
   address = {Lund},
	title = {Bausteine zur {Syntax} und {Semantik} von \textit{wie}},
	year = {1995}}

@incollection{Zimmermann1991,
	author = {Ilse Zimmermann},
	booktitle = {Fragesätze und {Fragen}: {Referate} anlässlich der 12. {Tagung} der {Deutschen} {Gesellschaft} für {Sprachwissenschaft}}, 
	doi = {10.1515/9783111356525.113},
	editor = {Marga Reis and Inger Rosengren},
	number = {257},
	pages = {113--122},
    address = {Tübingen},
	publisher = {Max Niemeyer},
	series = {Linguistische Arbeiten},
	title = {Die subordinierende {Konjunktion} \textit{wie}},
	year = {1991}}

%%%Zi83

@book{BerkaKreiser1971,
    url = {https://doi.org/10.1515/9783112611302},
    title = {Logik-Texte Kommentierte Auswahl zur Geschichte der modernen Logik},
    author = {Karel Berka and Lothar Kreiser},
    publisher = {De Gruyter},
    address = {Berlin, Boston},
    doi = {doi:10.1515/9783112611302},
    isbn = {9783112611302},
    year = {1971},
    lastchecked = {2023-10-16}}

@incollection{Bierwisch80Semantic-structure,
	address = {Dordrecht},
	author = {Bierwisch, Manfred},
	booktitle = {Speech act theory and pragmatics},
	doi = {https://doi.org/10.1007/978-94-009-8964-1},
	editor = {John R. Searle and Ferenc Kiefer and Manfred Bierwisch},
	title = {Semantic structure and illocutionary force},
	year = {1980},
	publisher={Springer}}

@incollection{zvegincev1976naucno-techniceskaja-revoljucija-i-lingvistika.,
	author = {Zvegincev, V. A.},
	booktitle = {Voprosy filosofii},
	number = {64},
	series = {39},
	title = {Naučno-techničeskaja revoljucija i lingvistika.},
	volume = {10},
	year = {1976}}

@incollection{solncev1976otnositelno-koncepcji-glubinnoj-struktury,
	author = {Solncev, V. M.},
	booktitle = {Voprosy jazykoznanija},
	number = {19},
	series = {38},
	title = {Otnositel'no koncepcji glubinnoj struktury},
	volume = {5},
	year = {1976}}

@book{1957slovar-russkogo-jazyka-v-cetyrech-tomach,
	title = {Slovar' russkogo jazyka v četyrech tomach},
	number = {I. 330 (56) - IV. 749 (37)},
	year = {1957 - 1961}}

@book{simonov1964soldatami-ne-rozdajutsja,
	address = {Moskva},
	author = {Konstantin Simonov},
	number = {13},
	title = {Soldatami ne roždajutsja},
	volume = {9},
	year = {1964}}




@incollection{ohne-author1969zenni-longe,
	author = {{Ohne Author}},
	booktitle = {Ženskij Kalendar'},
	number = {57},
	title = {Ženni Longe},
	year = {1969}}

@book{1967novye-knigi,
	title = {Novye Knigi},
	number = {38, Pos. 6 (14); 1970, 10, Pos. 56 (3) (c)},
	year = {1967}}

@book{lenin1969pisma-vospominanija-dokumenty,
	address = {Moskva},
	author = {Lenin, V. I. and Gorʹkij, A. M.},
	title = {Pis'ma, vospominanija, dokumenty},
	number = {20 (25), 24 (24), 47 (15) und 51 (23)},
	year = {1969},
	publisher={Izdatel'stvo Akademii Nauk SSSR}}

@book{landa1966algoritmizacija-v-obucenii,
	address = {Moskva},
	author = {Landa, L. N.},
	number = {58},
	title = {Algoritmizacija v obučenii},
	volume = {477},
	year = {1966},
	publisher={Prosveščenije}}

@book{gorskij1966problemy,
	address = {Moskva},
	author = {Gorskij, Dmitrij Pavlovivič},
	number = {36},
	title = {Problemy obščej metodologii nauk i dialektičeskoj logiki},
	volume = {9},
	year = {1966},
	publisher={Mysl’}}

@article{zybatow1980uber-glaubensoperatoren,
	address = {Leipzig},
	author = {Zybatow, Gerhild and Steube, Anita},
	journal = {Linguistische Arbeitsberichte},
	number = {28},
	pages = {79--91},
	title = {Über {Glaubensoperatoren}},
	year = {1980},
	publisher = {Karl-Marx-Universität}}

@incollection{zybatow1983syntaktische-und-semantische-eigenschaften-der-komplementsatze-kognitiver-verben-des-modernen-russischen,
	author = {Zybatow, Gerhild},
	booktitle = {{{Untersuchungen} zur {Semantik}}},
    address = {{Berlin}},
    publisher = {Akademie-Verlag},
    editor = {R. Růžička and W. Motsch},
	pages = {169-200},
	series = {Studia grammatica XXII},
	title = {Syntaktische und semantische {Eigenschaften} der {Komplementsätze} kognitiver {Verben} des modernen {Russischen}},
	year = {1983}}

@article{zuber1977decomposition-of-factives,
	author = {Richard Zuber},
	doi = {https://doi.org/10.1075/sl.1.3.07zub},
	journal = {Studies in Language},
	number = {3},
	pages = {407-421},
	title = {Decomposition of Factives},
	volume = {1},
	year = {1977}}

@article{Zimmermann82Explizite-und,
	address = {Berlin},
	author = {Zimmermann, Ilse},
	journal = {Linguistische {Studien} des {Zentralinstituts} für {Sprachwissenschaft} der {Akademie} der {Wissenschaften} der {DDR}},
	number = {92},
	pages = {81-139},
	title = {Explizite und implizite {Faktivität}},
	volume = {A},
	year = {1982}}

@article{zimmermann1976der-standpunkt-des-sprechers-bezuglich-der-wahrheit-der-mitteilung,
	address = {Brno},
	author = {Zimmermann, Ilse},
	journal = {Otázky slovanské syntaxe},
	number = {2},
	pages = {71--74},
	title = {Der {Standpunkt} des {Sprechers} bezüglich der {Wahrheit} der {Mitteilung}},
	volume = {4},
	year = {1976}}

@article{zimmermann1978substantivverbande-als-satzentsprechungen-und-ihre-referentielle-bedeutung,
	author = {Zimmermann, Ilse},
	journal = {{Struktur} und {Funktion} russischer {Substantivverbände}. {Vorträge} einer {Arbeitstagung}, gehalten am 1. und 2. Dezember 1977 in Rostock},
	number = {1},
	pages = {143-151},
	publisher = {Wilhelm-Pieck-Universität Rostock},
	title = {{Substantivverbände} als {Satzentsprechungen} und ihre referentielle {Bedeutung}},
	year = {1978}}

@incollection{zimmermann1978sintaksiceskie-funkcii-aktantov-zalog-i-perechodnost,
	address = {Leningrad},
	author = {Zimmermann, Ilse},
	booktitle = {Problemy teorii zaloga},
	journal = {Problemy teorii gram m ati{\v{c}}eskogo załoga},
	pages = {71-79},
	title = {Sintaksičeskie funkcii aktantov, zalog i perechodnost'},
	year = {1978}}

@article{zimmermann1967der-parallelismus-verbaler-und-substantivischer-konstruktionen-in-der-russischen-sprache-der-gegenwart,
	author = {Zimmermann, Ilse},
	doi = {https://doi.org/10.1524/slaw.1967.12.1.746},
	journal = {Zeitschrift für {Slawistik}},
	number = {5},
	pages = {744-755},
	title = {Der {Parallelismus} verbaler und substantivischer {Konstruktionen} in der russischen {Sprache} der {Gegenwart}},
	volume = {12},
	year = {1967}}

@article{Zimmermann72Die-substantivische,
	author = {Zimmermann, Ilse},
	doi = {https://doi.org/10.1524/slaw.1972.17.1.674},
	journal = {Zeitschrift für {Slawistik}},
	number = {5},
	pages = {674-684},
	title = {Die substantivische {Satzform}},
	volume = {12},
	year = {1972}}

@article{wuttich1976epistemische-logik,
	author = {Wuttich, K},
	doi = {https://doi.org/10.1524/dzph.1976.24.7.840},
	journal = {Deutsche Zeitschrift für Philosophie},
	pages = {840-847},
	title = {Epistemische {Logik}},
	number = {7},
	year = {1976}}

@incollection{wilkinson1970factive-complements-and-action-complements,
	address = {Chicago},
	author = {Wilkinson, Robert},
	booktitle = {Papers from the sixth regional meeting of the {Chicago Linguistic Society}},
	pages = {425-444},
	title = {Factive complements and action complements},
	year = {1970}}

@book{wagner1974zur-marxistisch-leninistischen-wahrheitstheorie,
	address = {Berlin},
	author = {Wagner, Kurt and Terton, Gerhard and Schwabe, Karl-Heinz},
	title = {Zur marxistisch-leninistischen {Wahrheitstheorie}},
	year = {1974},
	publisher={Deutscher Verlag der Wissenschaften}}

@book{searle1980SpeechAT,
	address = {Dordrecht},
	editor = {John R. Searle and Ferenc Kiefer and Manfred Bierwisch},
	title = {Speech act theory and pragmatics},
	year = {1980},
	publisher = {Springer}}

@incollection{viehweger1983sequenzierung-von-sprachhandlungen-und-prinzipien-der-einheitenbildung-im-text,
	address = {Berlin},
	author = {Viehweger, Dieter},
	booktitle = {Untersuchungen zur {Semantik}},
	editor = {Růžička, R. and Motsch, W.},
	pages = {369--394},
	publisher = {Akademie Verlag},
	series = {Studia grammatica XXII},
	title = {Sequenzierung von {Sprachhandlungen} und {Prinzipien} der {Einheitenbildung} im {Text}},
	year = {1983}}

@book{cowan1970studies-in-though-and-language,
	address = {Arizona},
	editor = {Cowan, J. L.},
	publisher = {Tucson},
	title = {Studies in though and language},
	year = {1970}}

@book{vendler1974linguistics-in-philosophy,
	author = {Vendler, Z.},
	publisher = {Cornell University Press},
	title = {Linguistics in philosophy},
	year = {1974}}

@incollection{vendler1967facts-and-events,
	author = {Vendler, Z.},
	booktitle = {{Linguistics} in {Philosophy}},
	doi = {https://doi.org/10.7591/9781501743726},
	pages = {122-146},
    address = {Itaka, NY},
	publisher = {Cornell University Press},
	title = {Facts and events},
	year = {1967 = 1974}}

@incollection{vendler1967effects-results-and-consequences,
	author = {Vendler, Z.},
	booktitle = {{Linguistics} in {Philosophy}},
	pages = {147-171},
	publisher = {Cornell University Press},
    address = {Itaka, NY},
	title = {Effects, results, and consequences,},
	year = {1967 = 1974}}

@book{vendler1964nominalizations,
	author = {Vendler, Z.},
	series = {Transformations and Discourse Analysis papers},
    number = {55},
	publisher = {University of Pennsylvania},
	title = {Nominalizations},
	year = {1964}}

@book{svedova1970grammatika-sovremennogo-russkogo-literaturnogo-jazyka,
	address = {Moskva},
	author = {Švedova, N. J.},
	publisher = {Nauka},
	title = {Grammatika sovremennogo russkogo literaturnogo jazyka},
	year = {1970}}

@incollection{steube1983indirekte-rede-und-zeitverlauf,
	author = {Steube, Anita},
	editor = {Růžička, R. and Motsch, W.},
	pages = {Berlin},
    booktitle = {{Untersuchungen} zur {Semantik}},
	publisher = {Akademie Verlag},
	series = {Studia grammatica XXII},
	title = {Indirekte {Rede} und {Zeitverlauf}},
	year = {1983}}

@article{steube1980die-consecutio-temporum-im-deutschen-als-ausdruck-eines-komplexen-zuordnungsverhaltnisses-von-zeichenfolge-und-bedeutungsstruktur,
	address = {Leipzig},
	author = {Steube, Anita},
	journal = {Linguistische Arbeitsberichte},
	number = {26},
	pages = {97-113},
	title = {Die consecutio temporum im {Deutschen} als {Ausdruck} eines komplexen {Zuordnungsverhältnisses} von {Zeichenfolge} und {Bedeutungsstruktur}},
	year = {1980},
	publisher = {Karl-Marx-Universität}}

@book{steube1980temporale-bedeutung-im-deutschen,
	address = {Berlin},
	author = {Steube, Anita},
	series = {Studia grammatica XX},
	title = {Temporale {Bedeutung} im {Deutschen}},
	year = {1980},
	publisher = {Akademie Verlag}}

@book{sommerfeldt1977worterbuch-zur-valenz-und-distribution-der-substantive,
	address = {Leipzig},
	author = {Karl-Ernst Sommerfeldt and Herbert Schreiber},
	title = {{Wörterbuch} zur {Valenz} und {Distribution} der {Substantive}},
	year = {1977},
	publisher = {VEB Bibliographisches Institut}}

@book{seuren1975tussen-taal-en-denken:-een-bijdrage-tot-de-empirische-funderingen-van-de-semantiek.-deutsche-ubersetzung:-zwischen-sprache-und-denken:-ein-beitrag-zur-empirischen-begrundung-der-semantik,
	address = {Wiesbaden},
	author = {Pieter A. M. Seuren},
	title = {Tussen taal en denken: {Een} bijdrage tot de empirische funderingen van de semantiek. {Deutsche} {Übersetzung}: {Zwischen} {Sprache} und {Denken}: {Ein} {Beitrag} zur empirischen {Begründung} der {Semantik}},
	year = {1975 = 1977},
	publisher = {Athenaion}}

@incollection{vendler1980telling-the-facts,
	address = {Dordrecht},
	author = {Vendler, Z.},
	booktitle = {Speech act theory and pragmatics},
	doi = {https://doi.org/10.1007/978-94-009-8964-1_13},
	editor = {John R. Searle and Ferenc Kiefer and Manfred Bierwisch},
	title = {Telling the facts},
	year = {1980},
	publisher = {Springer},
    pages = {273-290}}

@book{ruzicka1980studien-zum-verhaltnis-von-syntax-und-semantik-im-modernen-russischen,
	address = {Berlin},
	author = {Růžička, R.},
	series = {{Sammlung Akademie-Verlag}},
	doi = {https://doi.org/10.1515/9783112481769},
	title = {{Studien} zum {Verhältnis} von {Syntax} und {Semantik} im mo\-der\-nen {Russischen}},
	number = {35},
	year = {1980},
	publisher = {Akademie Verlag}}

@proceedings{grossman1975papers-from-the-eleventh-regional-meeting-of-the-chicago-linguistic-society,
	address = {Chicago},
	editor = {Grossman, R.E. and San, L.J. and Vance, T.J.},
	title = {Papers from the eleventh regional meeting of the {Chicago Linguistic Society}},
	year = {1975},
	publisher = {Chicago Linguistic Society}}

@book{robert1960dictionaire-alphabetique-et-analogique-de-la-langue-fracaise:-tome-second,
	address = {Paris},
	author = {Robert, P.},
	title = {Dictionnaire alphabétique et analogique de la langue française: {Tome} Second},
	year = {1960},
	publisher = {Société du Nouveau Littré}}

@article{rivero1971mood-and-presupposition-in-spanish,
	author = {Maria-Luisa Rivero},
	journal = {Foundations of Language},
	number = {3},
	pages = {305-336},
	title = {Mood and presupposition in {Spanish}},
	volume = {7},
	year = {1971},
	publisher = {JSTOR}}

@article{rieske1968philosophische-aspekte-der-fregeschen-begrundung-der-modernen-logik.-zur-120.-wiederkehr-des-geburtstages-von-g.-frege,
	author = {G. Rieske and Günter J. Schenk},
	doi = {https://doi.org/10.1524/dzph.1968.16.10.1207},
	journal = {Deutsche Zeitschrift für Philosophie},
	number = {10},
	pages = {1207 - 1226},
	title = {Philosophische {Aspekte} der {Fregeschen} {Begründung} der modernen {Logik}. {Zur} 120. {Wiederkehr} des {Geburts\-tages} von {G.} {Frege}},
	volume = {16},
	year = {1968}}

@book{reis1977prasuppositionen-und-syntax,
	address = {Tübingen},
	author = {Marga Reis},
	series = {Lingui\-sti\-sche Arbeiten},
	doi = {https://doi.org/10.1515/9783111344843},
	number = {51},
	title = {Präsuppositionen und {Syntax}},
	year = {1977},
	publisher = {Niemeyer}}

@book{reichenbach1966elements-of-symbolic-logic,
	address = {New York, London},
	author = {Reichenbach, Hans},
	title = {Elements of symbolic logic},
	year = {1966},
	publisher = {Dover Publications}}

@incollection{povarov1960sobytijnyj-i-suzdenceskij-aspekty-logiki-v-svjazi-s-logiceskimi-zadacami-techniki,
	address = {Moskva},
	author = {Povarov, G. N.},
	booktitle = {Primenenie logiki v nauke i technike},
	pages = {415-420},
	title = {Sobytijnyj i suždenčeskij aspekty logiki v svjazi s logičeskimi zadačami techniki},
	year = {1960},
	publisher = {Izdatel'stvo Akademii Nauk SSSR}}

@article{poldauf1976fact-non-fact-and-the-place-of-phasal-and-some-other-expressions,
	author = {Poldauf, Ivan},
	journal = {Prague Studies in Mathematical Linguistics},
	pages = {271-281},
	title = {Fact, non-fact and the place of phasal and some other expressions},
	number = {5},
	year = {1976}}

@article{poldauf1972fact-and-non-fact,
	author = {Poldauf, Ivan},
	journal = {The Prague Bulletin of Mathematical Linguistics},
	pages = {3-14},
	title = {Fact and non-fact},
	number = {18},
	year = {1972}}

@article{poldauf1972factive-implicative-evaluative-predicates,
	author = {Poldauf, Ivan},
	journal = {Philologica pragensia},
	pages = {65-92},
	title = {Factive, implicative, evaluative predicates},
	number = {15},
	year = {1972}}

@book{patzig1966gottlob-frege.-logische-untersuchungen,
	address = {Göttingen},
	author = {Patzig, Günther},
	title = {Gottlob Frege. Logische {Untersuchungen}},
	year = {1966}}

@incollection{pasch1983die-rolle-der-semantik-in-der-generativen-grammatik,
	address = {Berlin},
	author = {Pasch, Renate and Zimmermann, Ilse},
	booktitle = {{Richtungen} der modernen {Semantikforschung}},
	doi = {https://doi.org/10.1515/9783112533949-005},
	editor = {Wolfgang Motsch and Manfred Bierwisch and Dieter Viehweger},
	publisher = {{Akademie} der {Wissenschaften} der DDR. {Zentralinstitut} für {Sprachwissenschaft}},
	title = {Die {Rolle} der {Semantik} in der generativen {Grammatik}},
	year = {1983}}

@incollection{pasch1983mechanismen-der-inhaltlichen-gliederung-von-satzen,
	author = {Pasch, Renate},
	booktitle = {{Untersuchungen} zur {Semantik}},
    editor = {R. Růžička and W. Motsch},
    address = {Berlin},
	publisher = {Akademie-Verlag},
	title = {{Mechanismen} der inhaltlichen {Gliederung} von {Sätzen}},
	year = {1983}}

@article{Pasch82Illokutionare-Kraft,
	address = {Berlin},
	author = {Pasch, Renate},
	journal = {Linguistische {Studien} des {Zentralinstituts} für {Sprachwissenschaft} der {Akademie} der {Wissenschaften} der {DDR}},
	number = {91/II},
	pages = {112-154},
	title = {Illokutionäre {Kraft} von {Äußerungen} und semantischer {Satztyp}},
	volume = {A},
	year = {1982}}

@article{Pasch78Topik-vs.,
	address = {Berlin},
	author = {Pasch, Renate},
	journal = {Probleme der Satzsemantik},
	number = {47},
	pages = {185-196},
	publisher = {{Zentralinstituts} für {Sprachwissenschaft} der {Akademie} der {Wissenschaften} der {DDR}},
	series = {Linguistische Studien},
	title = {{Topik} vs. {Fokus} in {Behauptungen}. {Versuch} einer {Begriffs\-be\-stim\-mung}},
	volume = {A},
	year = {1978}}

@book{norrick1978factive-adjectives-and-the-theory-of-factivity,
	address = {Tübingen},
	author = {Norrick, Neal R},
	series = {Lingui\-sti\-sche {Arbeiten}},
	title = {Factive adjectives and the theory of factivity},
	number = {64},
	year = {1978},
	publisher = {Niemeyer}}

@book{motsch1983richtungen-der-modernen-semantikforschung,
	address = {Berlin},
	doi = {https://doi.org/10.1515/9783112533949},
	editor = {Wolfgang Motsch and Manfred Bierwisch and Die\-ter Viehweger},
	publisher = {{Akademie} der {Wissenschaften} der DDR. {Zentralinstitut} für {Sprachwissenschaft}},
	title = {Richtungen der modernen {Semantikforschung}},
	year = {1983}}

@incollection{motsch1981sprachhandlung-satz-und-text,
	address = {Lund},
	author = {Motsch, Wolfgang and Viehweger, D.},
	booktitle = {Sprache und {Pragmatik} {II}},
	editor = {Rosengren, I.},
	pages = {125-153},
	publisher = {Lunder Symposium 1980},
	title = {Sprachhandlung, {Satz} und {Text}},
	year = {1981}}

@incollection{motsch1983uberlegungen-zu-den-grundlagen-der-erweiterung-des-lexikons,
	author = {Motsch, Wolfgang},
	booktitle = {Untersuchungen zur {Semantik}},
    editor = {R. Růžička and W. Motsch},
	pages = {101--120},
	publisher = {Akademie-Verlag},
	title = {Überlegungen zu den {Grundlagen} der {Erweiterung} des {Lexikons}},
	year = {1983}}

@article{motsch1979zum-status-von-wortbildungsregularitaten,
	author = {Motsch, Wolfgang},
	doi = {https://doi.org/10.3406/drlav.1979.934},
	journal = {DRLAV: Documentation et Recherche en Linguistique Allemande Vincennes},
	pages = {1--40},
	title = {Zum {Status} von {Wortbildungsregularitäten}},
	number = {20},
	year = {1979}}

@incollection{motsch1977ein-pladoyer-fur-die-beschreibung-von-wortbildungen-auf-der-grundlage-des-lexikons,
	address = {Bonn},
	author = {Motsch, Wolfgang},
	booktitle = {{Perspektiven} der {Wortbildungsforschung}},
	editor = {Brekle, H. E. and Kastovsky, D.},
	pages = {180-202},
	title = {Ein {Plädoyer} für die {Beschreibung} von {Wortbildungen} auf der {Grundlage} des {Lexikons}},
	year = {1977},
	publisher={Bouvier}}

@inproceedings{morgan1969on-the-treatment-of-presupposition-in-transformational-grammar,
	author = {Morgan, Jerry L},
	booktitle = {Papers from the fifth regional meeting of the {Chicago Linguistic Society}},
	organization = {{Chicago Linguistic Society}},
	pages = {167--177},
	title = {On the treatment of presupposition in transformational grammar},
	year = {1969}}

@incollection{montague1973the-proper-treatment-of-quantification-in-ordinary-english,
	address = {Dordrecht},
	author = {Montague, Richard},
	booktitle = {Approaches to natural language: {Proceedings} of the 1970 {Stanford} workshop on grammat and semantics},
	doi = {https://doi.org/10.1007/978-94-010-2506-5_10},
	editor = {Hintikka, Jaakoo and Suppes, Patrick and Morav\-csik, Julius},
	pages = {221-242},
	title = {The proper treatment of quantification in ordinary {English}},
	year = {1973},
	publisher = {Springer}}

@book{miller1976language-and-perception,
	author = {Miller, George A. and Johnson-Laird, Philip N.},
	doi = {https://doi.org/10.4159/harvard.9780674421288},
	publisher = {Harvard University Press},
    address = {Cambridge, MA},
	title = {Language and perception},
	year = {1976}}

@incollection{Materna76Propozice,
	address = {Praha},
	author = {Materna, Pavel and Pala, Karel},
	booktitle = {Materiály ze semináře pro přípravu nové vědecké mluvnice spisovné češtiny},
    publisher = {Československá Akademie věd, Ústav pro jazyk český},
	editor = {Karel Horálek and Pavel Novák},
	pages = {61--86},
	title = {Propozice},
    note = {Printed material for internal use},
	year = {1976}}

@article{lewis1970general-semantics,
	author = {Lewis, David},
	doi = {https://doi.org/10.1007/BF00413598},
	journal = {Synthese},
	number = {1/2},
	pages = {18-67},
	title = {General Semantics},
	volume = {22},
	year = {1970}}

@article{lees1960the-grammar-of-english-nominalizations-supplement-to-international-journal-of-american-linguistics-26,
	author = {Robert B Lees},
	title = {The grammar of {English} nominalizations},
    journal = {Supplement to {International Journal of American Linguistics}},
    volume = {26},
	year = {1960}}

@incollection{lang1983einstellungsausdrucke-und-ausgedruckte-einstellungen,
	address = {Berlin},
	author = {Lang, Ewald},
	booktitle = {Untersuchungen zur {Semantik}},
    editor = {Růžička, R. and Motsch, W.},
	pages = {305-341},
	publisher = {Akademie-Verlag},
	title = {{Einstellungsausdrücke} und ausgedrückte {Einstellungen}},
	year = {1983}}

@book{rosengren1981sprache-und-pragmatik-ii,
	address = {Lund},
	editor = {Rosengren, I.},
	publisher = {Lunder Symposium 1980},
	title = {Sprache und Pragmatik II},
	year = {1981}}

@incollection{lang1981was-heisst-eine-einstellung-ausdrucken,
	address = {Lund},
	author = {Lang, Ewald},
	booktitle = {Sprache und Pragmatik II},
	editor = {Rosengren, I.},
	pages = {293-314},
	publisher = {Lunder Symposium 1980},
	title = {Was heißt „eine {Einstellung} ausdrücken”?},
	year = {1981}}

@article{lang1979zum-status-der-satzadverbiale,
	author = {Lang, Ewald},
	journal = {Slovo a slovesnost},
	number = {3},
	pages = {200--213},
	title = {Zum {Status} der {Satzadverbiale}},
	volume = {40},
	year = {1979}}

@incollection{kreiser1973geschichte-und-logisch-semantische-probleme-des-wissenschaftlichen-werkes-freges,
	address = {Berlin},
	author = {Kreiser, Lothar},
	booktitle = {{Gottlob Frege}: {Schriften} zur {Logik}},
	pages = {vii-liv},
	title = {{Geschichte} und logisch-semantische {Probleme} des wissenschaftlichen {Werkes} {Freges}},
	year = {1973},
	publisher = {Akademie-Verlag}}

@book{kozlova1972filosofija-i-jazyk-kriticeskij-analiz-nekotorych-tendencij-evoljucii-pozitivizma-xx-v.,
	address = {Moskva},
	author = {Kozlova, M. S.},
	title = {Filosofija i jazyk (kritičeskij analiz nekotorych tendencij ėvoljucii pozitivizma {XX} v.)},
	year = {1972},
	publisher = {Mysl'}}

@book{kondakov1971logiceskij-slovar-worterbuch-der-logik,
	address = {Leipzig},
	author = {Kondakov, N. I.},
	editor = {Albrecht, E. and Asser, G.},
	publisher = {Deutsche Ausgabe},
	title = {Logičeskij slovar' ({Wörterbuch} der {Logik})},
	year = {1971 = 1978}}

@book{klix1971information-und-verhalten,
	address = {Berlin},
	author = {Friedhart Klix},
	title = {{Information} und {Verhalten}},
	year = {1971},
	publisher = {Deutscher Verlag der Wissenschaften}}

@book{klaus1974philosophisches-worterbuch,
	address = {Leipzig},
	author = {Klaus, G. and Buhr, M.},
	edition = {{Neu} bearbeitete Aufl.},
	title = {Philosophisches {Wörterbuch}},
	number = {10},
	year = {1974},
	publisher = {VEB Bibliographisches Institut}}

@incollection{kiparsky1970fact,
	address = {Paris},
	author = {Kiparsky, Paul and Kiparsky, Carol},
	booktitle = {Progress in linguistics},
	doi = {https://doi.org/10.1515/9783111350219.143},
	editor = {Manfred Bierwisch and Karl Erich Heidolph},
	pages = {143-173},
	publisher = {The Hague},
	title = {Fact},
	year = {1970}}

@article{kiefer1978factivity-in-hungarian,
	author = {Kiefer, Ferenc},
	doi = {https://doi.org/10.1075/sl.2.2.03kie},
	journal = {Studies in language},
	number = {2},
	pages = {165-197},
	title = {Factivity in {Hungarian}},
	volume = {II},
	year = {1978}}

@article{kiefer1978functional-sentence-perspective-and-presuppositions,
	address = {Berlin},
	author = {Kiefer, Ferenc},
	journal = {Linguistische {Studien} des {Zentralinstituts} für {Sprachwissenschaft}},
	number = {47},
	pages = {119-155},
	title = {Functional sentence perspective and presuppositions},
	volume = {A},
	year = {1978},
	publisher = {{Akademie} der {Wissenschaften} der {DDR}}}

@book{katz1977propositional-structure-and-illocutionary-force:-a-study-of-the-contribution-of-sentence-meaning-to-speech-acts,
	address = {Sussex},
	author = {Katz, Jerrold J.},
	publisher = {Hassocks},
	title = {Propositional structure and illocutionary force: A study of the contribution of sentence meaning to speech acts},
	year = {1977}}

@book{katz1972semantic-theory,
	address = {New York},
	author = {Katz, Jerrold J.},
	title = {Semantic theory},
	year = {1972},
	publisher = {Harper \& Row}}

@incollection{karttunen1972die-logik-englischer-pradikatkomplementkonstruktionen,
	author = {Karttunen, Lauri},
	booktitle = {Generative {Semantik}},
	editor = {Werner Abraham and Robert J. Binnick},
	pages = {243-275},
    address = {Frankfurt/M.},
    publisher = {Athenäum},
	title = {Die {Logik} englischer {Prädikatkomplementkonstruktionen}},
	year = {1972}}

@article{karttunen1971implicative-verbs,
	author = {Karttunen, Lauri},
	doi = {https://doi.org/10.2307/412084},
	journal = {Language},
	number = {2},
	pages = {340-358},
	title = {Implicative verbs},
	volume = {47},
	year = {1971}}

@book{jackendoff1977xbar-syntax:-a-study-of-phrase-structure,
	address = {London, England/Cambrige, Mass.},
	author = {Jackendoff, Ray S.},
	publisher = {MIT},
	title = {$\overline{X}$ syntax: {A} study of phrase structure,},
	year = {1977}}

@article{jackendoff1975morphological-and-semantic-regularities-in-the-lexicon,
	author = {Jackendoff, Ray S.},
	doi = {https://doi.org/10.2307/412891},
	journal = {Language},
	number = {3},
	pages = {629-671},
	title = {Morphological and semantic regularities in the lexicon},
	volume = {51},
	year = {1975}}

@book{jackendoff1974introduction-to-the-xbar-convention.,
	author = {Jackendoff, Ray S.},
	publisher = {Indiana University Linguistics Club},
	title = {Introduction to the $\overline{X}$ convention.},
	year = {1974}}

@book{jackendoff1972semantic-interpretation-in-generative-grammar.,
	publisher = {MIT},
    address = {Cambridge, Mass.},
	author = {Jackendoff, Ray S.},
	title = {Semantic interpretation in generative grammar},
	year = {1972}}

@article{jackendoff1971modal-structure-in-semantic-representation,
	author = {Jackendoff, Ray S.},
	journal = {Linguistic Inquiry},
	number = {4},
	pages = {479-514},
	title = {Modal structure in semantic representation},
	volume = {2},
	year = {1971}}

@book{horalek1976materialy-pro-pripravy-nove-vedecke-mluvnice-spisovne-cestiny-vervielf.-manuskript,
	address = {Praha},
	editor = {Horálek, K. and Novák, P.},
	title = {Materiály pro připravy nové vědecké mluvnice spisovne češtiny, vervielf. Manuskript},
	year = {1976}}

@inproceedings{hintikka1973approaches-to-natural-language,
	address = {Dordrecht},
	booktitle = {Proceedings of the 1970 {Stanford} workshop on grammat and semantics},
	editor = {Hintikka, K.J.J. and Suppes, Patrick and Moravcsik, Julius Matthew Emil},
	title = {Approaches to natural language},
	year = {1973},
	publisher = {Springer}}

@incollection{heitschm1969zur-bestimmung-eines-allgemeinen-begriffs-der-tatsache,
	author = {Heitsch, W.},
	booktitle = {Rostocker philosophische {Manuskripte}, Heft 6 {Begriff} und {Funktion} der {Tatsache} in der wissenschaftlichen {Forschung}},
	doi = {https://doi.org/10.1524/dzph.1969.17.2.224},
	pages = {33-43},
	title = {Zur {Bestimmung} eines allgemeinen {Begriffs} der {Tatsache}},
	year = {1969}}

@book{hartung1964die-zusammengesetzten-satze-im-deutschen,
	address = {Berlin},
	author = {Hartung, W.},
	publisher = {Akademie-Verlag},
	series = {Studia grammatica IV},
	title = {Die zusammengesetzten {Sätze} im {Deutschen}},
	year = {1964}}

@incollection{rosenberg1975factives-that-arent-so-in,
	address = {Chicago},
	author = {Rosenberg, M. S.},
	booktitle = {Papers from the eleventh regional meeting of the {Chicago} {Linguistic} {Society}},
	editor = {Grossman, R.E. and San, L.J. and Vance, T.J.},
	pages = {475-486},
	title = {Factives that aren't so},
	year = {1975},
	publisher = {{Chicago Linguistic Society}}}

@article{gazdar1978eine-pragmatisch-semantische-mischtheorie-der-bedeutung,
	author = {Gazdar, G. J. M.},
	journal = {Linguistische Berichte},
    number = {58},
	pages = {5-17},
	title = {Eine pragmatisch-semantische {Mischtheorie} der {Bedeutung}},
	year = {1978}}

@incollection{frege1924erkenntnisquellen-der-mathematik-und-der-mathematischen-naturwissenschaften,
	address = {Berlin},
	author = {Frege, G.},
	booktitle = {{Schriften} zur {Logik}. {{Aus} dem {Nachlaß}, mit einer {Einleitung} von {Lothar Kreiser}, 1973}},
	pages = {227-237},
	publisher = {Akademie-Verlag},
	title = {{Erkenntnisquellen} der {Mathematik} und der mathematischen {Naturwissenschaften}},
	year = {1924/25}}

@incollection{frege1918der-gedanke.-eine-logische-untersuchung-in:-beitrage-zur-philosophie-des-deutschen-idealismus-i-1918/1919,
	address = {Göttingen},
	author = {Frege, G.},
	booktitle = {{Gott\-lob} {Frege}. {Funktion}, {Begriff}, {Bedeutung}. {Fünf} logische {Studien}. 2., durchgesene {Auflage}},
	editor = {Patzig, G.},
	pages = {30-53},
	title = {Der {Gedanke}. {Eine} logische {Untersuchung}. {Beiträge} zur {Philosophie} des deutschen {Idealismus 2}},
	number = {1},
	year = {1918/19},
	publisher = {Vandenhoeck \& Ruprecht}}

@incollection{frege1914logik-in-der-mathematik,
	address = {Berlin},
	author = {Frege, G.},
	booktitle = {{Schriften} zur {Logik}. {Aus} dem {Nachlaß}, mit einer {Einleitung} von {Lothar Kreiser}, 1973},
	pages = {93-165},
	publisher = {Akademie-Verlag},
	title = {{Logik} in der {Mathematik}},
	year = {1914}}

@incollection{frege1906einleitung-in-die-logik,
	address = {Berlin},
	author = {Frege, G.},
	booktitle = {{Schriften} zur {Logik}. {Aus} dem {Nachlaß}, mit einer {Einleitung} von {Lothar Kreiser}, 1973},
	pages = {75-92},
	publisher = {Akademie-Verlag},
	title = {{Einleitung} in die {Logik}},
	year = {1906}}

@incollection{frege1897logik,
	address = {Berlin},
	author = {Frege, G.},
	booktitle = {{Schriften} zur {Logik}. {Aus} dem {Nachlaß}, mit einer {Einleitung} von {Lothar Kreiser}, 1973},
	pages = {37-74},
	publisher = {Akademie-Verlag},
	title = {Logik},
	year = {1897}}

@book{frege1973schriften-zur-logik.-aus-dem-nachlass-von-l.-kreiser,
	address = {Berlin},
	author = {Frege, G.},
	publisher = {Akademie-Verlag},
	title = {{Schriften} zur {Logik}. {Aus} dem {Nachlaß}, mit einer {Einleitung} von {Lothar Kreiser}, 1973},
	year = {1973}}

@book{patzig1966gottlob-frege.-funktion-begriff-bedeutung.-funf-logische-studien.-2.-durchgesene-auflage,
	address = {Göttingen},
	editor = {Patzig, G.},
	title = {{Gottlob} {Frege}. {Funktion}, {Begriff}, {Bedeutung}. {Fünf} logische {Studien}. 2., durchgesene {Auflage}},
	year = {1966},
	publisher = {Vandenhoeck \& Ruprecht}}

@incollection{frege1892uber-sinn-und-bedeutung,
	address = {Göttingen},
	author = {Frege, G.},
	booktitle = {{Gottlob} {Frege}. {Funktion}, {Begriff}, {Bedeutung}. {Fünf} logische {Studien}. 2., durchgesene {Auflage}},
	editor = {Patzig, G.},
	pages = {40-56},
	title = {{Über} {Sinn} und {Bedeutung}. {Zeitschrift} für {Philosophie} und philosophische {Kritik}.},
	year = {1892},
	publisher = {Vandenhoeck \& Ruprecht}}

@incollection{frege1891function-und-begriff.-vortrag-gehalten-in-der-sitzung-vom-9.-januar-1891-der-jenaischen-gesellschaft-fur-medizin-und-naturwissenschaft,
	author = {Frege, Gottlob},
	booktitle = {{Logik-Texte}. {Kommentierte Auswahl} zur {Geschichte} der modernen {Logik}},
	editor = {Karel Berka and Lothar Kreiser},
	pages = {27-48},
	title = {{Function} und {Begriff}. {Vortrag}, gehalten in der {Sitzung} vom 9. {Januar} 1891 der {Jenaischen} {Gesellschaft} für {Medizin} und {Naturwissenschaft}},
	year = {1891}}

@incollection{frege1879begriffsschrift-eine-der-arithmetischen-nachgebildete-formelsprache-des-reinen-denkens-1879.,
    author = {Frege, Gottlob},
	address = {Halle/Saale: Louis Nebert},
	booktitle = {{Logik-Texte}. {Kommentierte Auswahl zur Geschichte der modernen Logik}},
	editor = {Karel Berka and Lothar Kreiser},
	pages = {48-106},
	title = {{Begriffsschrift}, eine der arithmetischen nachgebildete {Formelsprache} des reinen {Denkens} 1879.},
	year = {1879}}

@article{fillmore1969verbs-of-judging:-an-exercise-in-semantic-description,
	author = {Fillmore, Ch. J.},
	doi = {https://doi.org/10.1080/08351816909389109},
	journal = {Papers in Linguistics},
	number = {1},
	pages = {91-117},
	title = {Verbs of judging: an exercise in semantic description},
	volume = {1},
	year = {1969}}

@incollection{fillmore1968the-case-for-case,
	address = {New York},
	author = {Fillmore, Ch. J.},
	booktitle = {Universals in linguistic theory},
	editor = {Emmon Bach and Robert T. Harms},
	pages = {1-88},
	title = {The case for case},
	year = {1968},
	publisher = {Holt, Rinehart and Winston}}

@book{cresswell1973logics-and-languages,
	address = {London},
	editor = {M. J. Cresswell},
	title = {Logics and languages},
	year = {1973},
	publisher = {Routledge}}

@incollection{vendler1970say-what-you-think,
	address = {Tucson, Arizona},
    publisher = {University of Arizona Press},
	author = {Vendler, Z.},
	booktitle = {Studies in thought and language},
	editor = {Cowan, J. L.},
	title = {Say what you think},
	year = {1970}}

@book{jacobs1970readings-in-english-transformational-grammar,
	address = {Massachusetts},
	author = {Jacobs, R. A. and Rosenbaum, P. S.},
	publisher = {Waltham},
	title = {Readings in {English} transformational grammar},
	year = {1970}}

@incollection{chomsky1970remarks-on-nominalization-,
	address = {Massachusetts},
	author = {Chomsky, N.},
	booktitle = {Readings in {English} transformational grammar},
	editor = {Jacobs, R. A. and Rosenbaum, P. S.},
	pages = {184-221},
	publisher = {Waltham},
	title = {Remarks on nominalization},
	year = {1970}}

@book{butler1962analytical-philosophy,
	address = {Oxford},
	author = {Butler, R. J.},
	title = {Analytical philosophy},
	year = {1962},
	publisher = {Barnes & Noble}}

@book{brekle1977perspektiven-der-wortbildungsforschung,
	address = {Bonn},
	editor = {Brekle, H. E. and Kastovsky, D.},
	title = {{Perspektiven} der {Wortbildungsforschung}},
	year = {1977},
	publisher = {Bouvier Verlag Herbert Grundmann}}

@incollection{birjukov1965o-vzgljadach-g.-frege-na-rol-znakov-i-iscislenija-v-poznanii,
	address = {Moskva},
	author = {Birjukov, B. V.},
	booktitle = {Logičeskaja struktura naučnogo znanija},
	pages = {91-108},
	title = {O vzgljadach {G.} {Frege} na rol' znakov i isčislenija v poznanii},
	year = {1965},
	publisher={Izdatel'stvo Akademii Nauk SSSR}}

@incollection{birjukov1960teorija-smysla-gotloba-frege,
	address = {Moskva},
	author = {Birjukov, B. V.},
	booktitle = {Primenenie logiki v nauke i technike},
	pages = {502-555},
	title = {Teorija smysla {Gotloba} {Frege}},
	year = {1960},
	publisher={Izdatel'stvo Akademii Nauk SSSR}}

@incollection{birjukov1959o-robotach-g.-frage-po-filosofskim-voprosam-matematiki,
	author = {Birjukov, B. V.},
	booktitle = {Filosofskie vorprosy estestvoznanija},
	pages = {134-177},
	series = {Nekotorye filosofsko-teoretičeskie voprosy fiziki, matematiki i chimii},
	title = {O rabotach {G.} {Frege} po filosofskim voprosam matematiki},
	number = {II},
	year = {1959}}

@proceedings{binnick1969papers-from-the-fifth-regional-meeting-of-the-chicago-linguistic-society,
	editor = {Binnick, R. I. and Davison, A. and Green, G. and Morgan, J.},
	publisher = {Chicago},
	title = {Papers from the fifth regional meeting of the {Chicago Linguistic Society}},
	year = {1969}}

@book{manfred-bierwisch1970progress-in-linguistics,
	address = {Paris},
	editor = {Manfred Bierwisch and Karl Erich Heidolph},
	publisher = {The Hague},
	title = {Progress in linguistics},
	year = {1970}}

@book{friedhart-klix1980cognition-and-memory,
	address = {Berlin},
	author = {Friedhart Klix and Joachim Hoffmann},
	title = {Cognition and memory},
	year = {1980},
	publisher={Deutscher Verlag der Wissenschaften}}

@incollection{bierwisch1974utterance-meaning-and-mental-states,
	author = {Bierwisch, Manfred},
	booktitle = {Cognition and memory},
	doi = {https://doi.org/10.1016/S0166-4115(08)62435-8},
	editor = {Friedhart Klix and Joachim Hoffmann},
	pages = {55-64},
	title = {Utterance meaning and mental states},
	year = {1974}}

@article{bierwisch1979satztyp-und-kognitive-einstellung,
	author = {Bierwisch, Manfred},
	journal = {Slovo a slovesnost},
	pages = {194-199},
	title = {{Satztyp} und kognitive {Einstellung}},
	number = {40},
	year = {1979}}

@book{karel-berka1971logik-texte.-kommentierte-auswahl-zur-geschichte-der-modernen-logik,
	address = {Berlin},
	doi = {https://doi.org/10.1515/9783112611302},
	editor = {Karel Berka and Lothar Kreiser},
	title = {{Logik-Texte}. {Kommentierte Auswahl} zur {Geschichte} der modernen {Logik}},
	year = {1971},
	publisher = {Walter de Gruyter}}

@book{emmon-bach1968universals-in-linguistic-theory,
	address = {New York},
	author = {Emmon Bach and Robert T Harms},
	title = {Universals in linguistic theory},
	year = {1968},
	publisher = {Holt, Rinehart and Winston}}

@article{arutjunova1976ponjatie-propozicii-v-logike-i-lingvistike,
	author = {Nina D. Arutjunova},
	journal = {Izvestija Akademii nauk},
	number = {1},
	pages = {46-54},
	title = {Ponjatie propozicii v logike i lingvistike},
	volume = {XXXV},
	year = {1976}}

@article{arutjunovasokrovennaja-svjazka-k-probleme-predikativnogo-otnosenija,
	author = {Nina D. Arutjunova},
	journal = {Izvestija Akademii nauk SSSR},
	number = {4},
	pages = {347-358},
	series = {Serija literatury i jazyka},
	title = {Sokrovennaja svjazka (K probleme predikativnogo otno\v{s}enija)},
	volume = {XXXIX},
    year = {(nicht datiert)}}

@article{arutjunova1976referencija-imeni-i-struktura-predlozenija,
	author = {Nina D. Arutjunova},
	journal = {Voprosy jazykoznanija},
	pages = {24-35},
	title = {Referencija imeni i struktura predloženija},
	number = {2},
	year = {1976}}

@book{arutjunova1976predlozenie-i-ego-smysl:-logiko-semanticeskie-problemy,
	address = {Moskva},
	author = {Nina D. Arutjunova},
	title = {Predloženie i ego smysl: logiko-semantičeskie problemy},
	year = {1976},
	publisher = {Nauka}}

@book{1972generative-semantik,
	address = {Frankfurt (Main)},
	editor = {Abraham Werner and Robert J. Binnick},
	series = {Linguistische Forschungen},
	title = {{Generative Semantik}},
	number = {11},
	year = {1972},
	publisher = {Athenäum}}

%%%Zi88

@article{Ades.Steedman1982,
    author      = {Ades, Anthony E. and Steedman, Mark J.}, 
    title       = {On the order of words},
    journal     = {Linguistics and Philosophy},
    volume      = {4},
    number      = {4},
    year        = {1982},
    pages       = {517-558},
    doi         = {10.1007/BF00360804}
}

@book{Asbach-Schnitker.Roggenhofer1986,
    author      = {Asbach-Schnitker, Brigitte and Roggenhofer, Johannes},
    title       = {Neuere {F}orschungen zur {W}ortbildung und {H}istoriographie der {L}inguistik. {F}estgabe für {H}erbert {E}. {B}rekle zum 50. {G}eburtstag},
    year        = {1986},
    publisher   = {Niemeyer}, 
    address     = {Tübingen}
}

@book{Bech1955,
    author      = {Bech, Gunnar}, 
    title       = {Studien über das deutsche {Verbum} infinitum},
    year        = {1955},
    publisher   = {I kommission hos Munksgaard}, 
    address     = {København},
    note = {2. unveränderte Auflagen Tübingen: Niemeyer, 1983},
}

@incollection{Bierwisch1967,
    author      = {Bierwisch, Manfred}, 
    title       = {Syntactic features in morphology: {G}eneral problems of so-called pronominal inflection in {G}erman},
    booktitle   = {To honor {R}oman {J}akobson},
    volume      = {1},
    editor      = {}, 
    year        = {1967},
    address     = {The Hague},
    publisher   = {Mouton}, 
    pages       = {239-270},
    doi         = {10.1515/9783111604763-022}
}

@article{Bierwisch1982,
    author      = {Bierwisch, Manfred}, 
    title       = {Formal and lexical semantics},
    journal     = {Linguistische Berichte},
    volume      = {80},
    year        = {1982},
    pages       = {3-17},
%    note        = {und in: {B}ierwisch, {M}anfred (1983), 56-79}
}

@book{Bierwisch1983,
    author      = {Bierwisch, Manfred}, 
    title       = {Essays in the psychology of language},
    year        = {1983},
    series      = {{L}inguistische {S}tudien des {Z}entralinstituts für {S}prachwissenschaft der {A}kademie der {W}issenschaften der {DDR}, {R}eihe {A}, {H}.},
    number      = {114},
    publisher   = {Akademie-Verlag},
    address     = {Berlin}
}

@unpublished{Bierwisch1986,
    author      = {Bierwisch, Manfred}, 
    title       = {Konzeptuelle {S}truktur und {S}emantische {F}orm},
    year        = {1986},
    note        = {Seminarmaterialien},
    address     = {Berlin}
}

@incollection{Bierwisch1987a,
    author      = {Bierwisch, Manfred}, 
    title       = {Semantik der {G}raduierung},
    booktitle   = {Grammatische und konzeptuelle {A}spekte von {D}imensionsadjektiven},
    year        = {1987},
    editor      = {Bierwisch, Manfred and Lang, Ewald}, 
    publisher   = {Akademie-Verlag}, 
    address     = {Berlin},
    pages       = {91-286},
    series      = {Studia grammatica},
	number      = {26/27},
}   

@unpublished{Bierwisch1987b,
    author      = {Bierwisch, Manfred}, 
    title       = {Cognitive linguistics: {F}ramework and topics},
    year        = {1987},
    note        = {Seminarmaterialien},
    address     = {Nijmegen}
}

@unpublished{Bierwisch1987c,
    author      = {Bierwisch, Manfred}, 
    title       = {Die {S}truktur thematischer {R}aster},
    year        = {1987},
    note        = {Seminarmaterialien},
    address     = {Nijmegen}
}

@misc{Bierwisch1987d,
    author      = {Bierwisch, Manfred}, 
    title       = {Towards a compositional theory of tense},
    year        = {1987},
    note        = {Seminarmaterialien},
    address     = {Nijmegen}
}

@incollection{Bierwisch-Drucka,
    author      = {Bierwisch, Manfred},
    title       = {On the grammar of local prepositions},
    booktitle   = {Syntax, {S}emantik und {L}exikon}, %: Rudolf Růžička zum 65. Geburtstag
    editor      = {Bierwisch, Manfred and Motsch, Wolfgang and Zimmermann, Ilse},
    publisher   = {Berlin}, 
    address     = {Akademie-Verlag}, 
    year        = {1988},
    pages       = {1-65}
}

@incollection{Bierwisch-Druckb,
    author      = {Bierwisch, Manfred}, 
    title       = {A structural paradox in lexical knowledge},
    booktitle   = {Knowledge aided information processing in human beings. {F}estschrift {F}riedhart {K}lix},
    year        = {1987},
    editor      = {van der Meer, Elke and Hoffmann, Joachim},
    publisher   = {North-Holland}, 
    address     = {Amsterdam},
    pages       = {141-172}
}

@article{Bresnan.Grimshaw1987,
    author      = {Bresnan, Joan and Grimshaw, Jane},
    title       = {The syntax of free relatives in {E}nglish},
    journal     = {Linguistic Inquiry},
    volume      = {9},
    number      = {3},
    year        = {1987},
    pages       = {331-391},
    url         = {https://www.jstor.org/stable/4178069}
}

@BOOK{Chomsky1957,
  author        = {Chomsky, Noam}, 
  year          = {1957},
  title         = {Syntactic structures},
  address       = {The Hague},
  publisher     = {Mouton }
}

@book{Chomsky1981,
    author      = {Chomsky, Noam},
    title       = {Lectures on government and binding},
    year        = {1981},
    publisher   = {Foris Publications}, 
    address     = {Dordrecht, Cinnaminson, NJ}
}

@book{Chomsky1982,
    author      = {Chomsky, Noam},
    title       = {Some concepts and consequences of the theory of government and binding},
    year        = {1982},
    publisher   = {MIT Press}, 
    address     = {Cambridge, MA},
    series      = {{L}inguistic {I}nquiry monograph},
    number      = {6}
}

@book{Chomsky1986,
    author      = {Chomsky, Noam},
    title       = {Barriers},
    year        = {1986},
    publisher   = {MIT Press},
    address     = {Cambridge, MA}
}

@misc{Benes.Viehweger1981,
    author      = {Daneš, František and Viehweger, Dieter}, 
    title       = {Satzsemantische {K}omponenten und {R}elationen im {T}ext (= {L}inguistics {I})},
    year        = {1981},
    publisher   = {Ústav pro Jazyk Český},
    address     = {Prag}
}

@book{Emonds1985,
    author      = {Emonds, Joseph E.}, 
    title       = {A unified theory of syntactic categories},
    publisher   = {Foris Publications}, 
    address     = {Dordrecht},
    year        = {1985},
    doi         = {10.1515/9783110808513}
}

@article{Emonds1987,
    author      = {Emonds, Joseph E.}, 
    title       = {The invisible category principle},
    journal     = {Linguistic Inquiry},
    volume      = {18},
    number      = {4},
    year        = {1987},
    pages       = {613-632},
    url         = {https://www.jstor.org/stable/4178563}
}

@incollection{Fanselow1985,
    author      = {Fanselow, Gisbert}, 
    title       = {What is a possible word?},
    booktitle   = {Studies in {G}erman grammar},
    year        = {1985},
    editor      = {Toman, Jindřich}, 
    publisher   = {de Gruyter},
    address     = {Dordrecht}, 
    pages       = {613-632}
}

@article{Fanselow1986a,
    author      = {Fanselow, Gisbert}, 
    title       = {On the sentential nature of prenominal adjectives in {G}erman},
    journal     = {Folia Linguistica},
    volume      = {20},
    number      = {3-4},
    year        = {1986},
    pages       = {341-380},
    doi         = {10.1515/flin.1986.20.3-4.341}
}

@incollection{Fanselow1986b,
    author      = {Fanselow, Gisbert}, 
    title       = {Gemeinsame {P}rinzipien von {W}ort- und {P}hrasensemantik},
    editor      = {Asbach-Schnitker, Brigitte and Roggenhofer, Johannes}, 
    booktitle   = {Neuere {F}orschungen zur {W}ortbildung und {H}istoriographie der {L}inguistik. {F}estgabe für {H}erbert {E}. {B}rekle zum 50. {G}eburtstag},
    year        = {1986},
    publisher   = {Narr}, 
    address     = {Tübingen},
    pages       = {177-194}
}

@incollection{Fanselow1988,
    author      = {Fanselow, Gisbert}, 
    title       = {Word formation and the human conceptual system},
    booktitle   = {The contribution of word structure theories to the study of word formation},
    series      = {Linguistische {S}tudien des {Z}entralinstituts für {S}prachwissenschaft der {A}kademie der {W}issenschaften der {DDR}, {R}eihe {A}},
    number      = {179},
    editor      = {}, 
    year        = {1988},
    publisher   = {Akademie der Wissenschaften der DDR, Zentralinstitut für Sprachwissenschaft}, 
    address     = {Berlin},
    pages       = {31-52} 
}

@phdthesis{Fukui1986,
    author      = {Fukui, Naoki},
    title       = {A theory of category projection and its applications},
    school      = {MIT},
    address     = {Cambridge, MA},
    year        = {1986}
}

@inproceedings{Haftka1987,
    author      = {Haftka, Brigitta}, 
    title       = {Left Dislocations in {German}},
    booktitle   = {Proceedings of the Fourteenth congress of linguists},
    volume      = {1},
    editor      = {Bahner, Werner}, 
    address     = {Berlin},
    year        = {1990},
    publisher   = {De Gruyter},
    address     = {Berlin},
    pages       = {758-760}
}

@incollection{Haftka1988-drucka,
    author      = {Haftka, Brigitta}, 
    title       = {Linksverschiebungen im {Deutschen} ({Thesen})},
    booktitle   = {Wissenschaftliche {Beiträge} der {Friedrich}-{Schiller}-{Universität} {Jena}. 2. {Jenaer} {Semantik}-{Syntax}-{Symposium}},
    year        = {1988},
    publisher   = {Verl.-Abt. d. Friedrich-Schiller-Univ. Jena},
    address     = {Jena},
    pages       = {}
}

@incollection{Haftka1988-druckb,
    author      = {Haftka, Brigitta},
    title       = {Ob \textit{vielleicht} vielleicht tatsächlich nicht gern reist? {Ein} {Beitrag} zur {Topologie} (auch des {Satzadverbials})},
    booktitle   = {Studien zum {Satzmodus}},
    series      = {Linguistische {S}tudien des {Z}entralinstituts für {S}prachwissenschaft der {A}kademie der {W}issenschaften der {DDR}, {R}eihe {A}},
    volume      = {177},
    editor      = {Lang, Ewald}, 
    year        = {1988},
    publisher   = {Akademie der Wissenschaften der DDR, Zentralinstitut für Sprachwissenschaft}, 
    address     = {Berlin},
    pages       = {25-59}
}

@article{Haider1984,
    author      = {Haider, Hubert}, 
    title       = {Was zu haben ist und was zu sein hat. {B}emerkungen zum {I}nfinitiv},
    journal     = {Papiere zur Linguistik},
    volume      = {30},
    number      = {1},
    year        = {1984},
    pages       = {23-36}
}

@incollection{Haider1986a,
    author      = {Haider, Hubert}, 
    title       = {V-second in {G}erman},
    booktitle   = {Verb second phenomena in {G}ermanic languages},
    editor      = {Haider, Hubert and Prinzhorn, Martin},
    year        = {1986},
    address     = {Dordrecht}, 
    publisher   = {Foris Publications}, 
    pages       = {49-75},
    doi         = {10.1515/9783110846072.49}
}

@misc{Haider1986b,
    author      = {Haider, Hubert }, 
    title       = {Deutsche {S}yntax -- generativ. {P}arameter der deutschen {S}yntax},
    year        = {1986},
    note        = {Habilitationsschrift. {U}niversität {W}ien}
}

@book{Jackendoff1974,
    author      = {Jackendoff, Ray},
    title       = {Introduction to the $\bar{X}$ convention},
    year        = {1974},
    publisher        = {Indiana University Linguistics Club},
address = {Bloomington, IN}
}

@book{Jackendoff1977,
    author      = {Jackendoff, Ray}, 
    title       = {$\bar{X}$ syntax: {A} study of phrase structure},
    series      = {Linguistic Inquiry monograph {II}},
    year        = {1977},
    publisher   = {MIT Press},
    address     = {Cambridge, MA}
}

@article{Jackendoff1987,
    author      = {Jackendoff, Ray}, 
    title       = {The status of thematic relations in linguistic theory},
    journal     = {Linguistic Inquiry},
    volume      = {18},
    number      = {3},
    year        = {1987},
    pages       = {369-411},
    url         = {https://www.jstor.org/stable/4178548}
}

@article{Larson1985,
    author      = {Larson, Richard K.}, 
    title       = {Bare-{NP} adverbs},
    journal     = {Linguistic Inquiry},
    volume      = {16},
    number      = {4},
    year        = {1985},
    pages       = {595-621},
    url         = {https://www.jstor.org/stable/4178458}
}

@article{Larson1987,
    author      = {Larson, Richard K}, 
    title       = {``{Missing} prepositions'' and the analysis of {E}nglish free relative clauses},
    journal     = {Linguistic Inquiry},
    volume      = {18},
    number      = {2},
    year        = {1987},
    pages       = {239-266},
    url         = {https://www.jstor.org/stable/4178537}
}

@phdthesis{Lieber1980,
    author      = {Lieber, Rochelle}, 
    title       = {On the organization of the lexicon},
    school      = {MIT},
    address     = {Cambridge, MA},
    year        = {1980},
%    note        = {Reproduced by the Indiana University Linguistics Club, Bloomington 1981},
    url         = {https://dspace.mit.edu/handle/1721.1/15976}
}

@incollection{Lieber1981,
    author      = {Lieber, Rochelle},
    title       = {Morphological conversion within a restrictive theory of the lexicon},
    booktitle   = {The scope of lexical rules},
    editor      = {Moortgat, Michael and van der Hulst, Harry and Hoekstra, Teun},
    year        = {1981},
    publisher   = {Foris Publications}, 
    address     = {Dordrecht},
    pages       = {161-200},
    doi         = {10.1515/9783112327364-006}
}

@article{Lieber1983,
    author      = {Lieber, Rochelle}, 
    title       = {Argument linking and compounds in {E}nglish},
    journal     = {Linguistic Inquiry},
    volume      = {14},
    number      = {2},
    year        = {1983},
    pages       = {251-285},
    url         = {https://www.jstor.org/stable/4178325}
}

@article{McCawley1968, 
    author      = {McCawley, James D.}, 
    title       = {Concerning the base component of a transformational grammar},
    journal     = {Foundations of Language},
    volume      = {4},
    number      = {3},
    year        = {1968},
    pages       = {243-269},
    url         = {https://www.jstor.org/stable/25000330}
}

@book{vdMeer.Hoffmann1987,
    author      = {Van der Meer, Elke and Hoffmann, Joachim},
    title       = {Knowledge aided information processing in human beings. {F}estschrift {F}riedhart {K}lix},
    year        = {1987},
    publisher   = {Elsevier},
    address     = {Amsterdam}
}

@article{Moortgat1984,
    author      = {Moortgat, Michael}, 
    title       = {A {F}regean restriction on metarules},
    journal     = {NELS},
    volume      = {14},
    year        = {1984},
    pages       = {306-325},
    url         = {https://scholarworks.umass.edu/nels/vol14/iss1/19 }
}

@incollection{Moortgat1987,
    author      = {Moortgat, Michael}, 
    title       = {Compositionality and the syntax of words},
    booktitle   = {Foundations of pragmatics and lexical semantics},
    editor      = {Groenendijk, Jeroen A. G. and de Jongh, Dick and Stokhof, Martin},
    year        = {1987},
    publisher   = {Foris Publications}, 
    address     = {Dordrecht},
    pages       = {41-62},
    doi         = {10.1515/9783111405933-004}
}

@book{Motsch.Zimmermann1987,
    author      = {Motsch, Wolfgang and Zimmermann, Ilse},
    title       = {Das {L}exikon als autonome {K}omponente der {G}rammatik},
    series      = {Linguistische {S}tudien des {Z}entralinstituts für {S}prachwissenschaft der {A}kademie der {W}issenschaften der {DDR}, {R}eihe {A}},
    number      = {163},
    year        = {1987},
    publisher   = {Akademie-Verlag},
    address     = {Berlin}
}

@article{Pesetsky1985,
    author      = {Pesetsky, David}, 
    title       = {Morphology and logical form},
    journal     = {Linguistic Inquiry},
    volume      = {16},
    number      = {2},
    year        = {1985},
    pages       = {193-246},
    url         = {https://www.jstor.org/stable/4178430}
}

@article{Ruzicka1978,
    author      = {Růžička, Rudolf}, 
    title       = {Erkundungen für eine {T}ypologie der syntaktischen und semantischen {S}trukturen der {G}erundien ({A}dverbialpartizipien in modernen slawischen {L}iteratursprachen)},
    journal     = {Zeitschrift für Slawistik},
    volume      = {23},
    number      = {2},
    year        = {1978},
    pages       = {229-244},
    doi         = {10.1524/slaw.1978.23.1.229}
}

@book{Ruzicka1980,
    author      = {Růžička, Rudolf}, 
    title       = {Studien zum {V}erhältnis von {S}yntax und {S}emantik im modernen {R}ussischen},
    series      = {Sammlung Akademie-Verlag},
    number      = {35},
    year        = {1980},
    publisher   = {Akademie-Verlag}, 
    address     = {Berlin},
    doi         = {10.1515/9783112481769}
}

@article{Ruzicka1982,
    author      = {Růžička, Rudolf}, 
    title       = {Kontrollprinzipien infiniter {S}atzformen: {I}nfinitiv und {G}erundium (deepričastie) im {R}ussischen und in anderen slawischen {S}prachen},
    journal     = {Zeitschrift für Slawistik},
    volume      = {27},
    number      = {3},
    year        = {1982},
    pages       = {373-411},
    doi         = {10.1524/slaw.1982.27.16.373}
}

@article{Ruzicka1986,
    author      = {Růžička, Rudolf},
    title       = {Funkcionirovanie i klassifikacija pustych kategorij v russkom literaturnom jazyke},
    journal     = {Zeitschrift für Slawistik},
    volume      = {31},
    number      = {3},
    year        = {1986},
    pages       = {388-392},
    doi         = {10.1524/slaw.1986.31.16.388}
}

@incollection{Ruzicka1987,
    author      = {Růžička, Rudolf}, 
    title       = {Über {P}ied {P}iping im {R}ussischen},
    booktitle   = {Untersuchungen zum {Verhältnis} von {Grammatik} und {Kommunikation}},
    series      = {Linguistische Arbeitsberichte},
    volume      = {60},
    editor      = {},
    year        = {1987},
    publisher   = {Zentralinstitut für Sprachwissenschaft}, % Berlin: Zentralinstitut für Sprachwissenschaft
    address     = {Leipzig},
    pages       = {16-19}
}

@phdthesis{Schwabe1987,
    author      = {Schwabe, Kerstin},
    title       = {Die {S}pezifik situativer {E}llipsen},
    year        = {1987},
    school      = {Zentralinstitut für Sprachwissenschaft}, 
    address     = {Berlin}
}

@article{Steedman1985,
    author      = {Steedman, Mark J.}, 
    title       = {Dependency and coordination in the grammar of {D}utch and {E}nglish},
    journal     = {Language},
    volume      = {61},
    number      = {3},
    year        = {1985},
    pages       = {523-568},
    doi         = {10.2307/414385}
}

@book{Steinitz1969,
    author      = {Steinitz, Renate},
    title       = {Adverbial-{S}yntax},
    series      = {Studia grammatica},
    number      = {10},
    year        = {1969},
    note        = {Unter Mitarbeit von Ewald Lang},
    publisher   = {Akademie-Verlag}, 
    address     = {Berlin}
}

@inproceedings{Steube1987,
    author      = {Steube, Anita}, 
    title       = {Grammatical relations between preposition, conjunction, and the complementizer \textit{daß} in a $\bar{X}$-theory for {G}erman},
    booktitle   = {Proceedings of the {XIV}th congress of linguists},
    volume      = {2},
    editor      = {Bahner, Werner and Schildt, Joachim and Viehweger, Dieter}, 
    year        = {1990}, %1989
    address     = {Berlin},
    publisher   = {Akademie-Verlag}, 
    pages       = {1084-1087},
    doi         = {10.1515/9783112578063-050}
}

@incollection{Steube1987-druck,
    author      = {Steube, Anita},  
    title       = {Grammatical relations between prepositions, conjunctions, and the complementizer \textit{daß} in a {REST}-grammar of {G}erman},
    booktitle   = {Sprachliche {K}ommunikation bei {K}indern},
    series      = {Linguistische {A}rbeitsberichte},
    volume      = {61},
    editor      = {},
    year        = {1987},
    publisher   = {Inst.}, 
    address     = {Berlin}, % Berlin
    pages       = {54-74}
}

@article{Toman1986,
    author      = {Toman, Jindřich}, 
    title       = {A (word-)syntax for participles},
    journal     = {Linguistische Berichte},
    volume      = {105},
    year        = {1986},
    pages       = {367-408}
}

@incollection{Toman1988,
    author      = {Toman, Jindřich}, 
    title       = {Issues in the theory of inheritance},
    booktitle   = {The conribution of word structure theories to the study of word formation},
    series      = {Linguistische {S}tudien {A}},
    volume      = {179},
    editor      = {},
    year        = {1988},
    address     = {Berlin},
    publisher   = {Zentralinstitut für Sprachwissenschaft}, 
    pages       = {} % nicht gefunden
}

@incollection{Zimmermann1981,
    author      = {Zimmermann, Ilse}, 
    title       = {Überlegungen zum {W}esen von {K}ondensation und {E}llipse},
    editor      = {Daneš, František and Viehweger, Dieter},  
    booktitle   = {Satzsemantische {K}omponenten und {R}elationen im {T}ext (= {L}inguistics {I})},
    year        = {1981},
    publisher   = {Ústav pro Jazyk Český},
    address     = {Prag},
    pages       = {129-142}
}

@incollection{Zimmermann1985,
    author      = {Zimmermann, Ilse}, 
    title       = {Der syntaktische {P}arallelismus verbaler und adjektivischer {K}onstruktionen ({Z}u einigen {G}rundfragen der $\bar{X}$-{T}heorie},
    booktitle   = {Forschungen zur deutschen {G}rammatik - {E}rgebnisse und {P}erspektiven},
    series      = {Linguistische {S}tudien des {Z}entralinstituts für {S}prachwissenschaft der {A}kademie der {W}issenschaften der {DDR}, {R}eihe {A}, {H}.},
    number      = {127},
    editor      = {Bahner, Werner}, 
    year        = {1985},
    publisher   = {Akademie-Verlag}, 
    address     = {Berlin}, 
    pages       = {159-213}
}

@incollection{Zimmermann1987a,
    author      = {Zimmermann, Ilse}, 
    title       = {Zur {S}yntax von {K}omparationskonstruktionen},
    booktitle   = {Grammatische und konzeptuelle {A}spekte von {D}imensionsadjektiven},
    year        = {1987},
    editor      = {Bierwisch, Manfred and Lang, Ewald}, 
    publisher   = {Akademie-Verlag}, 
    address     = {Berlin},
    pages       = {29-90},
    series      = {Studia grammatica},
	number      = {26/27},
    doi         = {10.37307/j.2198-2430.1988.06.17}
}

@incollection{Zimmermann1987b,
    author      = {Zimmermann, Ilse}, 
    title       = {Die {R}olle des {L}exikons in der {L}aut-{B}edeutungs-{Z}uordnung},
    editor      = {Motsch, Wolfgang and Zimmermann, Ilse},  
    booktitle   = {Das {L}exikon als autonome {K}omponente der {G}rammatik},
    series      = {Linguistische {S}tudien des {Z}entralinstituts für {S}prachwissenschaft der {A}kademie der {W}issenschaften der {DDR}, {R}eihe {A}},
    number      = {163},
    year        = {1987},
    publisher   = {Akademie-Verlag}, 
    address     = {Berlin},
    pages       = {1-27}
}

@incollection{Zimmermann1987c,
    author      = {Zimmermann, Ilse},
    title       = {Die {A}rgumentstruktur lexikalischer {E}inheiten und ihre {V}eränderung in {W}ortformenbildung, {D}erivation und {K}omposition},
    editor      = {Motsch, Wolfgang and Zimmermann, Ilse},
    booktitle   = {Das {L}exikon als autonome {K}omponente der {G}rammatik},
    series      = {Linguistische {S}tudien des {Z}entralinstituts für {S}prachwissenschaft der {A}kademie der {W}issenschaften der {DDR}, {R}eihe {A}},
    number      = {163},
    year        = {1987},
    publisher   = {Akademie-Verlag}, 
    address     = {Berlin},
    pages       = {85-125}
}

@incollection{Zimmermann1987d,
    author      = {Zimmermann, Ilse}, 
    title       = {Syntactic categorization},
    booktitle   = {Proceedings of the {XIV}th congress of linguists},
    volume      = {1},
    editor      = {Bahner, Werner and Schildt, Joachim and Viehweger, Dieter},
    year        = {1990}, %1989
    address     = {Berlin},
    publisher   = {Akademie-Verlag},
    pages       = {864-867},
}

    

@article{Zimmermann1988,
    author      = {Zimmermann, Ilse}, 
    title       = {Nominalisierungen mit dem {P}räfix \textit{ne} im {R}ussischen},
    journal     = {Zeitschrift für Phonetik, Sprachwissenschaft und Kommunikationsforschung},
    volume      = {41},
    number      = {1},
    year        = {1988},
    pages       = {23-30},
    doi         = {10.1524/stuf.1988.41.16.23}
}

@incollection{Zimmermann1988-druck,
    author      = {Zimmermann, Ilse},
    title       = {Die substantivische {V}erwendung von {A}djektiven und {P}artizipien},
    booktitle   = {Syntax, {S}emantik und {L}exikon}, % Rudolf Růžička zum 65. Geburtstag
    editor      = {Bierwisch, Manfred and Motsch, Wolfgang and Zimmermann, Ilse},
    year        = {1988},
    publisher   = {Akademie-Verlag},
    address     = {Berlin},
    pages       = {279-311}
}

%%%Zi91

@incollection{Zimmermann91Die-Syntax-Substantivgruppe,
	author = {Zimmermann, Ilse},
	booktitle = {{Syntax} und {Semantik} der {Substantivgruppe}},
	editor = {Zimmermann, Ilse},
    address = {Berlin},
	publisher = {{Akademie-Verlag}},
	series = {Studia grammatica XXXIII},
    pages = {1--32},
	title = {Die {Syntax} der {Substantivgruppe}: {Weiterentwicklungen} der $\overline{X}$-{Theorie}},
	year = {1991}}

@incollection{Zimmermann90The-syntax-possessor-phrases,
	address = {Amsterdam},
	author = {Zimmermann, Ilse},
	booktitle = {On the parametrization of {Universal} {Grammar}},
	editor = {Fanselow, Gisbert},
	publisher = {John Benjamins},
	series = {Linguistik Aktuell/Linguistics Today 8},
    pages = {201--225},
	title = {The syntax of "possessor" phrases},
    doi = {10.1075/la.8.10zim},
	year = {1993}}

@incollection{zimmermann1991subject,
	title={The “subject” in Noun Phrases: {Its} syntax and semantics},
	author={Zimmermann, Ilse},
	editor = {Zimmermann, Ilse},
    address = {Berlin},
	publisher = {{Akademie-Verlag}},
	series = {Studia grammatica XXXIII},
    pages = {33--68},
	title = {Die {Syntax} der {Substantivgruppe}: {Weiterentwicklungen} der $\overline{X}$-{Theorie}},
	year = {1991}}

@incollection{Zimmermann90Zur-Legitimierung,
	author = {Ilse Zimmermann},
	booktitle = {Syntaktische {Repräsentationen} mit leeren {Kategorien} oder {Proformen} und ihre semantischen {Interpretationen}},
	editor = {Anita Steube},
	pages = {75--90},
    address = {Berlin},
	publisher = {Akademie der Wissenschaften der DDR -- Zentralinstitut für Sprachwissenschaft},
	title = {Zur {Legitimierung} leerer {Köpfe}},
	year = {1990}}

@article{Zimmermann90Pranominale-Argument,
	address = {Leipzig},
	author = {Zimmermann, Ilse},
	journal = {Linguistische Arbeitsberichte},
	title = {Pränominale {Argument-} und {Modifikatorrealisierung} im {Deutschen} und im {Russischen}},
    volume = {70},
    number = {1},
    pages = {2--12},
	year = {1990}}

@book{Zimmermann89The-subject,
	address = {Berlin},
	author = {Zimmermann, Ilse},
	publisher = {Akademie der Wissenschaften der DDR -- Zentralinstitut für Sprachwissenschaft},
	title = {The "subject" in noun phrases},
	year = {1989}}

@incollection{Zimmermann88Wohin-mit-Affixen,
	author = {Ilse Zimmermann},
	booktitle = {The contribution of word-structure theories to the study of word formation},
	editor = {Wolfgang Motsch},
	number = {179},
	pages = {157--188},
    address = {Berlin},
	publisher = {Akademie der Wissenschaften der DDR -- Zentralinstitut für Sprachwissenschaft},
	series = {Linguistische Studien},
	title = {Wohin mit den {Affixen?}},
	year = {1988}}

@incollection{Zimmermann88Die-substantivische-Verwendung,
	address = {Berlin},
	author = {Zimmermann, Ilse},
	booktitle = {{Syntax}, {Semantik} und {Lexikon}},
	editor = {Bierwisch, Manfred and Motsch, Wolfgang and Zimmermann, Ilse},
	pages = {279--311},
	publisher = {{Akademie-Verlag}},
	series = {Studia grammatica XXIX},
	title = {Die substantivische {Verwendung} von {Adjektiven} und {Partizipien}},
	volume = {29},
	year = {1988}}

@inproceedings{Zimmermann87Syntactic-categorization,
	address = {Berlin},
    editor = {Werner Bahner},
	author = {Zimmermann, Ilse},
	booktitle = {Proceedings of the fourteenth international congress of linguists, {Berlin}/{GDR}, {August} 10 -- {August} 15, 1987},
	title = {Syntactic categorization},
    publisher = {{Akademie-Verlag}},
    pages = {864--867},
	year = {1987}}

@incollection{Zimmermann87Die-Argumentstruktur,
	address = {Berlin},
	author = {Zimmermann, Ilse},
	booktitle = {Das {Lexikon} als autonome {Komponente} der {Grammatik}},
	editor = {Zimmermann, Ilse and Motsch, Wolfgang},
	pages = {85--125},
	publisher = {Akademie der Wissenschaften der DDR -- Zentralinstitut für Sprachwissenschaft},
	series = {Reihe A, H. 163},
	title = {Die {Argumentstruktur} lexikalischer {Einheiten} und ihre {Veränderung} in {Wortbildung}, {Derivation} und {Komposition}},
	year = {1987}}

@incollection{Zimmermann87Die-Rolle-Lexikons,
	address = {Berlin},
	author = {Zimmermann, Ilse},
	booktitle = {Das {Lexikon} als autonome {Komponente} der {Grammatik}},
	editor = {Zimmermann, Ilse and Motsch, Wolfgang},
	pages = {1--27},
	publisher = {Akademie der Wissenschaften der DDR -- Zentralinstitut für Sprachwissenschaft},
	series = {Reihe A, H. 163},
	title = {Die {Rolle} des {Lexikons} in der {Laut-Bedeutungs-Zuordnung}},
	year = {1987}}

@article{Williams81Argument-structure,
	author = {Williams, Edwin},
	journal = {The Linguistic Review},
	number = {1},
	pages = {81--114},
	title = {Argument structure and morphology},
	volume = {1},
    doi = {10.1515/tlir.1981.1.1.81},
	year = {1981}}

@book{Walter87Lehrbuch-der-bulgarischen,
	address = {Leipzig},
	editor = {Walter, Hilmar and Karvanbasieva, Georgieva},
	publisher = {Verlag Enzyklopädie},
	title = {Lehrbuch der bulgarischen {Sprache}},
	year = {1987}}

@incollection{Vater89Determinantien-in-DP,
	address = {Tübingen},
	author = {Vater, Heinz},
    series = {Linguistische Arbeiten},
    number = {263},
	booktitle = {{DET}, {COMP} und {INFL}. {Zur} {Syntax} funktionaler {Kategorien} und grammatischer {Funktionen}},
	editor = {Olsen, Susan and Fanselow, Gisbert},
    doi = {10.1515/9783111353838.15},
    pages= {15--34},
	publisher = {Max Niemeyer},
	title = {Determinantien in der {DP}},
	year = {1989}}

@incollection{Szabolosi87Functional-categories,
	address = {Szeged},
	author = {Szabolcsi, Anna},
	booktitle = {Approaches to {Hungarian}},
	editor = {Istvan Kenesei},
	pages = {167--189},
	title = {Functional categories in the noun phrase},
    publisher = {JATE},
	volume = {2: \textit{Theories and Analyses}},
	year = {1987}}

@article{Szabolosi83Possessor-ran-away,
	author = {Szabolcsi, Anna},
	journal = {The Linguistic Review},
	number = {1},
	pages = {89--102},
	title = {The possessor ran away from home},
    doi = {10.1515/tlir.1983.3.1.89},
	volume = {3},
	year = {1983}}

@article{Szabolosi81The-possessive-Hungarian,
	author = {Szabolcsi, Anna},
	journal = {Acta Linguistica Academiae Scientiarum Hungaricae},
	number = {1--4},
	pages = {261--289},
	title = {The possessive construction in {Hungarian}: {A} configurational category in a nonconfigurational language},
	volume = {XXXI},
	year = {1981}}

@book{Sauer21Italienische-Konversationsgrammatik,
	address = {Heidelberg},
	author = {Sauer, Carl M.},
	publisher = {Julius Groos Verlag},
	title = {Italienische {Konversationsgrammatik}},
	year = {1921}}

@book{Reichert86Verteilung-und-Leistung,
	author = {Reichert, Christoph},
    address = {Köln},
	publisher = {Universität Köln, Institut für Sprachwissenschaft},
	series = {Arbeitspapier Nr. 52},
	title = {{Verteilung} und {Leistung} der {Personalaffixe} im {Ungarischen}},
	year = {1986}}

@article{Pollock89Verb-movement,
	author = {Jean-Yves Pollock},
	journal = {Linguistic Inquiry},
	pages = {365--424},
	title = {Verb movement, {UG}, and the structure of {IP}},
	volume = {20},
	year = {1989}}

@article{Olsen89Das-Possessivum,
	author = {Olsen, Susan},
	journal = {Linguistische Berichte},
    volume = {120},         
	pages = {133--153},
	title = {Das {Possessivum}: {Pronomen}, {Determinans} oder {Adjektiv}?},
	year = {1989}}

@incollection{Olsen89AGReement-in,
	address = {Amsterdam},
	author = {Olsen, Susan},
	booktitle = {Syntactic phrase structure phenomena in noun phrases and sentences},
	editor = {Bhatt, Christa and Löbel, Elisabeth and Schmidt, Claudia},
	pages = {39--49},
	publisher = {John Benjamins},
	series = {Linguistik Aktuell/Linguistics Today 8},
	title = {AGR(eement) in the {German} noun phrase},
    doi = {10.1075/la.6.04ols},
	year = {1989}}

@incollection{Olsen88Agreement-und-Flexion,
	address = {Tübingen},
	author = {Olsen, Susan},
	booktitle = {{Strukturen} und {Merkmale} syntaktischer {Kategorien}},
	editor = {Fanselow, Gisbert and Felix, Sascha W.},
	publisher = {Narr},
	series = {{Studien} zur deutschen {Grammatik} 39},
	title = {{Agr(eement)} und {Flexion} in der deutschen {Nominalphrase}},
    pages = {51--69},
	year = {1988}}

@incollection{Olsen88Die-deutsch-Nominalphrase,
	address = {Tübingen},
	author = {Olsen, Susan},
    series = {Linguistische Arbeiten},
    number = {263},
	booktitle = {{DET}, {COMP} und {INFL}. {Zur} {Syntax} funktionaler {Kategorien} und grammatischer {Funktionen}},
	editor = {Olsen, Susan and Fanselow, Gisbert},
    doi = {10.1515/9783111353838.35},
    pages= {35--56},
	publisher = {Max Niemeyer},
	title = {Die deutsche {Nominalphrase} als ‘{Determinansphrase}’},
	year = {1989}}

@incollection{Melcuk73On-the-possessive-form,
	address = {Dordrecht},
	author = {Mel'čuk, Igor},
	booktitle = {Generative grammar in {Europe}},
	editor = {Kiefer, Ferenc and Ruwet, Nicolas},
	pages = {315--332},
	publisher = {Reidel},
	series = {Foundations of Language, Supplementary Series 13},
	title = {On the possessive forms of the {Hungarian} noun},
    doi = {10.1007/978-94-010-2503-4_14},
	year = {1973}}

@unpublished{Lobel90Functional-categories,
	author = {Löbel, Elisabeth},
	title = {Functional categories and parametrization},
    note = {Manuscript, Universität Stuttgart},
	year = {1990}}

@incollection{Lobel90On-the-parametrization,
	address = {Amsterdam},
	author = {Löbel, Elisabeth},
	booktitle = {On the parametrization of Universal Grammar},
	editor = {Fanselow, Gisbert},
	publisher = {John Benjamins},
	series = {Linguistik Aktuell/Linguistics Today 8},
	title = {On the parametrization of lexical properties},
    doi = {10.1075/la.8.09lob},
    pages = {183--200},
	year = {1990}}

@incollection{Lobel89Q-as-functional,
	address = {Amsterdam},
	author = {Löbel, Elisabeth},
	booktitle = {Syntactic phrase structure phenomena in noun phrases and sentences},
	editor = {Bhatt, Christa and Löbel, Elisabeth and Schmidt, Claudia},
	pages = {133--158},
	publisher = {John Benjamins},
	series = {Linguistik Aktuell/Linguistics Today 6},
	title = {Q as a functional category},
    doi = {10.1075/la.6.10lob},
	year = {1989}}

@article{Lobel88D-und-Q,
	author = {Löbel, Elisabeth},
	journal = {Linguistische Berichte},
	pages = {232--264},
	title = {{D} und {Q} als funktionale {Kategorien} in der {Nominalphrase}},
	volume = {127},
	year = {1990}}

@incollection{Huste89Zur-Topologie,
	address = {Berlin},
	author = {Huste, Ulrike},
	booktitle = {The contribution of word-structure theories to the study of word formation},
	editor = {Motsch, Wolfgang},
	pages = {195--133},
	publisher = {Akademie der Wissenschaften der DDR -- Zentralinstitut für Sprachwissenschaft},
	series = {Reihe A, H. 179},
	title = {Zur {Topologie} der russischen {Substantivgruppe}},
	year = {1989}}

@phdthesis{Huste89Zur-Syntax,
	address = {Leipzig},
	author = {Huste, Ulrike},
	school = {Karl-Marx-Universität},
	title = {Zur {Syntax} und {Semantik} substantivischer {Sach\-ver\-halts\-be\-zeich\-nun\-gen} des {Russischen} mit einem {Verbalabstraktum} als {Kern}},
	year = {1989}}

@book{Honti14Italienische-Elementargrammatik,
	address = {Heidelberg},
	author = {Honti, Rudolf},
	publisher = {Carl Winter's Universitätsbuchhandlung},
	title = {Italienische {Elementargrammatik}},
	year = {1914}}

@article{Higginbotham85On-semantics,
	author = {Higginbotham, James},
	journal = {Linguistic Inquiry},
	number = {4},
	pages = {547--593},
	title = {On semantics},
	volume = {16},
	year = {1985}}

@incollection{Hellan86The-headedness,
	address = {Dordrecht},
	author = {Hellan, Lars},
	booktitle = {Features and projections},
	editor = {Muysken, Pieter and van Riemsdijk, Henk},
	journal = {Features and projections},
	pages = {89--122},
	publisher = {Foris},
	series = {Studies in Generative Grammar 25},
	title = {The headedness of {NP}s in {Norwegian}},
    doi = {10.1515/9783110871661-005},
	year = {1986}}

@article{Haider88Die-Struktur,
	author = {Haider, Hubert},
	journal = {{Zeitschrift} für {Sprachwissenschaft}},
	number = {1},
	pages = {32--59},
	title = {Die {Struktur} der deutschen {Nominalphrase}},
    doi = {10.1515/ZFSW.1988.7.1.32},
	volume = {7},
	year = {1988}}

@book{Haider87Deutsche-Syntax,
	author = {Haider, Hubert},
	publisher = {Narr},
    address = {Tübingen},
	title = {Deutsche {Syntax} -- generativ. {Vorstudien} zur {Theorie} einer projektiven {Grammatik}},
    series = {Tübinger Beiträge zur Linguistik 325},
	year = {1993}}

@book{Grimshaw88Adjuncts-and,
	address = {Cambridge, MA},
	author = {Grimshaw, Jane Barbara},
    series = {MIT Lexicon Project Working Papers 21},
	publisher = {MIT Press},
	title = {Adjuncts and argument structure},
	year = {1988}}

@book{Tilkov83Gramatika-na-bulgarskata,
	address = {Sofija},
	author = {Tilkov, Dimitar and Stojan Stojanov, and Konstantin Popov},
	publisher = {Izdatelstvo na bulgarskata akademija na naukite},
	title = {Gramatika na savremennija balgarski knižoven ezik},
	volume = {2: \textit{Morfologija}},
	year = {1983}}

@phdthesis{Fukui86A-theory,
	address = {Cambridge, MA},
	author = {Fukui, Naoki},
	school = {MIT},
	title = {A theory of category projection and its applications},
	year = {1986}}

@incollection{Freytag91Sachverhaltsbezeichnungen-des,
	author = {Freytag, Sigrid},
	booktitle = {{Syntax} und {Semantik} der {Substantivgruppe}},
	editor = {Zimmermann, Ilse},
    address = {Berlin},
	publisher = {{Akademie-Verlag}},
	series = {Studia grammatica XXXIII},
	title = {{Sachverhaltsbezeichnungen} des {Deutschen} mit einem {Verbalabstraktum} als {Kern}},
	year = {1991},
    pages = {111--146}}

@phdthesis{Freytag90Die-syntaktische,
	author = {Freytag, Sigrid},
	school = {Friedrich-Schiller-Universität Jena},
address = {Jena},
	title = {Die syntaktische {Struktur} komplexer deverbaler {Nominalisierungen} im {Deutschen}},
	year = {1990}}

@article{Felix88Structure-functional,
	author = {Felix, Sascha W.},
	journal = {Groninger Arbeiten zur Germanistischen Linguistik (GAGL)},
	number = {29},
	pages = {37--62},
	title = {The structure of functional categories},
	year = {1988}}

@article{Fanselow88Aufspaltung-von,
	author = {Fanselow, Gisbert},
	journal = {Linguistische Berichte},
	pages = {91--113},
	title = {{Aufspaltung} von {NPn} und das {Problem} der ‘freien’ {Wortstellung}},
	volume = {114},
	year = {1988}}

@article{Emonds87Invisible-category,
	author = {Joseph E. Emonds},
	journal = {Linguistic Inquiry},
	number = {4},
	pages = {613--632},
	title = {The invisible category principle},
	volume = {18},
	year = {1987}}

@book{Emonds85Unified-theory,
	address = {Dordrecht},
	author = {Joseph E. Emonds},
	doi = {10.1515/9783110808513},
	publisher = {Foris},
	title = {A unified theory of syntactic categories},
	series = {Studies in Generative Grammar 19},
	year = {1985}}

@book{di1987definition,
	address = {Cambridge, MA},
	author = {Di Sciullo, Anna-Maria and Williams, Edwin},
	publisher = {MIT Press},
	series = {Linguistic Inquiry Monograph 14},
	title = {On the definition of word},
	year = {1987}}

@phdthesis{Delsing90A-DP-analysis,
	author = {Delsing, Lars-Olof},
	school = {Lunds universitet},
address = {Lund},
	title = {The internal structure of noun phrases in the {Scandinavian} languages. {A} comparative study},
	year = {1993}}

@article{Delsing88The-Scandinavian,
	author = {Delsing, Lars-Olof},
	journal = {Working Papers in {Scandinavian} Syntax},
	pages = {57--79},
	title = {The {Scandinavian} noun phrase},
	volume = {42},
	year = {1988}}

@article{Chomsky89Some-notes,
	author = {Chomsky, Noam},
	journal = {MIT Working Papers in Linguistics},
	pages = {43--74},
	title = {Some notes on economy of derivation and representation},
	volume = {10},
	year = {1989}}

@book{Chomsky86Knowledge-of-language,
	address = {New York, NY},
	author = {Chomsky, Noam},
	publisher = {Praeger},
	title = {Knowledge of language: {Its} nature, origin, and use},
	year = {1986}}

@book{Chomsky86Barriers,
	address = {Cambridge, MA},
	author = {Chomsky, Noam},
	publisher = {MIT Press},
	series = {Linguistic Inquiry Monograph 13},
	title = {Barriers},
	year = {1986}}

@book{Chomsky81Lectures-on-government,
	address = {Dordrecht},
	author = {Chomsky, Noam},
	publisher = {Foris},
	series = {Studies in Generative Grammar 9},
	title = {Lectures on government and binding},
    doi = {10.1515/9783110884166},
	year = {1981}}

@book{Chomsky65Aspects-of,
	address = {Cambridge, MA},
	author = {Chomsky, Noam},
	publisher = {MIT Press},
	title = {Aspects of the theory of syntax},
	year = {1965}}

@mastersthesis{Burchert90Zur-Syntax,
	address = {Leipzig},
	author = {Burchert, Frank},
	school = {Karl-Marx-Universität},
	title = {Zur {Syntax} und {Semantik} von \emph{de}-{Phrasen} im {Französischen}},
	type = {Diplomarbeit},
	year = {1990}}

@book{Buchholz87Albanische-grammatik,
	address = {Leipzig},
	author = {Buchholz, Oda and Fiedler, Wilfried},
	publisher = {{Verlag Enzyklopädie}},
	title = {Albanische {Grammatik}},
	year = {1987}}

@article{Brandt89Satzmodus-Modalitat,
	author = {Brandt, Margareta and Rosengren, Inger and Zimmermann, Ilse},
	journal = {{Sprache} und {Pragmatik}},
	pages = {1--42},
	title = {{Satzmodus}, {Modalität} und {Performativität}},
	volume = {13},
	year = {1989}}

@incollection{Bischof91Sachverhaltsbezeichnungen-des,
	author = {Bischof, Ulrike},
    address = {Berlin},
	booktitle = {{Syntax} und {Semantik} der {Substantivgruppe}},
	editor = {Zimmermann, Ilse},
	publisher = {{Akademie-Verlag}},
	series = {Studia grammatica XXXIII},
	title = {{Sachverhaltsbezeichnungen} des {Russischen} mit einem {Verbalabstraktum} als {Kern}},
	year = {1991},
    pages = {69--110}}

@incollection{Bierwisch88On-the,
	address = {Berlin},
	author = {Bierwisch, Manfred},
	booktitle = {{Syntax}, {Semantik} und {Lexikon}},
	editor = {Bierwisch, Manfred and Motsch, Wolfgang and Zimmermann, Ilse},
	journal = {Syntax, semantik und lexikon},
	pages = {1--63},
	publisher = {{Akademie-Verlag}},
	series = {Studia grammatica XXIX},
	title = {On the grammar of local prepositions},
	year = {1988}}

@book{Bierwisch89Dimensional-Adjectives,
	address = {Heidelberg},
	author = {Bierwisch, Manfred and Lang, Ewald},
	publisher = {Springer},
	series = {Springer Series in Language and Communication 26},
	title = {Dimensional adjectives: {Grammatical} structure and conceptual interpretation},
	year = {1989}}

@incollection{Bierwisch87Semantik-der,
	address = {Berlin},
	author = {Bierwisch, Manfred},
	booktitle = {{Grammatische} und konzeptuelle {Aspekte} von {Dimensionsadjektiven}},
	editor = {Bierwisch, Manfred and Lang, Ewald},
	pages = {91--286},
	publisher = {{Akademie-Verlag}},
	series = {Studia grammatica XXVI+XXVII},
	title = {{Semantik} der {Graduierung}},
	year = {1987}}

@incollection{Bierwisch89Event-nominalizations:,
	address = {Berlin},
	author = {Bierwisch, Manfred},
	booktitle = {The contribution of word-structure theories to the study of word formation},
	editor = {Motsch, Wolfgang},
	pages = {1--73},
	publisher = {Akademie der Wissenschaften der DDR -- Zentralinstitut für Sprachwissenschaft},
	series = {Reihe A, H. 179},
	title = {Event nominalizations: {Proposals} and problems},
	year = {1989}}

@incollection{Bhatt89Parallels-in,
	address = {Amsterdam},
	author = {Bhatt, Christa},
	booktitle = {Syntactic phrase structure phenomena in noun phrases and sentences},
	editor = {Bhatt, Christa and Löbel, Elisabeth and Schmidt, Claudia},
	pages = {17--37},
	publisher = {John Benjamins},
	series = {Linguistik Aktuell/Linguistics Today 6},
	title = {Parallels in the syntactic realization of the arguments of verbs and their nominalizations},
    doi = {10.1075/la.6.03bha},
	year = {1989}}

@article{Bhatt90Kasuszuweisung-in,
	author = {Bhatt, Christa},
	journal = {{Klagenfurter} {Beiträge} zur {Sprachwissenschaft}},
	title = {{Kasuszuweisung} in der {DP}},
    volume = {15/16},
    pages = {1--23},
	year = {1990}}

@book{Bhatt90Die-syntaktische,
	author = {Bhatt, Christa},
    address = {Tübingen},
	publisher = {Narr},
	series = {Studien zur deutschen Grammatik 38},
	title = {Die syntaktische {Struktur} der {Nominalphrase} im {Deutschen}},
	year = {1990}}

@article{Anderson83Prenominal-genitive,
	author = {Anderson, Mona},
	journal = {The Linguistic Review},
	number = {1},
	pages = {1--24},
	title = {Prenominal genitive {NPs}},
	volume = {3},
	year = {1983},
	doi = {10.1515/tlir.1983.3.1.1}}

@book{Abney87The-English,
	address = {Cambridge, MA},
	author = {Abney, Steven P.},
	publisher = {MIT Press},
	title = {The {English} noun phrase in its sentential aspect},
	year = {1987}}

@unpublished{Abney86Functional-elements,
    author = {Abney, Steven P.},
    title = {Functional elements and licensing},
    year = {1986},
    note = {Paper presented at GLOW 1986, Gerona, Spain}}

%%%Zi97

@article{lang1976recension,
	author = {Ewald Lang and Renate Steinitz},
	journal = {Foundations of Language},
	edition = {1972},
	pages = {137--151},
	title = {{Rezension}: {Renate Bartsch}. {Adverbialsemantik}. {Die Konstitution} logisch-semantischer {Repräsentationen} von {Adverbialkonstruktionen}},
	volume = {14},
    number = {1},
	year = {1976}}

@incollection{lang1983einstellungsausdrucke,
	address = {Berlin},
	author = {Lang, Ewald},
	booktitle = {Untersuchungen zur {Semantik}},
	editor = {Rudolf Růžička and Wolfgang Motsch},
	pages = {305--341},
	publisher = {{Akademie Verlag}},
	series = {Studia grammatica 22},
	title = {{Einstellungsausdrücke} und ausgedrückte {Einstellungen}},
	year = {1983}}

@article{lang1979zum-status-der-satzadverbiale,
	author = {Ewald Lang},
	journal = {Slovo a slovesnost},
	number = {3},
	pages = {200--213},
	title = {Zum {Status} der {Satzadverbiale}},
	volume = {40},
	year = {1979}}

@unpublished{kraft1996adverbialezwischensatzen,
	author = {Barbara Kraft},
	note = {Ms. IDS Mannheim},
	title = {Adverbiale zwischen {Sätzen}: \textit{Bestimmt}, \textit{gewiß}, \textit{vermutlich} \& {Co} und ihre {Funktion} für die sprachliche {Interaktion}},
	year = {1996}}

@book{kayne1994antisymmetry,
	author = {Richard Kayne},
	publisher = {MIT Press},
	series = {Linguistic Inquiry Monographs 25},
	title = {The antisymmetry of syntax},
	year = {1994}}

@book{hetland1992satzadverbienimfokus,
	address = {Tübingen},
	author = {Jorunn Hetland},
	publisher = {Narr},
	series = {Studien zur deutschen Grammatik 43},
	title = {{Satzadverbien} im {Fokus}},
	year = {1992}}

@book{helbig1990lexikon,
	address = {Leipzig},
	publisher = {Verlag Enzyklopädie},
	author = {Gerhard Helbig and Agnes Helbig},
	title = {{Lexikon} deutscher {Modalwörter}},
	year = {1990}}

@book{haftka1994wasdeterminiertwortstellungsvariation,
	address = {Wiesbaden},
	editor = {Brigitta Haftka},
	pages = {139--159},
	publisher = {Verlag für Sozialwissenschaften},
	title = {Was determiniert {Wortstellungsvariation}? {Studien} zu einem {Interaktionsfeld} von {Grammatik}, {Pragmatik} und {Sprachtypologie}Wortstellungsvariation? Studien zu einem Interaktionsfeld von Grammatik, Pragmatik und Sprachtypologie},
	year = {1994}}

@INCOLLECTION{haftka94,
    author = {Brigitta Haftka},
    year = 1994,
    title = {Wie positioniere ich meine {Position}? {Überlegungen} zu funktionalen {Phrasen} im deutschen {Mittelfeld}},
    address = {Wiesbaden},
	editor = {Brigitta Haftka},
	pages = {139--159},
	publisher = {Verlag für Sozialwissenschaften},
	booktitle = {Was determiniert {Wortstellungsvariation}? {Studien} zu einem {Interaktionsfeld} von {Grammatik}, {Pragmatik} und {Sprachtypologie}},
}
@book{grenwendorf1990scramblingandbarriers,
	editor = {Günther Grewendorf and Wolfgang Sternefeld},
	publisher = {Amsterdam Philadelphia Benjamins},
	series = {{Linguistik Aktuell}},
	title = {Scrambling and Barriers},
	volume = {5},
	year = {1990}}

@incollection{eggers1972partikelwie,
	address = {Düsseldorf},
	publisher = {Pädagogischer Verlag Schwann},
	author = {Hans Eggers},
	editor = {Hugo Moser},
	booktitle = {Linguistische {Studien} {I}},
	pages = {159--182},
	series = {Sprache der Gegenwart 19},
	title = {Die {Partikel} \textit{wie} als vielseitige {Satzeinleitung}},
	doi = {https://doi.org/10.1515/9783110854442.159},
	year = {1972}}

@book{durscheid1997spracheimfokus,
	author = {Christa Dürscheid and Karl Heinz Ramers and Monika Schwarz},
	publisher = {Tübingen},
	series = {Festschrift für Heinz Vater zum 65. Geburtstag},
	title = {{Sprache} im {Fokus}},
	volume = {65},
	year = {1997}}

@incollection{cinque1990two,
	author = {Cinque, Guglielmo},
	booktitle = {Scrambling and Barriers},
	editor = {Günther Grewendorf and Wolfgang Sternefeld},
	pages = {261--294},
	publisher = {John Benjamins},
	address = {Amsterdam/Philadelphia},
	series = {Linguistik Aktuell 5},
	doi = {https://doi.org/10.1075/la.5.14cin},
	title = {Two classes of intransitive adjectives in {Italian}},
	year = {1990}}

@incollection{cinque1989embedded,
	author = {Guglielmo Cinque},
	booktitle = {Sentential Complementation and the Lexicon: {Studies} in Honour of {Wim} de {Geest}},
	editor = {Dany Jaspers and Wim Klooster and Yvan Putseys and Pieter Seuren},
	address = {Dordrecht},
	publisher = {Foris Publications},
	title = {On embedded verb second clauses and ergativity in {German}},
	pages = {77--96},
	doi = {https://doi.org/10.1515/9783110878479-007},
	year = {1989}}

@incollection{lang1994semantische,
	author = {Ewald Lang},
	date-added = {2022-03-26 23:57:23 +0100},
	date-modified = {2022-04-13 00:21:35 +0200},
	booktitle = {Kognitive {Semantik}: {Ergebnisse}, {Probleme}, {Perspektiven}},
	address = {Tübingen},
	publisher = {Narr},
	editor = {Monika Schwarz},
	series = {Tübinger Beiträge zur Linguistik 395},
	pages = {25--40},
	title = {Semantische vs. konzeptuelle {Struktur}: {Unterscheidung} und {Überschneidung}},
	year = {1994}}

@article{lang1990sprachkenntnis,
	author = {Ewald Lang},
	journal = {Zeitschrift für Literaturwissenschaft und Linguistik},
	volume = {78},
	title = {{Sprachkenntnis}, {Objektwissen} und räumliches {Schließen}},
	pages = {59--97},
	year = {1990}}

@incollection{lang1987semantikderdimensionsauszeichnungraumlicherobjekte,
	address = {Berlin},
	author = {Ewald Lang},
	booktitle = {Grammatische und konzeptuelle {Aspekte} von {Dimensionsadjektiven}},
	editor = {Manfred Bierwisch and Ewald Lang},
	pages = {287--458},
	publisher = {{Akademie-Verlag}},
	series = {Studia grammatica 26/27},
	title = {{Semantik} der {Dimensionsauszeichnung} räumlicher {Objekte}},
	year = {1987}}

@book{chomsky1992MinimalistProgramLinguisticTheory,
	address = {Cambridge, MA},
	author = {Noam Chomsky},
	langid = {english},
	number = {1},
	publisher = {MIT Press},
	series = {MIT Occasional Papers in Linguistics},
	title = {A Minimalist Program for Linguistic Theory},
	year = {1992}}

@book{chomsky1995MinimalistProgram,
	address = {Cambridge, MA},
	author = {Noam Chomsky},
	langid = {english},
	number = {28},
	publisher = {MIT Press},
	series = {Current Studies in Linguistics Series},
	title = {The Minimalist Program},
	year = {1995}}

@article{brandt1989satzmodusmodalitatundperformativitat,
	author = {Margareta Brandt and Inger Rosengren and Ilse Zimmermann},
	volume = {13},
	pages = {1--42},
	journal = {{Sprache und Pragmatik}},
	title = {{Satzmodus}, {Modalität} und {Performativität}},
	note = {Auch in \textit{ZPSK} 43 (1990) I, 120--149},
	year = {1989}}

@incollection{brandt1992satztyp,
	author = {Margareta Brandt and Marga Reis and Inger Rosengren and Ilse Zimmermann},
	booktitle = {{Satz} und {Illokution}},
	editor = {Inger Rosengren},
	pages = {1--90},
	publisher = {Niemeyer},
	address = {Tübingen},
	title = {{Satztyp}, {Satzmodus} und {Illokution}},
	volume = {1},
	year = {1992}}

@article{brandt1997zurpragmatiksatzadverbiellerwiephrasen,
	author = {Margareta Brandt},
	volume = {44},
	journal = {{Sprache und Pragmatik}},
	title = {Zur {Pragmatik} satzadverbieller \textit{wie}-{Phrasen}},
	year = {1997}}

@article{brandt1994subordinationundparenthese,
	author = {Margareta Brandt},
	pages = {1--37},
	journal = {{Sprache und Pragmatik}},
	title = {{Subordination} und {Parenthese} als {Mittel} der {Informationsstrukturierung} in {Texten}},
	volume = {32},
	year = {1994}}

@article{brandt1997derredesituierendewiesatz,
	author = {Margareta Brandt},
	volume = {44},
	journal = {{Sprache und Pragmatik}},
	pages = {1--35},
	title = {Der ``redesituierende'' \textit{wie}-{Satz}},
	year = {1997}}

@book{brandt1990weiterfuhrendenebensatze,
	address = {Stockholm},
	author = {Margareta Brandt},
	number = {57},
	publisher = {Almqvist \& Wiksell International},
	series = {Lunder germanistische Forschungen},
	title = {Weiterführende {Nebensätze}. {Zu} ihrer {Syntax}, {Semantik} und {Pragmatik}},
	year = {1990}}

@incollection{bierwisch1996lexicalinformationminimalist,
	adddress = {Berlin},
	author = {Manfred Bierwisch},
	booktitle = {The role of economy principles in linguistic theory},
	editor = {Chris Wilder and Hans-Martin Gärtner and Manfred Bierwisch},
	pages = {227--266},
	publisher = {{Akademie Verlag}},
	title = {Lexical information from a minimalist point of view},
	series = {Studia grammatica 40},
	doi = {https://doi.org/10.1515/9783050072173},
	year = {1996}}

@incollection{bierwisch1989eventnominalizations,
	author = {Manfred Bierwisch},
	pages = {1--73},
	title = {Event nominalizations: {Proposals} and problems},
	booktitle = {Wortstruktur und {Satzstruktur}},
	address = {Berlin},
	publisher = {Akademie der Wissenschaften der DDR, Zentralinstitut für Sprachwissenschaft},
	series = {Linguistische Studien: Reihe A, Arbeitsberichte 194},
	editor = {Wolfgang Motsch},
	year = {1989}}

@incollection{bierwisch1988on-the-grammar-of-local-prepositions,
	address = {Berlin},
	publisher = {Akademie-Verlag},
	author = {Manfred Bierwisch},
	booktitle = {{Syntax}, {Semantik} und {Lexikon}},
	editor = {Manfred Bierwisch and Wolfgang Motsch and Ilse Zimmermann},
	pages = {1--63},
	publisher = {{Akademie Verlag}},
	series = {Studia grammatica 29},
	title = {On the grammar of local prepositions},
	year = {1988}}

@incollection{bierwisch1987semantikgraduierung,
	address = {Berlin},
	author = {Manfred Bierwisch},
	booktitle = {Grammatische und konzeptuelle {Aspekte} von {Dimensionsadjektiven}},
	pages = {91--286},
	publisher = {Akademie Verlag},
	editor = {Manfred Bierwisch and Ewald Lang},
	title = {{Semantik} der {Graduierung}},
	series = {Studia grammatica 26/27},
	year = {1987}}

@book{bartsch1972adverbialsemantik,
	address = {Frankfurt (Main)},
	publisher = {Athenäum},
	author = {Renate Bartsch},
	series = {{Linguistische Forschungen} 6},
	title = {{Adverbialsemantik}. {Die} {Konstitution} logischsemantischer {Relationen} von {Adverbialkonstruktionen}},
	year = {1972}}





