@book{langsci-current-book, editor = {Ulrike Demske and Barthe Bloom}, title = {{Discourse structure and narration}}, subtitle = {{A diachronic view from Germanic}},year = {2025}, series = {Open Germanic Linguistics}, number = {13}, location = {Berlin}, publisher = {Language Science Press}, options = {dataonly=true} } 
