@PhdThesis{sim+:Lazorczyk2010,
  author           = {Łazorczyk, Agnieszka A.},
  title            = {Decomposing {Slavic} Aspect: {The} Role of Aspectual Morphology in {Polish} and Other {Slavic} Languages},
  school           = {University of Southern California},
affress = {Los Angeles, CA},
  year             = {2010},
}

@incollection{sim+:Biskup2023,
  title     = {Aspect separated from aspectual markers in {Russian} and {Czech}},
  author    = {Biskup, Petr},
  booktitle = {Advances in Formal {S}lavic Linguistics 2021},
  publisher = {Language Science Press},
  address   = {Berlin},
  editor    = {Petr Biskup and Marcel Börner and Olav Mueller-Reichau and Iuliia Shcherbina},
  year      = {2023},
pages = {61--98},
doi = {10.5281/zenodo.10123631},
}

@book{sim+:Smith1997,
  address   = {Dordrecht},
  author    = {Smith, Carlota},
  publisher = {Kluwer},
  title     = {The Parameter of Aspect},
  year      = {1997},
}

@article{sim+:Ramchand2004,
  author  = {Ramchand, Gillian Catriona},
  doi     = {10.7557/12.72},
  journal = {Nordlyd},
  number  = {2},
  pages   = {323--361},
  title   = {Time and the event: {The} semantics of {Russian} prefixes},
  volume  = {32},
  year    = {2004},
}

@book{sim+:Borik2006,
  address   = {Oxford},
  author    = {Borik, Olga},
  publisher = {Oxford University Press},
  title     = {Aspect and Reference Time},
  year      = {2006},
}

@book{sim+:Progovac2005,
  address   = {Bloomington, IN},
  author    = {Progovac, Ljiljana},
  file      = {:E\:/Papers/Progovac 2005 Syntax.pdf:pdf},
  isbn      = {0893573221},
  publisher = {Slavica Publishers},
  title     = {A Syntax of {Serbian}: {Clausal} Architecture},
  year      = {2005},
}

@article{sim+:Embick2004,
  author  = {Embick, David},
  journal = {Linguistic Inquiry},
  doi     = {10.1162/0024389041402634},
  number  = {3},
  pages   = {355--392},
  title   = {On the structure of resultative participles in {English}},
  volume  = {35},
  year    = {2004},
}

@incollection{sim+:Arsenijevic2022,
  address   = {Amsterdam},
  author    = {Arsenijević, Boban},
  editor    = {Phoevos Panagiotidis and Moreno Mitrović},
  booktitle = {A0 – The Lexical Status of Adjectives},
  doi       = {10.1075/lfab.17.04ars},
  pages     = {121--152},
  publisher = {John Benjamins},
  title     = {Adjectives as a lexical category: {A} story of striving for extension},
  year      = {2022},
}

@book{sim+:Biskup2019,
	address = {Am\-ster\-dam},
	author = {Biskup, Petr},
	publisher = {John Benjamins},
	title = {Prepositions, case and verbal prefixes: {The} case of {Slavic}},
	year = {2019}
}

@misc{sim+:SSKJ,
title={SSKJ},
note={Slovar slovenskega knjižnega jezika [{D}ictionary of the {S}lovene literary language]},
publisher={Slovenska akademija znanosti in umetnosti},
editor={Bajec, Anton et al.},
address={Ljubljana},
year={1970--2000},
}

@misc{sim+:gigafida,
title={Gigafida 2.0},
note={Korpus pisne standardne slovenščine [Corpus of written standard {S}lovenian]},
url={http://viri.cjvt.si/gigafida},
year={2019},
}

@book{sim+:Stevanovic1986,
title={Savremeni srpskohrvatski jezik I},
author={Stevanović, Mihailo},
series={},
year={1986},
publisher={Naučna knjiga}
}

@misc{sim+:WeSoSlaV,
title = {Database of the {W}estern {S}outh {S}lavic {V}erb {HyperVerb} 2.0 -- {We{S}o{S}la{V}}},
author = {Arsenijevi{\'c}, Boban and Gomboc {\v C}eh, Katarina and Maru{\v s}i{\v c}, Franc Lanko and Milosavljevi{\'c}, Stefan and Mi{\v s}ma{\v s}, Petra and Simi{\'c}, Jelena and Simonovi{\'c}, Marko and {\v Z}aucer, Rok}, 
url = {http://hdl.handle.net/11356/1846}, 
note = {Slovenian language resource repository {CLARIN}.{SI}}, 
copyright = {Creative Commons - Attribution 4.0 International ({CC} {BY} 4.0)}, 
issn = {2820-4042},
year = {2024} 
}

@book{sim+:toporisic2000,
  address = {Maribor},
  author = {Topori{\v s}i{\v c}, Jo{\v z}e},
  publisher = {Obzorja},
  title = {Slovenska slovnica [{S}lovenian {G}rammar]}, edition = {4th},
  year = {2000}
}

@incollection{caha2022prefixes,
  author    = {Pavel Caha and Markéta Ziková},
  title     = {Prefixes in {Czech} zero-derived nominalizations and verbs},
  booktitle = {Nominalizations and Participles in {Czech} and beyond},
  editor    = {Petr Karlík and Lucie Taraldsen Medová},
  year      = {2022},
  publisher = {Lincom},
  address   = {München},
  pages     = {3--61},
}

@PhdThesis{Lazorczyk2010,
  author           = {Łazorczyk, Agnieszka A.},
  title            = {Decomposing {Slavic} Aspect: {The} Role of Aspectual Morphology in {Polish} and Other {Slavic} Languages},
  school           = {University of Southern California},
affress = {Los Angeles, CA},
  year             = {2010},
}

@PhdThesis{Milosavljević2023,
  author           = {Milosavljević, Stefan},
  title            = {Specification of event duration and aspectual composition in {Slavic}},
  school           = {University of Graz},
address = {Graz},
  year             = {2023},
}

@article{Klein1995,
  author = {Wolfgang Klein},
  doi = {10.2307/415740},
  journal = {Language},
  number = {4},
  pages = {669--695},
  title = {A time-relational analysis of {R}ussian aspect},
  volume = {71},
  year = {1995},
}

@article{Mueller-Reichau2020,
  author = {Mueller-Reichau, Olav},
  doi = {10.31862/2500-2953-2020-1-90-105},
  journal = {Rhema},
  number = {1},
  pages = {90--105},
  title = {Default aspect based on state change},
  year = {2020},
}

@incollection{Biskup2023,
  title     = {Aspect separated from aspectual markers in {Russian} and {Czech}},
  author    = {Biskup, Petr},
  booktitle = {Advances in Formal {S}lavic Linguistics 2021},
  publisher = {Language Science Press},
  address   = {Berlin},
  editor    = {Petr Biskup and Marcel Börner and Olav Mueller-Reichau and Iuliia Shcherbina},
  year      = {2023},
pages = {61--98},
doi = {10.5281/zenodo.10123631},
}

@incollection{tatevosov2015severing,
  title     = {Severing imperfectivity from the verb},
  author    = {Tatevosov, Sergei},
  booktitle = {Slavic grammar from a formal perspective: {The} 10th Anniversary {FDSL} Conference},
  pages     = {465--494},
  publisher = {Peter Lang},
  address   = {Frankfurt am Main},
  editor    = {Gerhild Zybatow and Petr Biskup and Marcel Guhl and Claudia Hurtig and Olav Mueller-Reichau and Maria Yastrebova},
  year      = {2015},
}

@misc{Arsenijević2023SLE,
  author = {Arsenijević, Boban and Milosavljević, Stefan and Simonović, Marko},
  year = {2023},
  title = {Secondary imperfectivisation is reverbalisation is addition of theme vowels},
  note = {Presented at 56th Annual Meeting of the Societas Linguistica Europaea (SLE 56), Workshop Inflection and derivation in the Slavic verb, National and Kapodistrian University of Athens, August 29--September 1, 2023},
 url     = {https://www.academia.edu/108338445/Secondary_imperfectivisation_is_reverbalisation_is_addition_of_theme_vowels},
}

@article{SimonovićArsMil2021,
  author = {Marko Simonović and Stefan Milosavljević and Boban Arsenijević},
  year = {2021},
  title = {Serbo-{Cro\-a\-tian} secondary imperfectivisers consist of theme vowels},
  journal = {Journal of Slavic Linguistics},
  volume = {31}, 
number = {FASL 30 issue},
  pages = {1-27},
  doi = {https://ojs.ung.si/index.php/JSL/article/view/178.},
}

@book{Borer.2005,
  address   = {Oxford},
  author    = {Borer, Hagit},
  publisher = {Oxford University Press},
  title     = {Structuring Sense (Volume 2): {The} Normal Course of Events},
  year      = {2005},
}

@book{Smith1997,
  address   = {Dordrecht},
  author    = {Smith, Carlota},
  publisher = {Kluwer},
  title     = {The Parameter of Aspect},
  year      = {1997},
}

@article{Ramchand2008a,
  author  = {Ramchand, Gillian Catriona},
  journal = {Lingua},
  doi     = {10.1016/j.lingua.2007.03.008},
  number  = {11},
  pages   = {1690–1715},
  title   = {Perfectivity as aspectual definiteness: {Time} and the event in {Russian}},
  volume  = {118},
  year    = {2008},
}

@article{Ramchand2004,
  author  = {Ramchand, Gillian Catriona},
  doi     = {10.7557/12.72},
  journal = {Nordlyd},
  number  = {2},
  pages   = {323--361},
  title   = {Time and the event: {The} semantics of {Russian} prefixes},
  volume  = {32},
  year    = {2004},
}

@book{Borik2006,
  address   = {Oxford},
  author    = {Borik, Olga},
  publisher = {Oxford University Press},
  title     = {Aspect and Reference Time},
  year      = {2006},
}

@book{Progovac2005,
  address   = {Bloomington, IN},
  author    = {Progovac, Ljiljana},
  file      = {:E\:/Papers/Progovac 2005 Syntax.pdf:pdf},
  isbn      = {0893573221},
  publisher = {Slavica Publishers},
  title     = {A Syntax of {Serbian}: {Clausal} Architecture},
  year      = {2005},
}

@article{Borik2019,
  author    = {Borik, Olga and Gehrke, Berit},
  doi       = {10.5334/GJGL.1055},
  journal   = {Glossa: a journal of general linguistics},
  keywords = {adjectival passive,past participle,perfect,verbal passive},
  number    = {1},
  publisher = {Open Library of Humanities},
  title     = {Participles: {Form}, use and meaning},
  volume    = {4},
  year      = {2019},
}

@article{Kovacevic2023,
  title={Theme-vowel minimal pairs show argument structure alternations}, DOI={10.1017/S0022226723000415}, journal={Journal of Linguistics}, author={Kovačević, Predrag and Milosavljević, Stefan and Simonović, Marko}, 
year={2024}, 
pages={1–30},
}

@article{Bohnemeyer_2004,
  doi     = {10.1023/b:ling.0000023371.15460.43},
  year    = {2004},
  publisher = {Springer Science and Business Media {LLC}},
  volume  = {27},
  number  = {3},
  pages   = {263--296},
  author  = {Jürgen Bohnemeyer and Mary Swift},
  title   = {Event Realization and Default Aspect},
  journal = {Linguistics and Philosophy},
}

@book{Aronoff1994,
  address   = {Cambridge, MA},
  author    = {Aronoff, Mark},
  publisher = {MIT Press},
  title     = {Morphology by Itself: {Stems} and Inflectional Classes},
  year      = {1993},
}

@misc{Cavirani-Pots2021,
  author = {Cavirani-Pots, Cora and Belder, Marijke De and Klockmann, Heidi},
  note   = {Presented at GLOW 43, HU Berlin (online), April 15, 2021},
  title  = {Semi-lexicality: {Syntax} or lexicon?},
  year   = {2021},
url   = {https://www.crissp.be/wp-content/uploads/2021/04/GLOW_Cavirani-Pots_De-Belder_Klockmann_FINAL.pdf},
}

@book{Cavirani-Pots2020,
  address   = {Utrecht},
  author    = {Cavirani-Pots, Cora},
  publisher = {LOT},
  title     = {Roots in Progress: {Semi-lexicality} in the {Dutch} and {Af\-ri\-kaans} verbal domain},
  year      = {2020},
}

@article{Embick2004,
  author  = {Embick, David},
  journal = {Linguistic Inquiry},
  doi     = {10.1162/0024389041402634},
  number  = {3},
  pages   = {355--392},
  title   = {On the structure of resultative participles in {English}},
  volume  = {35},
  year    = {2004},
}

@article{Embick2000,
  author  = {Embick, David},
  journal = {Linguistic Inquiry},
  doi     = {10.1162/002438900554343},
  number  = {2},
  pages   = {185--230},
  title   = {Features, Syntax, and Categories in the {Latin} Perfect},
  volume  = {31},
  year    = {2000},
}

@incollection{Embick2005,
  address   = {Amsterdam},
  author    = {Embick, David and Halle, Morris},
  booktitle = {Romance languages and linguistic theory 2003},
  editor    = {Geerts, Twan and van Ginneken, Ivo and Jacobs, Haike},
  pages     = {59--88},
  publisher = {John Benjamins},
  title     = {On the status of stems in morphological theory},
  year      = {2005},
  doi       = {10.1075/cilt.270.03emb},
}

@incollection{Remberger2012,
  address   = {Amsterdam},
  author    = {Remberger, Eva-Maria},
  booktitle = {Inflection and Word Formation in {Romance} languages},
  editor    = {Gaglia, Sascha and Hinzelin, Marc-Olivier},
  pages     = {271--294},
  publisher = {John Benjamins},
  title     = {Participles and nominal aspect},
  doi       = {10.1075/la.186.10rem},
  year      = {2012},
}

@article{Calabrese2020,
  author    = {Calabrese, Andrea},
  doi       = {10.1515/probus-2020-0006},
  journal   = {Probus},
  number    = {2},
  pages     = {209--269},
  title     = {Remarks on the Role of the Perfect Participle in {Italian} Morphology and on its History},
  volume    = {32},
  year      = {2020},
}

@book{Wegner2019book,
  address   = {Berlin / Boston},
  author    = {Wegner, Dennis},
  publisher = {De Gruyter},
  title     = {The Underspecification of past participles: {On} the identity of passive and perfect(ive) participles},
  year      = {2019},
}

@article{Wegner2019article,
  author    = {Wegner, Dennis},
  doi       = {10.5334/GJGL.751},
  journal   = {Glossa: a journal of general linguistics},
  number    = {1},
  pages     = {1--33},
  title     = {The properties of perfect(ive) and (eventive) passive participles: {An} identity approach},
  volume    = {4},
  year      = {2019},
}

@article{Wegner2021,
  author  = {Wegner, Dennis},
  doi     = {},
  journal = {Zeitschrift fur Sprachwissenschaft},
  number  = {2},
  pages   = {199--249},
  title   = {The categorial, argument structural and aspectual indeterminacy of past participles: {A} holistic approach},
  volume  = {40},
  DOI     = {10.1515/zfs-2021-2027},
  year    = {2021},
}

@incollection{Arsenijevic2022,
  address   = {Amsterdam},
  author    = {Arsenijević, Boban},
  editor    = {Phoevos Panagiotidis and Moreno Mitrović},
  booktitle = {A0 – The Lexical Status of Adjectives},
  doi       = {10.1075/lfab.17.04ars},
  pages     = {121--152},
  publisher = {John Benjamins},
  title     = {Adjectives as a lexical category: {A} story of striving for extension},
  year      = {2022},
}

@article{simonovic2020ov,
  title={√ov Is in the Air: {The} Extreme Multifunctionality of the {Slovenian} Affix ov},
  author={Simonović, Marko and Mišmaš, Petra},
  journal={Linguistica},
  volume={60},
  number={1},
  pages={83--102},
  DOI = {10.4312/linguistica.60.1.83-102},
  year={2020}
}

@misc{marantz2001words,
  title={Words and things},
  author={Marantz, Alec},
  journal={WCCFL XX Handout, USC},
  note={Ms., MIT},
  year={2001},
url={https://babel.ucsc.edu/~hank/mrg.readings/Marantz_words.pdf}
}

@article{creemers2018some,
  title={Some affixes are roots, others are heads},
  author={Creemers, Ava and Jan Don and Paula Fenger},
  journal={Natural Language \& Linguistic Theory},
  volume={36},
  number={1},
  pages={45--84},
  year={2018},
  doi={10.1007/s11049-017-9372-1},
  publisher={Springer}
}

@incollection{simonovic2017syntax,
  title={Syntax predicts prosody: {Multi-purpose} morphemes in {Serbo-Croatian}},
  author={Simonović, Marko and Arsenijević, Boban},
  booktitle={Advances in formal {Slavic} linguistics 2017},
  pages={277--304},
  address = {Berlin},
  publisher = {Language Science Press},
  year={2020},
  editor = {Franc Marušič and Petra Mišmaš and Rok Žaucer},
  DOI = {10.5281/zenodo.3764865}
}

@article{Arsenijevic2020, 
    title={Deverbal nouns in -ie and their variation across the {S}outh {S}lavic area}, 
    volume={60},  
    DOI={10.4312/linguistica.60.1.7-29}, 
    number={1}, 
    journal={Linguistica}, 
    author={Arsenijević, Boban}, 
    year={2020},
    pages={7--29}
}

@article{Sim2018,
  author  = {Simonović, Marko and Arsenijević, Boban},
  title   = {The importance of not belonging: {{P}}aradigmaticity and loan nominalizations in {{S}}erbo-{{C}}roatian},
  journal = {Open Linguistics},
  year    = {2018},
  volume  = {4},
  number  = {1},
  pages   = {418--437},
  doi     = {10.1515/opli-2018-0021}
}

@article{SimArs2014,
  author  = {Simonović, Marko and Arsenijević, Boban},
  title   = {Regular and honorary membership: {O}n two kinds of deverbal nouns in {{S}}erbo-{{C}}roatian},
  journal = {Lingue e Linguaggio},
  year    = {2014},
  volume  = {13},
  number  = {2},
  pages   = {185--210},
  doi     = {10.1418/78407}
}

@article{simonovic2022neo,
  title={Neo-Štokavian deverbal je-nominalisations contain passive participles},
  author={Simonović, Marko},
  journal={Journal of Slavic Linguistics},
  volume={30},
  number={FASL 29 issue},
  pages={1--13},
  year={2022}
}



@article{Quaglia2022,
 title={Allomorphy, morphological operations and the order of {S}lavic verb-prefixes},
  author={Quaglia, Stefano and Simonovi{\'c}, Marko and Yudina, Svitlana Antonyuk and Arsenijevi{\'c}, Boban},
  journal={Journal of Slavic Linguistics},
  volume={30},
  number={FASL 29 issue},
  pages={1--15},
  year={2022},
  publisher={Slavica Publishers},
DOI={10.1353/jsl.2022.a923080},
}


@article{simonovic2025,
  title={Derivational affixes as roots across categories},
  author={Simonovi{\'c}, Marko},
  journal={Journal of Slavic Linguistics},
  volume={30},
  number={2},
  pages={195--233},
  year={2022},
  publisher={Slavica Publishers},
DOI={10.1353/jsl.2022.a909904}
}

@incollection{lowenstamm2014,
    address = {Oxford},
    author = {Lowenstamm, Jean},
    booktitle = {The Syntax of Roots and the Roots of Syntax},
    doi = {10.1093/acprof:oso/9780199665266.003.0011},
    editor = {Alexiadou, Artemis and Borer, Hagit and Schäfer, Florian},
    pages = {230--258},
    publisher = {Oxford University Press},
    title = {Derivational affixes as roots: {Phasal} Spell-out meets {English} Stress Shift},
    year = {2014}
}

@article{MilosArsen2022,
    author = {Milosavljević, Stefan and Arsenijević, Boban},
    journal = {Glossa: a journal of general linguistics},
    number = {1},
    title = {What differentiates {S}erbo-{C}ro\-a\-tian verbal theme vowels: {Content} or markedness?},
    volume = {7},
    year = {2022},
    doi = {10.16995/glossa.8535}
}

@book{ramchand2018,
  title     = {Situations and Syntactic Structures: {Rethinking} Auxiliaries and Order in {English}},
  author    = {Ramchand, Gillian Catriona},
  year      = {2018},
  publisher = {MIT Press},
  address   = {Cambridge, MA},
}

@article{Svenonius2004a,
	author = {Svenonius, Peter},
	title = {Slavic prefixes and morphology: {An} introduction to the {Nordlyd} volume},
	journal = {Nordlyd},
	volume = {32},
	number = {2},
	pages = {177--204},
	year = {2004},
	doi = {10.7557/12.67}
}

@book{Biskup2019,
	address = {Am\-ster\-dam},
	author = {Biskup, Petr},
	publisher = {John Benjamins},
	title = {Prepositions, case and verbal prefixes: {The} case of {Slavic}},
	year = {2019}
}

@inproceedings{aljovic2000,
	address = {Leiden},
	author = {Aljović, Nadira},
	booktitle = {ConSole {VIII} Proceedings: {Proceedings} of the {Eighth Conference of the Student Organisation of Linguistics in Europe}},
	editor = {Czinglar, Christine and Köhler, Katharina and Thrift, Erica and van der Torre, Erik Jan and Zimmermann,  Malte},
	pages = {1--15},
	publisher = {SOLE},
	title = {Unaccusativity and aspect in {S}er{B}o{C}roatian},
	year = {2000},
url = {https://www.researchgate.net/publication/318281300_Unaccusativity_and_aspect_in_SerBoCroatian},
}

@mastersthesis{oltra1999notion,
  title={On the notion of theme vowel: {A} new approach to {C}atalan verbal morphology},
  author={Oltra Massuet, Maria Isabel},
  year={1999},
  school={Massachusetts Institute of Technology},
  address={Cambridge, MA}
}

@InCollection{Hal1994,
  author    = {Halle, Morris and Alec Marantz},
  title     = {Some key features of Distributed Morphology},
  booktitle = {{MITWPL} 21: {P}apers on phonology and morphology},
  publisher = {MITWPL},
  address   = {Cambridge, MA},
  year      = {1994},
  editor    = {Andrew Carnie and Heidi Harley},
  pages     = {275--288},
}

@InCollection{Hal1993,
  author    = {Halle, Morris and Alec Marantz},
  title     = {Distributed Morphology and the Pieces of Inflection},
  booktitle = {The View from {Building} 20},
  publisher = {MIT Press},
  address   = {Cambridge, MA},
  year      = {1993},
  editor    = {Kenneth Hale and S. Jay Keyser},
  pages     = {111--176},
}

@inproceedings{Kratzer2000,
  title={Building statives},
  author={Kratzer, Angelika},
  booktitle={Proceedings of the {Berkeley} {Linguistic} {Society} 26},
  pages={385--399},
  year={2000},
editor = {Lisa J. Conathan and Jeff Good and Darya Kavitskaya and Alyssa B. Wulf and Alan
 C. L. Yu},
address = {Berkeley, CA},
publisher = {University of California, Berkeley Linguistics Society},
DOI = {https://doi.org/10.3765/bls.v26i1.1131},
}

@misc{tatevosov2017,
title={On the aspectual architecture of {R}ussian},
author={Tatevosov,Sergei.},
note={Manuscript},
url={http://otipl.philol.msu.ru/staff/people/tatevosov/aspectless_verb_3.1.pdf},
year={2017},
}



@inproceedings{acquaviva2009roots,
  title={Roots and lexicality in Distributed Morphology},
  author={Acquaviva, Paolo},
  editor = {Alexandra Galani and Daniel Redinger and Norman Yeo},
  booktitle={York-{E}ssex morphology meeting},
  volume={5},
  year={2009},
  pages = {1--21},
publisher ={University of York. Department of {L}anguage and {L}inguistic {S}cience},
address={York},
url={http://hdl.handle.net/10197/4148},
}

@misc{SSKJ,
title={SSKJ},
note={Slovar slovenskega knjižnega jezika [{D}ictionary of the {S}lovene literary language]},
publisher={Slovenska akademija znanosti in umetnosti},
editor={Bajec, Anton et al.},
address={Ljubljana},
year={1970--2000},
}

@misc{gigafida,
title={Gigafida 2.0},
note={Korpus pisne standardne slovenščine [Corpus of written standard {S}lovenian]},
url={http://viri.cjvt.si/gigafida},
year={2019},
}

@article{Simonovic2020,
title={Categories, Root Complexes and Default Stress: {S}lovenian Nominalizations Revisited},
volume={60},
DOI={10.4312/linguistica.60.1.103-117},
number={1},
journal={Linguistica},
author={Simonović, Marko},
year={2020},
pages={103--117},
}

@PhdThesis{todorovic2016,
author = {Todorović, Neda},
school = {University of Connecticut},
address = {Storrs, CT},
title = {On the Presence/Absence of {TP}: {Syntactic} Properties and Temporal Interpretation},
year = {2016},
}

@article{Belić1936b,
author = {Belić, Aleksandar},
journal = {Naš jezik},
number = {IV},
pages = {225--232},
title = {O građenju novih reči},
volume = {8},
year = {1936}
}

@article{Belić1936a,
author = {Belić, Aleksandar},
journal = {Naš jezik},
number = {IV},
pages = {193--197},
title = {O građenju novih reči},
volume = {7},
year = {1936}
}

@book{birtic2008,
title={Unutarnja struktura odglagolskih imenica u hrvatskome jeziku},
author={Birtić, Matea},
year={2008},
publisher={Institut za hrvatski jezik i jezikoslovlje},
address={Zagreb}
}

@book{bajec1950besedotvorje,
title={Besedotvorje slovenskega jezika},
author={Bajec, Anton},
volume={1},
year={1950},
publisher={Slovenska akademija znanosti in umetnosti},
address={Ljubljana}
}

@book{bajec1956slovenska,
title={Slovenska slovnica},
author={Bajec, Anton and Kolarič, Rudolf and Rupel, Mirko},
year={1956},
publisher={Državna založba Slovenije},
address={Ljubljana}
}

@article{stramljivc1995specializiranost,
title={Specializiranost obrazil za izpeljanke s pomenom vršilca dejanja, nosilca lastnosti ali stanja in opravkarja},
author={Stramljič Breznik, Irena},
journal={Jezik in slovstvo},
volume={40},
number={8},
pages={285--291},
year={1995},
url={http://www.dlib.si/?URN=URN:NBN:SI:DOC-MHEB8X81}
}

@book{klajntvorbasufiksacija,
title={Tvorba reči u savremenom srpskom jeziku. {Drugi} deo. {Sufiksacija} i konverzija},
author={Klajn, Ivan},
series={Prilozi gramatici srpskoga jezika},
year={2003},
 publisher={Zavod za udžbenike i nastavna sredstva, Institut za srpski jezik SANU, Matica srpska},
  address={Beograd, Novi Sad},
}

@book{Stevanovic1986,
title={Savremeni srpskohrvatski jezik I},
author={Stevanović, Mihailo},
series={},
year={1986},
publisher={Naučna knjiga}
}

@book{maretic1963,
title={Gramatika hrvatskoga ili srpskoga književnog jezika},
author={Maretić, Tomislav},
year={1963},
publisher={Matica hrvatska},
address={Zagreb}
}


@article{marjanovivc2013word,
  title={Word-for\-ma\-tion rules in {S}lovenian agentive deverbal nominalization},
  author={Marjanovič, Katarina and Manouilidou, Christina and Marvin, Tatjana},
journal={Slovene Linguistic Studies},
volume={9},
pages={93-109},
doi={10.17161/SLS.1808.11432},
  year={2013}
}

@misc{WeSoSlaV,
	author = {Arsenijević, Boban and Gomboc Čeh, Katarina and  Marušič, Franc and  Milosavljević,  Stefan and Mišmaš, Petra and  Simić, Jelena and  Simonović, Marko and Žaucer, Rok},
	title = {{WeSoSlaV}: {Database} of the {W}estern {S}outh {S}lavic verbal system},
	url={https://hyper-verb.ung.si/wiki/doku.php},
	year = {in preparation}
}

@Book{stramljic1999,
  author    = {Stramljič Breznik, Irena},
  publisher = {Slavistično društvo Maribor},
  title     = {Prispevki iz slovenskega besedoslovja},
  year      = {1999},
  address   = {Maribor},
  series    = {Zora},
}

@incollection{alexiadou2010syntax,
  title={On the syntax of episodic vs. dispositional-er nominals},
  author={Alexiadou, Artemis and Sch{\"a}fer, Florian},
  booktitle={The syntax of nominalizations across languages and frameworks},
  volume={23},
  pages={9--39},
  year={2010},
  publisher={Mouton de Gruyter Berlin}
}

@article{simonovicMismas2022,
	author = {Simonović, Marko and Petra Mišmaš},
	doi = {10.16995/glossa.5809},
	journal = {Glossa: a journal of general linguistics},
	number = {1},
	pages = {1--31},
	title = {Lowest theme vowels or highest roots? {An} `unaccusative' theme-vowel class in {S}lovenian},
	volume = {7},
	year = {2022}
}

@book{babic1986tvorba,
  title={Tvorba riječi u hrvatskom književnom jeziku},
  author={Babić, Stjepan},
  series={Velika hrvatska gramatika},
  year={2002},
  publisher={Hrvatska akademija znanosti i
umjetnosti, Nakladni zavod Globus}, address={Zagreb},
}


@PhdThesis{marvin2002,
  author = {Marvin, Tatjana},
  school = {Massachusetts Institute of Technology},
address = {Cambridge, MA},
  title  = {Topics in the stress and syntax of words},
  year   = {2002},
}

@article{marvin2015,
  title={On agentive and instrumental deverbal nominalizations in {S}lovenian},
  volume={17},
  author={Marvin, Tatjana},
  journal={Jezikoslovlje},
  url= {https://hrcak.srce.hr/167809},
  number={1-2},
  year={2016},
  pages={321--337}
}

@article{marvin2016,
  title={Deverbal external argument nominalizations in {S}lovenian},
  author={Marvin, Tatjana},
  journal={Grazer Linguistische Studien},
  pages = {155-160},
  volume={83},
url={https://unipub.uni-graz.at/gls/content/titleinfo/1283377},
  year={2015},
}

@book{toporisic2000,
  address = {Maribor},
  author = {Topori{\v s}i{\v c}, Jo{\v z}e},
  publisher = {Obzorja},
  title = {Slovenska slovnica [{S}lovenian {G}rammar]}, edition = {4th edition},
  year = {2000}
}

