
@InCollection{	  Albert07,
  title		= {{M}ethoden des empirischen {A}rbeitens in der
		  {L}inguistik},
  author	= {Ruth Albert},
  booktitle	= {{E}inf{\"u}hrung in die germanistische {L}inguistik},
  pages		= {15 -- 52},
  crossref	= {SgL07}
}

@Article{	  Loetscher1981,
  title		= {{A}bfolgeregeln f{\"u}r {E}rg{\"a}nzungen im {M}ittelfeld},
  author	= {Andreas L{\"o}tscher},
  journal	= {Deutsche Sprache},
  year		= {1981},
  pages		= {44--60},
  volume	= {9}
}

@InCollection{	  Reis2001,
  title		= {{B}ilden {M}odalverben im {D}eutschen eine syntaktische
		  {K}lasse?},
  author	= {Marga Reis},
  booktitle	= {{M}odalit{\"a}t und {M}odalverben im {D}eutschen},
  publisher	= {Buske},
  year		= {2001},
  address	= {Hamburg},
  editor	= {Reimar M{\"u}ller and Marga Reis},
  pages		= {287--300}
}

@Article{	  Schaefer2015b,
  title		= {{C}orpus evidence for prototype-driven alternations: the
		  case of {G}erman weak nouns},
  author	= {Roland Sch{\"a}fer},
  journal	= {Corpus Linguistics and Linguistic Theory},
  year		= {2016 aop},
  note		= {ahead of print},
  doi		= {10.1515/cllt-2015-0051},
  howpublished	= {\url{http://www.degruyter.com/view/j/cllt.ahead-of-print/cllt-2015-0051/cllt-2015-0051.xml}}
}

@Book{		  Eisenberg2012,
  title		= {{D}as {F}remdwort im {D}eutschen},
  author	= {Peter Eisenberg},
  publisher	= {De Gruyter},
  year		= {2012},
  address	= {Berlin, New York},
  edition	= {2}
}

@InCollection{	  HentschelWeydt1995,
  title		= {{D}as leidige bekommen-{P}assiv},
  author	= {Elke Hentschel and Harald Weydt},
  booktitle	= {{D}eutsch als {F}remdsprache. {A}n den {Q}uellen eines
		  {F}aches. {F}estschrift f{\"u}r {G}erhard {H}elbig zum
		  65.~{G}eburtstag},
  publisher	= {iudicum},
  year		= {1995},
  address	= {M{\"u}nchen},
  editor	= {Heidrun Popp},
  pages		= {165--183}
}

@InProceedings{	  Hoehle1986,
  title		= {{D}er {B}egriff {M}ittelfeld. {A}nmerkungen {\"u}ber die
		  {T}heorie der topologischen {F}elder},
  author	= {Tilman N. H{\"o}hle},
  booktitle	= {{A}kten des {VII.}~Internationalen
		  {G}ermanisten-{K}ongresses {G}{\"o}ttingen 1985},
  year		= {1986},
  address	= {T{\"u}bingen},
  editor	= {Walter Weiss and Herbert Ernst Wiegand and Marga Reis},
  pages		= {329--340},
  publisher	= {Niemeyer},
  volume	= {3}
}

@InCollection{	  Wegener1991,
  title		= {{D}er {D}ativ - ein struktureller {K}asus?},
  author	= {Heide Wegener},
  booktitle	= {{S}trukturen und {M}erkmale syntaktischer {K}ategorien},
  publisher	= {Narr},
  year		= {1991},
  address	= {T{\"u}bingen},
  editor	= {Gisbert Fanselow and Sascha W. Felix},
  pages		= {70--103}
}

@Article{	  BTh92,
  title		= {{D}er {F}{\"u}rstbischof im {H}osenrock -- {E}ine {S}tudie
		  zu den nominalen {K}opulativkomposita des {D}eutschen},
  author	= {Eva Breindl and Maria Thurmair},
  journal	= {Deutsche Sprache},
  year		= {1992},
  number	= {1},
  pages		= {32-61},
  volume	= {92}
}

@Article{	  Fabricius1997,
  title		= {{D}er {K}onjunktiv als {P}roblem des {D}eutschen als
		  {F}remdsprache},
  author	= {Cathrine Fabricius-Hansen},
  journal	= {Germanistische Linguistik},
  year		= {1997},
  pages		= {13--36},
  volume	= {136}
}

@Book{		  Engel09a,
  title		= {{D}eutsche {G}rammatik},
  author	= {Ulrich Engel},
  publisher	= {iudicium},
  year		= {2009},
  address	= {M{\"u}nchen},
  edition	= {2}
}

@Book{		  HentschelVogel2009,
  title		= {{D}eutsche {M}orphologie},
  editor	= {Hentschel, Elke and Vogel, Petra Maria},
  publisher	= {De Gruyter},
  year		= {2009},
  address	= {Berlin, New York}
}

@Book{		  WoellsteinEa1997,
  title		= {{D}eutsche {S}atzstruktur -- {G}rundlagen der
		  syntaktischen {A}nalyse},
  author	= {Angelika W{\"o}llstein-Leisten and Axel Heilmann and Peter
		  Stepan and Sten Vikner},
  publisher	= {Stauffenburg},
  year		= {1997},
  address	= {T{\"u}bingen}
}

@Book{		  Krech-ea2009,
  title		= {{D}eutsches {A}ussprachew{\"o}rterbuch},
  editor	= {Eva-Maria Krech and Eberhard Stock and Ursula Hirschfeld
		  and Lutz Christian Anders},
  publisher	= {De Gruyter},
  year		= {2009},
  address	= {Berlin, New York}
}

@Article{	  Thieroff2003,
  title		= {{D}ie {B}edienung des {A}utomatens durch den {M}ensch.
		  {D}eklination der schwachen {M}askulina als
		  {Z}weifelsfall},
  author	= {Thieroff, Rolf},
  journal	= {Linguistik Online},
  year		= {2003},
  volume	= {16}
}

@InCollection{	  Fabricius2000,
  title		= {{D}ie {G}eheimnisse der deutschen
		  w{\"u}rde-{K}onstruktion},
  author	= {Cathrine Fabricius-Hansen},
  booktitle	= {{D}eutsche {G}rammatik in {T}heorie und {P}raxis: {A}us
		  {A}nla{\ss} des 60. {G}eburtstags von {P}eter {E}isenberg
		  am 18. {M}ai 2000},
  publisher	= {Niemeyer},
  year		= {2000},
  address	= {T{\"u}bingen},
  editor	= {Fuhrhop, Nanna and Thieroff, Rolf and Teuber, Oliver and
		  Tamrat, Matthias},
  pages		= {83--96}
}

@Article{	  Koepcke1995,
  title		= {{D}ie {K}lassifikation der schwachen {M}askulina in der
		  deutschen {G}egenwartssprache},
  author	= {K{\"o}pcke, Klaus-Michael},
  journal	= {Zeitschrift f{\"u}r Sprachwissenschaft},
  year		= {1995},
  pages		= {159--180},
  volume	= {14}
}

@Article{	  SchaeferSayatz2014,
  title		= {{D}ie {K}urzformen des {I}ndefinitartikels im
		  {D}eutschen},
  author	= {Roland Sch{\"a}fer and Ulrike Sayatz},
  journal	= {Zeitschrift f{\"u}r Sprachwissenschaft},
  year		= {2014},
  number	= {2},
  volume	= {33}
}

@Article{	  Gallmann1996,
  title		= {{D}ie {S}teuerung der {F}lexion in der {DP}},
  author	= {Peter Gallmann},
  journal	= {Linguistische Berichte},
  year		= {1996},
  pages		= {283--314},
  volume	= {164}
}

@Book{		  Buchmann2015,
  title		= {{D}ie {W}ortzeichen im {D}eutschen},
  author	= {Franziska Buchmann},
  publisher	= {Winter},
  year		= {2015},
  address	= {Heidelberg}
}

@Article{	  Primus2008,
  title		= {{D}iese -- etwas vernachl{\"a}ssigte -- pr{\"a}nominale
		  {H}erausstellung},
  author	= {Beatrice Primus},
  journal	= {Deutsche Sprache},
  year		= {2008},
  pages		= {3â€“26},
  volume	= {36}
}

@Book{		  Duden8,
  title		= {{D}uden 04. {D}ie {G}rammatik},
  author	= {Cathrine Fabricius-Hansen and Peter Gallmann and Peter
		  Eisenberg and Reinhard Fiehler and J{\"o}rg Peters},
  publisher	= {Bibliographisches Institut},
  year		= {2009},
  address	= {Mannheim},
  edition	= {8}
}

@Book{		  Mangold06,
  title		= {{D}uden 06. {D}as {A}ussprachew{\"o}rterbuch},
  author	= {Max Mangold},
  publisher	= {Bibliographisches Institut},
  year		= {2006},
  address	= {Mannheim},
  edition	= {6}
}

@InCollection{	  Wiese2012,
  title		= {{Deklinationsklassen}. {Zur} vergleichenden {Betrachtung}
		  der {Substantivflexion}},
  author	= {Bernd Wiese},
  booktitle	= {{Deutsch} im {Sprachvergleich}. {Grammatische} {Kontraste}
		  und {Konvergenzen}},
  publisher	= {De Gruyter},
  year		= {2012},
  address	= {Berlin, New York},
  editor	= {Lutz Gunkel and Gisela Zifonun},
  pages		= {187--216}
}

@Book{		  Ternes2012,
  title		= {{E}inf{\"u}hrung in die {P}honologie},
  author	= {Ternes, Elmar},
  publisher	= {Wissenschaftliche Buchgesellschaft},
  year		= {2012},
  address	= {Darmstadt},
  edition	= {3}
}

@Book{		  FuhrhopPeters2013,
  title		= {{E}inf{\"u}hrung in die {P}honologie und {G}raphematik},
  author	= {Nanna Fuhrhop and J{\"o}rg Peters},
  publisher	= {Metzler},
  year		= {2013},
  address	= {Stuttgart}
}

@Book{		  Vater2007,
  title		= {{E}inf{\"u}hrung in die {Z}eit-{L}inguistik},
  author	= {Heinz Vater},
  publisher	= {Wissenschaftlicher Verlag},
  year		= {2007},
  address	= {Trier},
  edition	= {4}
}

@Book{		  EgL07,
  title		= {{E}inf{\"u}hrung in die germanistische {L}inguistik},
  author	= {J{\"o}rg Meibauer and Ulrike Demske and Jochen
		  Geilfu{\ss}-Wolfgang and J{\"u}rgen Pafel and Karl-Heinz
		  Ramers and Monika Rothweiler and Markus Steinbach},
  editor	= {J{\"o}rg Meibauer},
  publisher	= {Metzler},
  year		= {2007},
  address	= {Stuttgart},
  edition	= {2}
}

@Article{	  Askedal1991,
  title		= {{E}rsatzinfinitiv\slash {P}artizipersatz und {V}erwandtes},
  author	= {John Ole Askedal},
  journal	= {Zeitschrift f{\"u}r Germanistische Linguistik},
  year		= {1991},
  pages		= {1--23},
  volume	= {19}
}

@Book{		  Kluge02,
  title		= {{E}tymologisches {W}{\"o}rterbuch der deutschen {S}prache},
  author	= {Friedrich Kluge and Elmar Seebold},
  publisher	= {De Gruyter},
  year		= {2002},
  address	= {Berlin, New York},
  edition	= {24}
}

@Book{		  ThieroffVogel2009,
  title		= {{F}lexion},
  author	= {Rolf Thieroff and Petra Maria Vogel},
  publisher	= {Winter},
  year		= {2009},
  address	= {Heidelberg}
}

@InCollection{	  Gallmann1999,
  title		= {{F}ugenmorpheme als {N}icht-{K}asus-{S}uffixe},
  author	= {Gallmann, Peter},
  booktitle	= {{V}ariation und {S}tabilit{\"a}t in der {W}ortstruktur},
  publisher	= {Olms Verlag},
  year		= {1999},
  address	= {Hildesheim},
  editor	= {Matthias Butt and Nanna Fuhrhop},
  pages		= {177--190}
}

@Article{	  Wegener1986,
  title		= {{G}ibt es im {D}eutschen ein indirektes {O}bjekt?},
  author	= {Heide Wegener},
  journal	= {Deutsche Sprache},
  year		= {1986},
  pages		= {12--22},
  volume	= {14}
}

@Book{		  IDS,
  title		= {{G}rammatik der deutschen {S}prache},
  author	= {Gisela Zifonun and Ludger Hoffmann and Bruno Strecker},
  publisher	= {De Gruyter},
  year		= {1997},
  address	= {Berlin, New York}
}

@Book{		  Mueller10,
  title		= {{G}rammatiktheorie},
  author	= {Stefan M{\"u}ller},
  publisher	= {Stauffenburg Verlag},
  year		= {2013},
  address	= {T{\"u}bingen},
  edition	= {2}
}

@Book{		  Mueller2016,
  author	= {Stefan M{\"u}ller},
  title		= {Grammatical Theory: {From} {Transformational Grammar} to
		  Constraint-Based Approaches},
  address	= {Berlin},
  publisher	= {Language Science Press},
  doi		= {10.17169/langsci.b25.167},
  year		= {2016}
}

@Book{		  Eisenberg1,
  title		= {{G}rundriss der deutschen {G}rammatik: {D}as {W}ort},
  author	= {Peter Eisenberg},
  publisher	= {Metzler},
  year		= {2013},
  address	= {Stuttgart},
  edition	= {4. Auflage, unter Mitarbeit von Nanna Fuhrhop}
}

@Book{		  Eisenberg2,
  title		= {{G}rundriss der deutschen {G}rammatik: {D}er {S}atz},
  author	= {Peter Eisenberg},
  publisher	= {Metzler},
  year		= {2013},
  address	= {Stuttgart},
  edition	= {4. Auflage, unter Mitarbeit von Rolf Thieroff}
}

@Book{		  Mueller08,
  title		= {{H}ead-{D}riven {P}hrase {S}turcture {G}rammar: {E}ine
		  {E}inf{\"u}hrung},
  author	= {Stefan M{\"u}ller},
  publisher	= {Stauffenburg},
  year		= {2013},
  address	= {T{\"u}bingen},
  edition	= {3}
}

@Book{		  NueblingEa2010,
  title		= {{H}istorische {S}prachwissenschaft des {D}eutschen. {E}ine
		  {E}inf{\"u}hrung in die {P}rinzipien des {S}prachwandels},
  author	= {Damaris N{\"u}bling and Janet Duke and Renata Szczepaniak},
  publisher	= {Narr},
  year		= {2010},
  address	= {T{\"u}bingen}
}

@Book{		  Bredel2011,
  title		= {{I}nterpunktion},
  author	= {Ursula Bredel},
  publisher	= {Winter},
  year		= {2011},
  address	= {Heidelberg}
}

@Article{	  Pittner2003,
  title		= {{K}asuskonflikte bei freien {R}elativs{\"a}tzen - {E}ine
		  {K}orpusstudie},
  author	= {Karin Pittner},
  journal	= {Deutsche Sprache},
  year		= {2003},
  number	= {3},
  pages		= {193--208},
  volume	= {31}
}

@Article{	  EisenbergSayatz2002,
  title		= {{K}ategorienhierarchie und {G}enus. {Z}ur {A}bfolge der
		  {D}erivationssuffixe im {D}eutschen},
  author	= {Peter Eisenberg and Ulrike Sayatz},
  journal	= {Jahrbuch der Ungarischen Germanistik},
  year		= {2002},
  pages		= {137--156}
}

@Article{	  Richter2002,
  title		= {{K}omplexe {P}r{\"a}dikate in resultativen
		  {K}onstruktionen},
  author	= {Michael Richter},
  journal	= {Deutsche Sprache},
  year		= {2002},
  number	= {3},
  pages		= {237--251},
  volume	= {30}
}

@InCollection{	  Gallmann1995,
  title		= {{K}onzepte der {S}ubstantivgro{\ss}schreibung},
  author	= {Peter Gallmann},
  booktitle	= {{B}eitr{\"a}ge zur {S}chriftlinguistik. {F}estschrift zum
		  60.~{G}eburtstag von {P}rof. {D}r. phil. habil. {D}ieter
		  {N}erius},
  publisher	= {Lang},
  year		= {1995},
  address	= {Frankfurt},
  editor	= {Petra Ewald and Karl-Ernst Sommerfeldt},
  pages		= {123--138}
}

@Book{		  Perkuhn-ea2012,
  title		= {{K}orpuslinguistik},
  author	= {Rainer Perkuhn and Holger Keibel and Marc Kupietz},
  publisher	= {Fink},
  year		= {2012},
  address	= {Paderborn}
}

@Article{	  Mueller03,
  title		= {{M}ehrfache {V}orfeldbesetzung},
  author	= {Stefan M{\"u}ller},
  journal	= {Deutsche Sprache},
  year		= {2003},
  number	= {1},
  pages		= {29--62},
  volume	= {31}
}

@Book{		  Demske00,
  title		= {{M}erkmale {U}nd {R}elationen: {D}iachrone {S}tudien {Z}ur
		  {N}ominalphrase {D}es {D}eutschen},
  author	= {Ulrike Demske},
  publisher	= {De Gruyter},
  year		= {2000},
  address	= {Berlin, New York}
}

@Book{		  Grewendorf02,
  title		= {{M}inimalistische {S}yntax},
  author	= {G{\"u}nther Grewendorf},
  publisher	= {Francke},
  year		= {2002},
  address	= {T\"ubingen}
}

@Book{		  Katamba06,
  title		= {{M}orphology},
  author	= {Francis Katamba},
  publisher	= {Palgrave},
  year		= {2006},
  address	= {Houndmills},
  edition	= {2}
}

@Book{		  NueblingEa2012,
  title		= {{N}amen. {E}ine {E}inf{\"u}hrung in die {O}nomastik},
  author	= {Damaris N{\"u}bling and Fabian Fahlbusch and Rita Heuser},
  publisher	= {Narr},
  year		= {2012},
  address	= {T{\"u}bingen}
}

@Article{	  Fabricius1993,
  title		= {{N}ominalphrasen mit {Kompositum} als {K}ern},
  author	= {Cathrine Fabricius-Hansen},
  journal	= {Beitr{\"a}ge zur Geschichte der deutschen Sprache und
		  Literatur},
  year		= {1993},
  pages		= {193--243},
  volume	= {115}
}

@Book{		  Fuhrhop2015,
  title		= {{O}rthografie},
  author	= {Fuhrhop, Nanna},
  publisher	= {Winter},
  year		= {2015},
  address	= {Heidelberg},
  edition	= {2}
}

@Book{		  Wiese10,
  title		= {{P}honetik und {P}honologie},
  author	= {Richard Wiese},
  publisher	= {W. Fink},
  year		= {2010},
  address	= {Stuttgart}
}

@Book{		  RRKWS09,
  title		= {{P}honetische {T}ranskription des {D}eutschen: {E}in
		  {A}rbeitsbuch},
  author	= {Beate Rues and Beate Redecker and Evelyn Koch and Uta
		  Wallraff and Adrian P. Simpson},
  publisher	= {Narr},
  year		= {2009},
  address	= {T{\"u}bingen},
  edition	= {2}
}

@Book{		  Hall00,
  title		= {{P}honologie. {E}ine {E}inf{\"u}hrung},
  author	= {Tracy Alan Hall},
  publisher	= {De Gruyter},
  year		= {2000},
  address	= {Berlin, New York}
}

@Article{	  Wegener2004,
  title		= {{P}izzas und {P}izzen, die {P}luralformen
		  (un)assimilierter {F}remdw{\"o}rter im {D}eutschen},
  author	= {Heide Wegener},
  journal	= {Zeitschrift f{\"u}r Sprachwissenschaft},
  year		= {2004},
  pages		= {47--112},
  volume	= {23}
}

@Book{		  Laver94,
  title		= {{P}rinciples of Phonetics},
  author	= {John Laver},
  publisher	= {Cambridge University Press},
  year		= {1994},
  address	= {Cambridge, MA}
}

@InCollection{	  KoepckeZubin1995,
  title		= {{P}rinzipien f{\"u}r die {G}enuszuweisung im {D}eutschen},
  author	= {Klaus-Michael K{\"o}pcke and David A. Zubin},
  booktitle	= {{D}eutsch typologisch: {J}ahrbuch des {I}nstituts f{\"u}r
		  {D}eutsche {S}prache},
  publisher	= {De Gruyter},
  year		= {1995},
  address	= {Berlin, New York},
  pages		= {473--491}
}

@Book{		  Altmann2011,
  title		= {{P}r{\"u}fungswissen {W}ortbildung},
  author	= {Altmann, Hans},
  publisher	= {Vandenhoek \& Ruprecht},
  year		= {2011},
  address	= {G{\"o}ttingen}
}

@Article{	  NueblingSzczepaniak2009,
  title		= {{R}eligion+s+freiheit, {S}tabilit{\"a}t+s+pakt und
		  {S}ubjekt(+s+)pronomen. {F}ugenelemente als {M}arker
		  phonologischer {W}ortgrenzen},
  author	= {Damaris N{\"u}bling and Renata Szczepaniak},
  journal	= {Germanistische Linguistik},
  year		= {2009},
  pages		= {195--222},
  volume	= {197--198}
}

@InCollection{	  Eisenberg08,
  title		= {{R}ichtig gutes und richtig schlechtes {D}eutsch},
  author	= {Peter Eisenberg},
  booktitle	= {{D}eutsche {G}rammatik -- {R}egeln, {N}ormen,
		  {S}prachgebrauch},
  publisher	= {De Gruyter},
  year		= {2008},
  address	= {Berlin, New York},
  editor	= {Marek Konopka and Bruno Strecker},
  pages		= {53--69}
}

@Book{		  Musan2009,
  title		= {{S}atzgliedanalyse},
  author	= {Musan, Renate},
  publisher	= {Winter},
  year		= {2009},
  address	= {Heidelberg}
}

@Book{		  SgL07,
  title		= {{S}chnittstellen der germanistischen {L}inguistik},
  author	= {Markus Steinbach and Ruth Albert and Heiko Girnth and
		  Annette Hohenberger and Bettina K{\"u}mmerling-Meibauer and
		  J{\"o}rg Meibauer and Monika Rothweiler and Monika
		  Schwarz-Friesel},
  editor	= {Markus Steinbach},
  publisher	= {Metzler},
  year		= {2007},
  address	= {Stuttgart}
}

@Book{		  Meinunger08,
  title		= {{S}ick of {S}ick? {E}in {S}treifzug durch die {S}prache
		  als {A}ntwort auf den {Z}wiebelfisch},
  author	= {Andr\'e Meinunger},
  publisher	= {Kulturverlag Kadmos},
  year		= {2008},
  address	= {Berlin}
}

@Book{		  Jacobs2005,
  title		= {{S}patien: {Z}um {S}ystem der {G}etrennt- und
		  {Z}usammenschreibung im heutigen {D}eutsch},
  author	= {Joachim Jacobs},
  publisher	= {De Gruyter},
  year		= {2005},
  address	= {Berlin, New York}
}

@Article{	  Primus1993,
  title		= {{S}prachnorm und {S}prachregularit{\"a}t: {D}as {K}omma im
		  {D}eutschen},
  author	= {Beatrice Primus},
  journal	= {Deutsche Sprache},
  year		= {1993},
  pages		= {244--263},
  volume	= {3}
}

@Book{		  Bech1983,
  title		= {{S}tudien {\"u}ber das deutsche verbum infinitum},
  author	= {Gunnar Bech},
  publisher	= {Niemeyer},
  year		= {1983},
  address	= {T{\"u}bingen},
  edition	= {2},
  note		= {Zuerst erschienen 1955}
}

@Article{	  Eisenberg1981,
  title		= {{S}ubstantiv oder {E}igenname? {{\"U}}ber die {P}rinzipien
		  unserer {R}egeln zur {G}ro{\ss} und {K}leinschreibung},
  author	= {Peter Eisenberg},
  journal	= {Linguistische Berichte},
  year		= {1981},
  pages		= {77--101},
  volume	= {72}
}

@Book{		  Engel09,
  title		= {{S}yntax der deutschen {G}egenwartssprache},
  author	= {Ulrich Engel},
  publisher	= {Erich Schmidt},
  year		= {2009},
  address	= {Berlin},
  edition	= {4}
}

@Book{		  Eroms2000,
  title		= {{S}yntax der deutschen {S}prache},
  author	= {Hans-Werner Eroms},
  publisher	= {De Gruyter},
  year		= {2000},
  address	= {Berlin, New York}
}

@Book{		  Duerscheid2012,
  title		= {{S}yntax: {G}rundlagen und {T}heorien},
  author	= {D{\"u}rscheid, Christa},
  publisher	= {Vandenhoek \& Ruprecht},
  year		= {2012},
  address	= {G{\"o}ttingen},
  edition	= {6}
}

@Book{		  Rothstein2007,
  title		= {{T}empus},
  author	= {Rothstein, Bj{\"o}rn},
  publisher	= {Winter},
  year		= {2007},
  address	= {Heidelberg}
}

@Book{		  Coulmas1989,
  title		= {{T}he Writing Systems of the World},
  author	= {Florian Coulmas},
  publisher	= {Wiley-Blackwell},
  year		= {1989},
  address	= {Oxford}
}

@Article{	  Dowty91,
  title		= {{T}hematic proto-roles and argument selection},
  author	= {Dowty, David},
  journal	= {Language},
  year		= {1991},
  pages		= {547--619},
  volume	= {67}
}

@Book{		  Woellstein2010,
  title		= {{T}opologisches {S}atzmodell},
  author	= {Angelika W{\"o}llstein},
  publisher	= {Winter},
  year		= {2010},
  address	= {Heidelberg}
}

@Article{	  Askedal1986,
  title		= {{{\"U}}ber {S}tellungsfelder und {S}atztypen im
		  {D}eutschen},
  author	= {John Ole Askedal},
  journal	= {Deutsche Sprache},
  year		= {1986},
  pages		= {193--223},
  volume	= {14}
}

@Article{	  Askedal1988,
  title		= {{{\"U}}ber den {I}nfinitiv als {S}ubjekt im {D}eutschen},
  author	= {John Ole Askedal},
  journal	= {Zeitschrift f{\"u}r Germanistische Linguistik},
  year		= {1988},
  pages		= {1--25},
  volume	= {16}
}

@Article{	  Vogel1997,
  title		= {{U}nflektierte {A}djektive im {D}eutschen. {Z}um
		  {V}erh{\"a}ltnis von semantischer {S}truktur und
		  syntaktischer {F}unktion und ein {V}ergleich mit
		  flektierten {A}djektiven},
  author	= {Petra Maria Vogel},
  journal	= {Sprachwissenschaft},
  year		= {1997},
  pages		= {479--500},
  volume	= {22}
}

@InCollection{	  Nuebling2011,
  title		= {{U}nter gro{\ss}em pers{\"o}nlichem oder pers{\"o}nlichen
		  {E}insatz? {D}er sprachliche {Z}weifelsfall adjektivischer
		  {P}arallel- vs. {W}echselflexion als {B}eispiel f{\"u}r
		  aktuellen grammatischen {W}andel},
  author	= {Damaris N{\"u}bling},
  booktitle	= {{G}rammatik -- {L}ehren, {L}ernen, {V}erstehen.
		  {Z}ug{\"a}nge zur {G}rammatik des {G}egenwartsdeutschen},
  publisher	= {De Gruyter},
  year		= {2011},
  address	= {Berlin, New York},
  editor	= {Klaus-Michael K{\"o}pcke and Arne Ziegler},
  pages		= {175--196}
}

@Book{		  Leirbukt2013,
  title		= {{U}ntersuchungen zum bekommen-{P}assiv im heutigen
		  {D}eutsch},
  author	= {Oddleif Leirbukt},
  publisher	= {De Gruyter},
  year		= {2013},
  address	= {Berlin, New York},
  booktitle	= {Das Passiv im Deutschen. Akten des Kolloquiums {\"u}ber
		  das Passiv im Deutschen, Nizza 1986},
  journal	= {Germanistische Linguistik}
}

@Book{		  Valbu,
  title		= {{V}{A}{L}{B}{U}, {V}alenzw{\"o}rterbuch deutscher
		  {V}erben},
  author	= {Helmut Schumacher and Jacqueline Kubczak and Renate
		  Schmidt and Vera de Ruiter},
  publisher	= {Narr},
  year		= {2004},
  address	= {T{\"u}bingen}
}

@InCollection{	  Wiese2009,
  title		= {{V}ariation in der {F}lexionsmorphologie: {S}tarke und
		  schwache {A}djektivflexion nach {P}ronominaladjektiven},
  author	= {Bernd Wiese},
  booktitle	= {{D}eutsche {G}rammatik -- {R}egeln, {N}ormen,
		  {S}prachgebrauch},
  publisher	= {De Gruyter},
  year		= {2009},
  address	= {Berlin, New York},
  editor	= {Marek Konopka andBruno Strecker},
  pages		= {166--194}
}

@Book{		  FB95,
  title		= {{W}ortbildung der deutschen {G}egenwartssprache},
  author	= {Wolfgang Fleischer and Irmhild Barz},
  publisher	= {Niemeyer},
  year		= {1995},
  address	= {T{\"u}bingen},
  edition	= {3}
}

@Book{		  HS91,
  title		= {{W}{\"o}rterbuch zur {V}alenz und {D}istribution deutscher
		  {V}erben},
  author	= {Gerhard Helbig and Wolfgang Schenkel},
  publisher	= {Niemeyer},
  year		= {1991},
  address	= {T{\"u}bingen},
  edition	= {8}
}

@InCollection{	  Reis1982,
  title		= {{Z}um {S}ubjektbegriff im {D}eutschen},
  author	= {Marga Reis},
  booktitle	= {{S}atzglieder im {D}eutschen. {V}orschl{\"a}ge zur
		  syntaktischen, semantischen und pragmatischen {F}undierung},
  publisher	= {Stauffenburg},
  year		= {1982},
  address	= {T{\"u}bingen},
  pages		= {171--210}
}

@Article{	  Leibukt2011,
  title		= {{Z}ur {A}nzeige von {H}{\"o}flichkeit im {D}eutschen und
		  im {N}orwegischen: konjunktivische und indikativische
		  {A}usdrucksmittel im {V}ergleich},
  author	= {Leirbukt, Oddleif},
  journal	= {Deutsch als Fremdsprache},
  year		= {2011},
  number	= {1},
  pages		= {30--38},
  volume	= {2011}
}

@InProceedings{	  Reis2005,
  title		= {{Z}ur {G}rammatik der sog.\ {H}albmodale
		  drohen/versprechen + {I}nfinitiv},
  author	= {Marga Reis},
  booktitle	= {{D}eutsche {S}yntax. {E}mpirie und {T}heorie. {S}ymposium
		  in {G}{\"o}teborg 13.-15.~{M}ai 2004},
  year		= {2005},
  address	= {G{\"o}teborg},
  editor	= {Franz Josef D'Avis},
  pages		= {125--145},
  publisher	= {Acta Universitatis Gothoburgensis}
}

@Book{		  AugstEa1997,
  title		= {{Z}ur {N}euregelung der deutschen {O}rthographie.
		  {B}egr{\"u}ndung und {K}ritik},
  editor	= {Gerhard Augst and Karl Bl{\"u}ml and Dieter Nerius and
		  Horst Sitta},
  publisher	= {Niemeyer},
  year		= {1997},
  address	= {T{\"u}bingen}
}

@Article{	  Askedal1990,
  title		= {{Z}ur syntaktischen und referentiell-semantischen
		  {T}ypisierung der deutschen {P}ronominalform es},
  author	= {John Ole Askedal},
  journal	= {Deutsch als Fremdsprache},
  year		= {1990},
  pages		= {213--225},
  volume	= {27}
}

@Article{	  Baerentzen2002,
  title		= {{Zum} {G}ebrauch der {Pronominalformen} deren und derer im
		  heutigen {D}eutsch},
  author	= {Per BÃ¦rentzen},
  journal	= {Beitr{\"a}ge zur Geschichte der deutschen Sprache und
		  Literatur},
  year		= {2002},
  pages		= {199--217},
  volume	= {117}
}

@Article{	  SprouseEa2013,
  title		= {A comparison of informal and formal acceptability
		  judgments using a random sample from Linguistic Inquiry
		  2001--2010},
  author	= {Sprouse, Jon and Sch{\"u}tze, Carson T and Almeida, Diogo},
  journal	= {Lingua},
  year		= {2013},
  pages		= {219--248},
  volume	= {134},
  publisher	= {Elsevier}
}

@Book{		  Buering2005,
  title		= {Binding Theory},
  author	= {B{\"u}ring, Daniel},
  publisher	= {Cambridge University Press},
  year		= {2005},
  address	= {Cambridge}
}

@InProceedings{	  SchaeferBildhauer2012a,
  title		= {Building Large Corpora from the Web Using a New Efficient
		  Tool Chain},
  author	= {Roland Sch{\"a}fer and Felix Bildhauer},
  booktitle	= {Proceedings of the Eighth International Conference on
		  Language Resources and Evaluation ({LREC'12})},
  year		= {2012},
  address	= {Istanbul},
  editor	= {Nicoletta Calzolari and Khalid Choukri and Thierry
		  Declerck and Mehmet U\u{g}ur Do\u{g}an and Bente Maegaard
		  and Joseph Mariani and Jan Odijk and Stelios Piperidis},
  organization	= {ELRA},
  pages		= {486--493}
}

@InCollection{	  Maas2002,
  title		= {Die {A}nschlusskorrelation des {D}eutschen im {H}orizont
		  einer {T}ypologie der {S}ilbenstruktur},
  author	= {Utz Maas},
  booktitle	= {Silbenschnitt und {T}onakzente},
  publisher	= {Niemeyer},
  year		= {2002},
  editor	= {Peter Auer und Peter Gilles und Helmut Spiekermann},
  pages		= {11--34}
}

@Article{	  Musan1999,
  title		= {Die {L}esarten des {P}erfekts},
  author	= {Renate Musan},
  journal	= {Zeitschrift f{\"u}r Literaturwissenschaft und Linguistik},
  year		= {1999},
  pages		= {6--51},
  volume	= {113}
}

@Book{		  Dekuthy2002,
  title		= {Discontinuous {NPs} in {G}erman: A Case Study of the
		  Interaction of Syntax, Semantics and Pragmatics},
  author	= {Kordula {De Kuthy}},
  publisher	= {CSLI},
  year		= {2002},
  address	= {Stanford}
}

@Book{		  Duerscheid2012a,
  title		= {Einf{\"u}hrung in die Schriftlinguistik},
  author	= {Christa D{\"u}rscheid},
  publisher	= {Vandenhoek \& Ruprecht},
  year		= {2012},
  address	= {G{\"o}ttingen},
  edition	= {4}
}

@InCollection{	  Wiese08,
  title		= {Form and Function of Verbal Ablaut in Contemporary
		  Standard {G}erman},
  author	= {Bernd Wiese},
  booktitle	= {{E}xplorations in integrational linguistics: four essays
		  on {G}erman, {F}rench, and {G}uarani},
  publisher	= {Benjamins},
  year		= {2008},
  address	= {Amsterdam},
  editor	= {Robin Sackmann},
  pages		= {97--152}
}

@Book{		  Maas1992,
  title		= {Grundz{\"u}ge der deutschen Orthographie},
  author	= {Utz Maas},
  publisher	= {De Gruyter},
  year		= {1992}
}

@InCollection{	  SchuetzeSprouse2014,
  title		= {Judgment data},
  author	= {Sch{\"u}tze, Carson T and Sprouse, Jon},
  booktitle	= {Research Methods in Linguistics},
  publisher	= {Cambridge University Press},
  year		= {2014},
  address	= {Cambridge},
  chapter	= {3},
  editor	= {Robert J. Podesva and Devyani Sharma},
  pages		= {27--50},
  __markedentry	= {[user:6]},
  journal	= {Research methods in linguistics}
}

@Article{	  DekuthyMeurers2001,
  title		= {On Partial Constituent Fronting in {G}erman},
  author	= {Kordula {De Kuthy} and Walt Detmar Meurers},
  journal	= {Journal of Comparative Germanic Linguistics},
  year		= {2001},
  number	= {3},
  pages		= {143--205},
  volume	= {3}
}

@Book{		  Croft2001,
  title		= {Radical Construction Grammar: Syntactic theory in
		  typological perspective},
  author	= {William Croft},
  publisher	= {Oxford University Press},
  year		= {2001},
  address	= {Oxford}
}

@Book{		  Sternefeld2008,
  title		= {Syntax: Eine morphologisch motivierte generative
		  Beschreibung des Deutschen},
  author	= {Wolfgang Sternefeld},
  publisher	= {Stauffenburg},
  year		= {2008},
  address	= {T{\"u}bingen},
  edition	= {4},
  volume	= {1}
}

@Book{		  Sternefeld2009,
  title		= {Syntax: Eine morphologisch motivierte generative
		  Beschreibung des Deutschen},
  author	= {Wolfgang Sternefeld},
  publisher	= {Stauffenburg},
  year		= {2009},
  address	= {T{\"u}bingen},
  edition	= {3},
  volume	= {2}
}

@Book{		  Booj2007,
  title		= {The Grammar of Words. {A}n Introduction to Morphology},
  author	= {Booij, Geert},
  publisher	= {Oxford University Press},
  year		= {2007},
  address	= {Oxford}
}

@Book{		  Wiese00,
  title		= {The Phonology of {G}erman},
  author	= {Richard Wiese},
  publisher	= {Oxford University Press},
  year		= {2000},
  address	= {Oxford}
}
