% preface

@book{caretal15,
  editor    = {Michael Carl and Srinivas Bangalore and Moritz Schaeffer},
  year      = {2015},
  title     = {New Directions in Empirical Translation Process Research},
  subtitle  = {Exploring the {CRITT} {TPR-DB}},
  address   = {Heidelberg},
  publisher = {Springer},
}

@book{sutetal17,
  author    = {Gert de Sutter and Marie-Aude Lefer and Isabelle Delaere},
  year      = {2017},
  title     = {Empirical Translation Studies},
  subtitle  = {New Methodological and Theoretical Traditions},
  address   = {Berlin},
  publisher = {de Gruyter},
}

@article{sutetal19,
  author    = {Gert de Sutter and Marie-Aude Lefer},
  year      = {2019},
  title     = {On the need for a new research agenda for corpus-based translation studies},
  subtitle  = {A multi-methodological, multifactorial and interdisciplinary approach},
  journal   = {Perspectives: Studies in Translation Theory and Practice},
  volume    = {28},
  number    = {1},
  pages     = {1--23},
}

@article{sutetal12,
  author    = {Gert de Sutter and Patrick Goethals and Torsten Leuschner and Sonia Vandepitte},
  year      = {2012},
  title     = {Towards methodologically more rigorous corpus-based translation studies},
  journal   = {Across Languages and Cultures},
  volume    = {13},
  number    = {2},
  pages     = {137--143},
}

@book{hansen02,
  author    = {Gyde Hansen},
  year      = {2002},
  title     = {Empirical Translation Studies},
  subtitle  = {Process and Product},
  address   = {Copenhagen},
  publisher = {Samfundslitteratur},
}

@book{ji16,
  author    = {Meng Ji},
  year      = {2016},
  title     = {Empirical Translation Studies},
  subtitle  = {Interdisciplinary Methodologies Explored},
  address   = {London},
  publisher = {Equinox},
}

@book{jietal16,
  editor    = {Meng Ji and Lidun Hareide and Defeng Li and Michael Oakes},
  year      = {2016},
  title     = {Corpus Methodologies Explained},
  subtitle  = {An empirical approach to translation studies},
  address   = {London},
  publisher = {Routledge},
}

@book{jioak19,
  editor    = {Meng Ji and Michael Oakes},
  year      = {2019},
  title     = {Advances in Empirical Translation Studies},
  subtitle  = {Developing Translation Resources and Technologies},
  address   = {Cambridge},
  publisher = {Cambridge University Press},
}

@article{koplenig19,
  author    = {Alexander Koplenig},
  year      = {2019},
  title     = {Against statistical significance testingin corpus linguistics},
  journal   = {Corpus Linguistics and Linguistic Theory},
  volume    = {15},
  number    = {2},
  pages     = {321--346},
}

@book{lavetal16,
  author    = {Sara Laviosa and Adriana Pagano and Hannu Kemppanen and Meng Ji},
  year      = {2016},
  title     = {Textual and Contextual Analysis in Empirical Translation Studies},
  address   = {Heidelberg},
  publisher = {Springer},
}

@article{mcsetal19,
  author    = {Blakeley B. McShane and David Gal and Andrew Gelman and Christian Robert and Jennifer L. Tackett},
  year      = {2019},
  title     = {Abandon Statistical Significance},
  journal   = {The American Statistician},
  volume    = {73},
  pages     = {235--245},
}

% bisiada

@article{aalpas18,
  author    = {Loes Aaldering and Daphne Joanna {van der Pas}},
  year      = {2018},
  title     = {Political Leadership in the Media},
  subtitle  = {Gender Bias in Leader Stereotypes during Campaign and Routine Times},
  journal   = {British Journal of Political Science},
  volume    = {Advance Online Access},
  pages     = {1--21},
  doi       = {10.1017/S0007123417000795},
}
@article{ahmed10,
  author    = {Saifuddin Ahmed},
  year      = {2010},
  title     = {The Role of the Media During Communal Riots in {India}},
  subtitle  = {A Study of the 1984 {Sikh} Riots and the 2002 {Gujarat} Riots},
  journal   = {Media Asia},
  volume    = {37},
  number    = {2},
  pages     = {103--112},
  doi       = {10.1080/01296612.2010.11771982},
}
@book{ahmed04,
  author    = {Sara Ahmed},
  year      = {2004},
  title     = {The Cultural Politics of Emotion},
  address   = {Edinburgh},
  publisher = {Edinburgh University Press},
}
@online{akhtar17,
  author    = {Monica Akhtar},
  year      = {2017},
  title     = {{\#MeToo}},
  subtitle  = {A Movement or a Moment?},
  url       = {https://www.washingtonpost.com/news/the-intersect/wp/2017/11/09/metoo-a-movement-or-a-moment/},
  urldate   = {2019-11-25},
}
@article{arucal18,
  author    = {Natalia Aruguete and Ernesto Calvo},
  year      = {2018},
  title     = {Time to \#Protest},
  subtitle  = {Selective Exposure, Cascading Activation, and Framing in Social Media},
  journal   = {Journal of Communication},
  volume    = {68},
  number    = {3},
  pages     = {480--502},
  doi       = {10.1093/joc/jqy007},
}
@book{banet18,
  author    = {Sarah Banet-Weiser},
  year      = {2018},
  title     = {Empowered},
  subtitle  = {Popular Feminism and Popular Misogyny},
  address   = {Durham},
  publisher = {Duke University Press},
}
@article{benetal19,
  author    = {Sara {De Benedictis} and Shani Orgad and Catherine Rottenberg},
  year      = {2019},
  title     = {{\#MeToo}, Popular Feminism and the News},
  subtitle  = {A Content Analysis of {UK} Newspaper Coverage},
  journal   = {European Journal of Cultural Studies},
  volume    = {22},
  number    = {5-6},
  pages     = {718--738},
  doi       = {10.1177/1367549419856831},
}
@online{bennett19,
  author    = {Jessica Bennett},
  year      = {2019},
  title     = {The {\#MeToo} Moment},
  url       = {https://www.nytimes.com/series/metoo-moment},
  urldate   = {2019-11-25},
}
@article{bowles15,
  author    = {Ryan {Bowles Eagle}},
  year      = {2015},
  title     = {Loitering, Lingering, Hashtagging},
  subtitle  = {Women Reclaiming Public Space Via \#{BoardtheBus}, \#{StopStreetHarassment}, and the \#{EverydaySexism} Project},
  journal   = {Feminist Media Studies},
  volume    = {15},
  number    = {2},
  pages     = {350--353},
  doi       = {10.1080/14680777.2015.1008748},
}
@article{boyrat19,
  author    = {Karen Boyle and Chamil Rathnayake},
  year      = {2019},
  title     = {\#HimToo and the Networking of Misogyny in the Age of {\#MeToo}},
  journal   = {Feminist Media Studies},
  volume    = {Advance Online Access},
  pages     = {1--19},
  doi       = {10.1080/14680777.2019.1661868},
}
@online{burke18,
  author    = {Tarana Burke},
  year      = {2018},
  title     = {Me Too Is a Movement, not a Moment},
  url       = {https://www.ted.com/talks/tarana_burke_me_too_is_a_movement_not_a_moment/transcript},
  urldate   = {2019-11-25},
}
@online{cbs17,
  author    = {{CBS Interactive}},
  year      = {2017},
  title     = {More than {12M} \enquote{Me Too} Facebook posts, comments, reactions in 24 hours},
  url       = {https://www.cbsnews.com/news/metoo-more-than-12-million-facebook-posts-comments-reactions-24-hours/},
  urldate   = {2019-10-30},
}
@article{clark16,
  author    = {Rosemary Clark},
  year      = {2016},
  title     = {\enquote{Hope in a Hashtag}},
  subtitle  = {The Discursive Activism of \#{WhyIStayed}},
  journal   = {Feminist Media Studies},
  volume    = {16},
  number    = {5},
  pages     = {788--804},
  doi       = {10.1080/14680777.2016.1138235},
}
@article{clark19,
  author    = {Rosemary Clark-Parsons},
  year      = {2019},
  title     = {I SEE YOU, I BELIEVE YOU, I STAND WITH YOU},
  subtitle  = {{\#MeToo} and the Performance of Networked Feminist Visibility},
  journal   = {Feminist Media Studies},
  volume    = {Advance Online Access},
  doi       = {10.1080/14680777.2019.1628797},
}
@article{cunetal11,
  author    = {Evandro Cunha and Gabriel Magno and Giovanni Comarela and Virgilio Almeida and Marcos André Gonçalves and Fabrício Benevenuto},
  year      = {2011},
  title     = {Analyzing the Dynamic Evolution of Hashtags on Twitter},
  subtitle  = {A Language-Based Approach},
  journal   = {Proceedings of the Workshop on Language in Social Media},
  pages     = {58--65},
}
@incollection{bisetal,
  author    = {Mario Bisiada and Eleonore Schmitt and Oliver Czulo},
  year      = {in progress},
  title     = {},
  editor    = {Sascha Michel and Laurent Gautier},
  booktitle = {Linguistik des Hashtags},
  address   = {},
  publisher = {},
  pages     = {},
}
@book{desjardins17,
  author    = {Renée Desjardins},
  year      = {2017},
  title     = {Translation and Social Media},
  subtitle  = {In Theory, in Training and in Professional Practice},
  address   = {London},
  publisher = {Palgrave Macmillan},
}
@online{distefano19,
  author    = {Mark {Di Stefano}},
  year      = {2019},
  title     = {A New Poll Has Found a Third of Young British People Have Anti-Feminist Views},
  url       = {https://www.buzzfeed.com/markdistefano/new-poll-third-young-british-males-anti-feminism},
  urldate   = {2019-11-25},
}
@article{dimmat18,
  author    = {Daniela V. Dimitrova and Jörg Matthes},
  year      = {2018},
  title     = {Social Media in Political Campaigning around the World},
  subtitle  = {Theoretical and Methodological Challenges},
  journal   = {Journalism \& Mass Communication Quarterly},
  volume    = {95},
  number    = {2},
  pages     = {333--342},
  doi       = {10.1177/1077699018770437},
}
@article{druzob16,
  author    = {Ricarda Drüeke and Elke Zobl},
  year      = {2016},
  title     = {Online Feminist Protest against Sexism},
  subtitle  = {The {German}-Language Hashtag \#Aufschrei},
  journal   = {Feminist Media Studies},
  volume    = {16},
  number    = {1},
  pages     = {35--54},
  doi       = {10.1080/14680777.2015.1093071},
}
@online{dwds,
  author    = {DWDS},
  year      = {2019},
  title     = {DWDS word trajectory for \textit{MeToo}, \textit{MeToo-Debatte}, \textit{MeToo-Bewegung}, \textit{MeToo-Ära}, created by the Digital Dictionary of the German Language},
  url       = {https://www.dwds.de/r/plot?view=1&corpus=zeitungen&norm=date%2Bclass&smooth=spline&genres=0&grand=1&slice=1&prune=0&window=3&wbase=0&logavg=0&logscale=0&xrange=2013%3A2018&q1=MeToo&q2=MeToo-Debatte&q3=MeToo-Bewegung&q4=MeToo-%C3%84ra},
  urldate   = {2019-11-25},
}
@online{elpais18,
  author    = {{El País}},
  year      = {2018},
  title     = {Revolución MeToo},
  subtitle  = {Un año del grito de las mujeres contra el acoso y la violencia sexual: qué ha cambiado},
  url       = {https://elpais.com/tag/movimiento_metoo/},
  urldate   = {2019-11-25},
}
@article{elvetal18,
  author    = {Eiri Elvestad and Angela Phillips and Mira Feuerstein},
  year      = {2018},
  title     = {Can Trust in Traditional News Media Explain Cross-National Differences in News Exposure of Young People Online?},
  subtitle  = {A Comparative Study of {Israel}, {Norway} and the {United} {Kingdom}},
  journal   = {Digital Journalism},
  volume    = {6},
  number    = {2},
  pages     = {216--235},
  doi       = {10.1080/21670811.2017.1332484},
}
@book{fairclough89,
  author    = {Norman Fairclough},
  year      = {1989},
  title     = {Language and Power},
  address   = {London},
  publisher = {Longman},
}
@book{farris17,
  author    = {Sara R. Farris},
  year      = {2017},
  title     = {In the Name of Women’s Rights},
  subtitle  = {The Rise of Femonationalism},
  address   = {Durham},
  publisher = {Duke University Press},
}
@book{fillon19,
  editor    = {Bianca Fileborn and Rachel Loney-Howes},
  year      = {2019},
  title     = {{\#MeToo} and the Politics of Social Change},
  address   = {London},
  publisher = {Palgrave Macmillan},
  doi       = {10.1007/978-3-030-15213-0},
}
@online{folexs19,
  author    = {Mark Follman and Olivia Exstrum},
  year      = {2019},
  title     = {Armed and Misogynist},
  subtitle  = {How Toxic Masculinity Fuels Mass Shootings},
  url       = {https://www.motherjones.com/crime-justice/2019/06/domestic-violence-misogyny-incels-mass-shootings/},
  urldate   = {2019-11-25},
}
@incollection{franks19,
  author    = {Mary Anne Franks},
  year      = {2019},
  title     = {A Thousand and One Stories},
  subtitle  = {Myth and the {\#MeToo} Movement},
  editor    = {Bianca Fileborn and Rachel Loney-Howes},
  booktitle = {{\#MeToo} and the Politics of Social Change},
  address   = {London},
  publisher = {Palgrave Macmillan},
  pages     = {85--95},
}
@online{garcia17,
  author    = {Sandra E. Garcia},
  year      = {2017},
  title     = {The Woman Who Created \#{MeToo} Long Before Hashtags},
  url       = {https://www.nytimes.com/2017/10/20/us/me-too-movement-tarana-burke.html},
  urldate   = {2019-07-15},
}
@incollection{garhop19,
  author    = {María Cecilia Garibotti and Cecilia Marcela Hopp},
  year      = {2019},
  title     = {Substitution Activism},
  subtitle  = {The Impact of {\#MeToo} in Argentina},
  editor    = {Bianca Fileborn and Rachel Loney-Howes},
  booktitle = {{\#MeToo} and the Politics of Social Change},
  address   = {London},
  publisher = {Palgrave Macmillan},
  pages     = {185--199},
}
@article{gilorg18,
  author    = {Rosalind Gill and Shani Orgad},
  year      = {2018},
  title     = {The Shifting Terrain of Sex and Power},
  subtitle  = {From the \enquote{Sexualization of Culture} to {\#MeToo}},
  journal   = {Sexualities},
  volume    = {21},
  number    = {8},
  pages     = {1313--1324},
  doi       = {10.1177/1363460718794647},
}
@article{ging17,
  author    = {Debbie Ging},
  year      = {2017},
  title     = {Alphas, Betas, and Incels},
  subtitle  = {Theorizing the Masculinities of the Manosphere},
  journal   = {Men and Masculinities},
  volume    = {22},
  number    = {4},
  pages     = {638--657},
  doi       = {10.1177/1097184X17706401},
}
@incollection{gorp10,
  author    = {Baldwin van Gorp},
  year      = {2010},
  title     = {Strategies to Take Subjectivity out of Framing Analysis},
  editor    = {Paul D'Angelo and Jim Kuypers},
  booktitle = {Doing News Framing Analysis},
  booksubtitle = {Empirical and Theoretical Perspectives},
  pages     = {84--108},
  address   = {New York},
  publisher = {Routledge},
}
@article{guha15,
  author    = {Pallavi Guha},
  year      = {2015},
  title     = {Hash Tagging but Not Trending},
  subtitle  = {The Success and Failure of the News Media to Engage with Online Feminist Activism in {India}},
  journal   = {Feminist Media Studies},
  volume    = {15},
  number    = {1},
  pages     = {155--157},
  doi       = {10.1080/14680777.2015.987424},
}
@article{heietal19,
  author    = {Tobias Heidenreich and Jakob-Moritz Eberl and Fabienne Lind and Hajo Boomgaarden},
  year      = {2019},
  title     = {Political Migration Discourses on Social Media},
  subtitle  = {A Comparative Perspective on Visibility and Sentiment Across Political {Facebook} Accounts in {Europe}},
  journal   = {Journal of Ethnic and Migration Studies},
  volume    = {Advance Online Access},
  doi       = {10.1080/1369183X.2019.1665990},
}
@article{huaetal10,
  author    = {Jeff Huang and Katherine Thornton and Efthimis Efthimiadis},
  year      = {2010},
  title     = {Conversational Tagging in Twitter},
  journal   = {Proceedings of the 21st ACM Conference on Hypertext and Hypermedia},
  pages     = {173--178},
}
@online{huelga,
  author    = {{Huelga Feminista}},
  year      = {2018},
  title     = {International},
  url       = {http://hacialahuelgafeminista.org/international/},
  urldate   = {2019-11-25},
}
@article{jagsi18,
  author    = {Reshma Jagsi},
  year      = {2018},
  title     = {Sexual Harassment in Medicine -- \#{MeToo}},
  journal   = {New England Journal of Medicine},
  volume    = {378},
  number    = {3},
  pages     = {209--211},
  doi       = {10.1056/NEJMp1715962},
}
@article{jacban16,
  author    = {Sarah J. Jackson and Sonia Banaszczyk},
  year      = {2016},
  title     = {Digital Standpoints},
  subtitle  = {Debating Gendered Violence and Racial Exclusions in the Feminist Counterpublic},
  journal   = {Journal of Communication Enquiry},
  volume    = {40},
  number    = {4},
  pages     = {391--407},
  doi       = {10.1177/0196859916667731},
}
@article{jaketal19,
  author    = {Sylvia Jaki and Tom De Smedt and Maja Gwóźdź and Rudresh Panchal and Alexander Rossa and Guy De Pauw},
  year      = {2019},
  title     = {Online Hatred of Women in the {Incels.me} Forum},
  subtitle  = {Linguistic Analysis and Automatic Detection},
  journal   = {Journal of Language Aggression and Conflict},
  volume    = {Advance Online Access},
  doi       = {10.1075/jlac.00026.jak},
}
@online{kahsha19,
  author    = {Maia {Kahlke Lorentzen} and Kevin Shakir},
  year      = {2019},
  title     = {Den hvide internetterrorist er også anti-feminist},
  url       = {https://cybernauterne.dk/blog/den-hvide-internetterrorist-er-ogsa-anti-feminist/},
  urldate   = {2019-11-25},
}
@article{keletal18,
  author    = {Jessalynn Keller and Kaitlynn Mendes and Jessica Ringrose},
  year      = {2018},
  title     = {Speaking \enquote{Unspeakable Things}},
  subtitle  = {Documenting Digital Feminist Responses to Rape Culture},
  journal   = {Journal of Gender Studies},
  volume    = {27},
  number    = {1},
  pages     = {22--36},
  doi       = {10.1080/09589236.2016.1211511},
}
@article{khoesp18,
  author    = {Majid KhosraviNik and Eleonora Esposito},
  year      = {2018},
  title     = {Online Hate, Digital Discourse and Critique},
  subtitle  = {Exploring Digitally-Mediated Discursive Practices of Gender-Based Hostility},
  journal   = {Lodz Papers in Pragmatics},
  volume    = {14},
  number    = {1},
  pages     = {45--68},
  doi       = {10.1515/lpp-2018-0003},
}
@incollection{kornemann18,
  author    = {Laureen Kornemann},
  year      = {2018},
  title     = {{Die Sexismus-Debatte in der deutschen Öffentlichkeit -- Brüderle vs. \#aufschrei}},
  editor    = {Margreth Lünenborg and Saskia Sell},
  booktitle = {{Politischer Journalismus im Fokus der Journalistik}},
  address   = {Wiesbaden},
  publisher = {Springer},
  pages     = {369--390},
  doi       = {10.1007/978-3-658-18339-4_15},
  hyphenation = {german},
}
@article{kunetal18,
  author    = {Jonas R. Kunst and April Bailey and Claire Prendergast and Aleksander Gundersena},
  year      = {2018},
  title     = {Sexism, Rape Myths and Feminist Identification Explain Gender Differences in Attitudes toward the \#metoo Social Media Campaign in Two Countries},
  journal   = {Media Psychology},
  volume    = {Advance Online Access},
  pages     = {1--26},
  doi       = {10.1080/15213269.2018.1532300},
}
@article{kwaetal10,
  author    = {Haewoon Kwak and Changhyun Lee and Hosung Park and Sue Moon},
  year      = {2010},
  title     = {What is {Twitter}, a Social Network or a News Media?},
  journal   = {Proceedings of the 19th International World Wide Web Conference, Raleigh, USA, 26–30 April 2010},
  pages     = {591--600},
}
@book{lang90,
  author    = {Mervyn Francis Lang},
  year      = {1980},
  title     = {Spanish Word Formation},
  subtitle  = {Productive Derivational Morphology in the Modern Lexis},
  address   = {Abingdon},
  publisher = {Routledge},
}
@incollection{lang17,
  author    = {Juliane Lang},
  year      = {2017},
  title     = {Feindbild Feminismus},
  subtitle  = {Familien- und Geschlechterpolitik in der AfD},
  editor    = {Stephan Grigat},
  booktitle = {AfD \& FPÖ},
  booksubtitle = {Antisemitismus, völkischer Nationalismus und Geschlechterbilder},
  address   = {Baden-Baden},
  publisher = {Nomos},
  pages     = {61--78},
  hyphenation = {german},
}
@online{lekach17,
  author    = {Sasha Lekach},
  year      = {2017},
  title     = {{\#MeToo} hashtag has spread to {\#YoTambien}, {\#QuellaVoltaChe}},
  url       = {https://mashable.com/2017/10/19/me-too-global-spread/},
  urldate   = {2019-10-31},
}
@article{lewandowska96,
  author    = {Barbara Lewandowska-Tomaszczyk},
  year      = {1996},
  title     = {Cross-linguistic and language-specific aspects of semantic prosody},
  journal   = {Language Sciences},
  volume    = {18},
  number    = {1},
  pages     = {153--178},
}
@article{lim12,
  author    = {Merlyna Lim},
  year      = {2012},
  title     = {Clicks, Cabs, and Coffee Houses},
  subtitle  = {Social Media and Oppositional Movements in {Egypt}, 2004--2011},
  journal   = {Journal of Communication},
  volume    = {62},
  number    = {2},
  pages     = {231--248},
  doi       = {10.1111/j.1460-2466.2012.01628.x},
}
@article{littau15,
  author    = {Karin Littau},
  year      = {2015},
  title     = {Translation and the Materialities of Communication},
  journal   = {Translation Studies},
  volume    = {9},
  number    = {1},
  pages     = {82--96},
}
@incollection{louw93,
  author    = {Bill Louw},
  year      = {1993},
  title     = {Irony in the Text or Insincerity in the Writer?},
  subtitle  = {The Diagnostic Potential of Semantic Prosodies},
  editor    = {Mona Baker and Gill Francis and Elena Tognini-Bonelli},
  booktitle = {Text and Technology},
  booksubtitle = {In Honour of {John} {Sinclair}},
  address   = {Amsterdam},
  publisher = {John Benjamins},
  pages     = {157--176},
}
@book{luemai13,
  author    = {Margreth Lünenborg and Tanja Maier},
  year      = {2013},
  title     = {Gender Media Studies},
  subtitle  = {Eine Einführung},
  address   = {Konstanz},
  publisher = {UVK Verlagsgesellschaft mbH},
  hyphenation = {german},
}
@incollection{lueroe12,
  author    = {Margreth Lünenborg and Jutta Röser},
  year      = {2012},
  title     = {Geschlecht und Macht in den Medien -- ein integratives Forschungsdesign},
  editor    = {Margreth Lünenborg and Jutta Röser},
  booktitle = {Ungleich mächtig},
  booksubtitle = {Das Gendering von Führungspersonen aus Politik, Wirtschaft und Wissenschaft in der Medienkommunikation},
  address   = {Bielefeld},
  publisher = {transcript Verlag},
  pages     = {7--35},
}
@article{maisch14,
  author    = {Axel Maireder and Stephan Schlögl},
  year      = {2014},
  title     = {24 Hours of an \#outcry},
  subtitle  = {The Networked Publics of a Socio-Political Debate},
  journal   = {European Journal of Communication},
  volume    = {29},
  number    = {6},
  pages     = {687--702},
  doi       = {10.1177/0267323114545710},
}
@article{mast18,
  author    = {Nina Mast},
  year      = {2018},
  title     = {Far-Right Activists and \enquote{Alt-Right} Trolls are Using the {\#MeToo} Movement to Bolster their Xenophobia},
  url       = {https://www.mediamatters.org/breitbart-news/far-right-activists-and-alt-right-trolls-are-using-metoo-movement-bolster-their?redirect_source=/blog/2018/02/05/far-right-activists-and-alt-right-trolls-are-using-metoo-movement-bolster-their-xenophobia/219260},
  urldate   = {2019-11-25},
}
@article{matthes12,
  author    = {Jörg Matthes},
  year      = {2012},
  title     = {Framing Politics},
  subtitle  = {An Integrative Approach},
  journal   = {American Behavioral Scientist},
  volume    = {56},
  number    = {3},
  pages     = {247--259},
  doi       = {10.1177/0002764211426324},
}
@book{mcculloch19,
  author    = {Gretchen McCullock},
  year      = {2019},
  title     = {Because Internet},
  subtitle  = {Understanding How Language is Changing},
  address   = {London},
  publisher = {Random House},
}
@article{menetal18,
  author    = {Kaitlynn Mendes and Jessica Ringrose and Jessalynn Keller},
  year      = {2018},
  title     = {\#{MeToo} and the Promise and Pitfalls of Challenging Rape Culture through Digital Feminist Activism},
  journal   = {European Journal of Women's Studies},
  volume    = {25},
  number    = {2},
  pages     = {236--246},
  doi       = {10.1177/1350506818765318},
}
@article{merpap13,
  author    = {Sharon Meraz and Zizi Papacharissi},
  year      = {2013},
  title     = {Networked Gatekeeping and Networked Framing on \#{Egypt}},
  journal   = {The International Journal of Press\slash Politics},
  volume    = {18},
  number    = {2},
  pages     = {138--166},
  doi       = {10.1177/1940161212474472},
}
@online{metoo,
  author    = {{me too.}},
  year      = {2018},
  title     = {You are not alone},
  url       = {https://metoomvmt.org},
  urldate   = {2019-11-25},
}
@online{mumford18,
  author    = {Gwilym Mumford},
  year      = {2018},
  title     = {Michael Haneke: {\#MeToo} has led to a witch hunt \enquote{coloured by a hatred of men}},
  url       = {https://www.theguardian.com/film/2018/feb/12/michael-haneke-metoo-witch-hunt-coloured-hatred-men},
  urldate   = {2019-11-25},
}
@online{oppenheim18,
  author    = {Maya Oppenheim},
  year      = {2018},
  title     = {International Women's Day},
  subtitle  = {Hundreds of Trains Cancelled as {Spanish} Women Walk out in First \enquote{Feminist Strike}},
  url       = {https://www.independent.co.uk/news/world/europe/international-womens-day-spain-feminist-strike-protests-work-walkout-discrimination-gender-pay-gap-a8245696.html},
  urldate   = {2019-11-25},
}
@article{orgben15,
  author    = {Shani Orgad and Sara de Benedictis},
  year      = {2015},
  title     = {The \enquote{Stay-at-Home} Mother, Postfeminism and Neoliberalism},
  subtitle  = {Content Analysis of {UK} News Coverage},
  journal   = {European Journal of Communication},
  volume    = {30},
  number    = {4},
  pages     = {418--436},
  doi       = {10.1177/0267323115586724},
}
@article{page12,
  author    = {Ruth Page},
  year      = {2012},
  title     = {The Linguistics of Self-Branding and Micro-Celebrity in Twitter},
  subtitle  = {The Role of Hashtags},
  journal   = {Discourse \& Communication},
  volume    = {6},
  number    = {2},
  pages     = {181--201},
  doi       = {10.1177/1750481312437441},
}
@article{pennington18,
  author    = {Rosemary Pennington},
  year      = {2018},
  title     = {Making Space in Social Media},
  subtitle  = {{\#MuslimWomensDay in Twitter}},
  journal   = {Journal of Communication Inquiry},
  volume    = {42},
  number    = {3},
  pages     = {199--217},
  doi       = {10.1177/0196859918768797},
}
@online{reid18,
  author    = {{Angus Reid Institute}},
  year      = {2018},
  title     = {{\#MeToo}},
  subtitle  = {Moment or Movement?},
  url       = {http://angusreid.org/me-too},
  urldate   = {2019-11-25},
}
@article{rentschler15,
  author    = {Carrie Rentschler},
  year      = {2015},
  title     = {\#{Safetytipsforladies}},
  subtitle  = {Feminist {Twitter} Takedowns of Victim Blaming},
  journal   = {Feminist Media Studies},
  volume    = {15},
  number    = {2},
  pages     = {353--356},
  doi       = {10.1080/14680777.2015.1008749},
}
@article{salazar18,
  author    = {Philippe-Joseph Salazar},
  year      = {2018},
  title     = {The {Alt}-{Right} as a Community of Discourse},
  journal   = {Javnost -- The Public},
  volume    = {25},
  number    = {1--2},
  pages     = {135--143},
  doi       = {10.1080/13183222.2018.1423947},
}
@book{schwin05,
  editor    = {Christina Schachtner and Gabriele Winter},
  year      = {2005},
  title     = {Virtuelle Räume -- neue Öffentlichkeiten},
  subtitle  = {Frauennetze im Internet},
  address   = {Frankfurt},
  publisher = {Campus Verlag},
  hyphenation = {german},
}
@article{scott15,
  author    = {Kate Scott},
  year      = {2015},
  title     = {The Pragmatics of Hashtags},
  subtitle  = {Inference and Conversational Style on {Twitter}},
  journal   = {Journal of Pragmatics},
  volume    = {81},
  pages     = {8--20},
  doi       = {10.1016/j.pragma.2015.03.015},
}
@online{senecal18,
  author    = {Lisa Senecal},
  year      = {2018},
  title     = {Is {\#MeToo} a Movement or a Moment?},
  url       = {https://www.thedailybeast.com/is-metoo-a-movement-or-a-moment},
  urldate   = {2019-11-25},
}
@article{sigona18,
  author    = {Nando Sigona},
  year      = {2018},
  title     = {The Contested Politics of Naming in {Europe}’s \enquote{Refugee Crisis}},
  journal   = {Ethnic and Racial Studies},
  volume    = {41},
  number    = {3},
  pages     = {456--460},
  doi       = {10.1080/01419870.2018.1388423},
}
@article{shirky11,
  author    = {Clay Shirky},
  year      = {2011},
  title     = {The Political Power of Social Media},
  subtitle  = {Technology, the Public Sphere, and Political Change},
  journal   = {Foreign Affairs},
  volume    = {90},
  number    = {1},
  pages     = {28--41},
}
@article{sorce18,
  author    = {Giuliana Sorce},
  year      = {2018},
  title     = {Sounding the Alarm for Right-Wing {\#MeToo}},
  subtitle  = {\enquote{120 Dezibel} in Germany},
  journal   = {Feminist Media Studies},
  volume    = {18},
  number    = {6},
  pages     = {1123--1126},
  doi       = {10.1080/14680777.2018.1532146},
}
@article{staetal19,
  author    = {Jesse C. Starkey and Amy Koerber and Miglena Sternadori and Bethany Pitchford},
  year      = {2019},
  title     = {{\#MeToo} Goes Global},
  subtitle  = {Media Framing of Silence Breakers in Four National Settings},
  journal   = {Journal of Communication Inquiry},
  volume    = {43},
  number    = {4},
  pages     = {437--461},
  doi       = {10.1177/0196859919865254},
}
@book{stewart10,
  author    = {Dominic Stewart},
  year      = {2010},
  title     = {Semantic Prosody},
  subtitle  = {A Critical Evaluation},
  address   = {London},
  publisher = {Routledge},
}
@online{svokos19,
  author    = {Alexandra Svokos},
  year      = {2019},
  title     = {Alleged {Dayton} Gunman {Connor} {Betts} Showed Signs of Misogyny, Mirroring a Grim Pattern for Shooters},
  url       = {https://abcnews.go.com/US/alleged-dayton-gunman-connor-betts-showed-signs-misogyny/story?id=64826324},
  urldate   = {2019-11-25},
}
@book{tognini01,
  author    = {Elena Tognini-Bonelli},
  year      = {2001},
  title     = {Corpus Linguistics at Work},
  address   = {Amsterdam},
  publisher = {John Benjamins},
}
@online{twitter19,
  author    = {Twitter},
  year      = {2019},
  title     = {About Verified Accounts},
  url       = {https://help.twitter.com/en/managing-your-account/about-twitter-verified-accounts},
  urldate   = {2019-11-25},
}
@online{valens18,
  author    = {Ana Valens},
  year      = {2018},
  title     = {Why Incels are Nothing to Laugh at},
  url       = {https://www.dailydot.com/irl/what-is-an-incel/},
  urldate   = {2019-11-25},
}
@article{vessey13,
  author    = {Rachelle Vessey},
  year      = {2013},
  title     = {Challenges in Cross-Linguistic Corpus-Assisted Discourse Studies},
  journal   = {Corpora},
  volume    = {13},
  number    = {1},
  pages     = {1--26},
  doi       = {10.3366/cor.2013.0032},
}
@article{vis13,
  author    = {Farida Vis},
  year      = {2013},
  title     = {Twitter as a Reporting Tool for Breaking News},
  subtitle  = {Journalists Tweeting the 2011 {UK} riots},
  journal   = {Digital Journalism},
  volume    = {1},
  number    = {1},
  pages     = {27--47},
  doi       = {10.1080/21670811.2012.741316},
}
@article{wettstein12,
  author    = {Martin Wettstein},
  year      = {2012},
  title     = {Frame Adoption in Referendum Campaigns},
  subtitle  = {The Effect of News Coverage on the Public Salience of Issue Interpretations},
  journal   = {American Behavioral Scientist},
  volume    = {56},
  number    = {3},
  pages     = {318--333},
  doi       = {10.1177/0002764211426328},
}
@article{wielens19,
  author    = {Alia Wielens},
  year      = {2019},
  title     = {{\enquote{Wo bleibt euer Aufschrei?} Rassistische Umdeutungen von \#aufschrei und \#metoo durch Identitäre Frauen}},
  journal   = {Femina Politica -- Zeitschrift für feministische Politikwissenschaft},
  volume    = {1},
  pages     = {111--120},
  doi       = {10.3224/feminapolitica.v28i1.10},
  hyphenation = {german},
}
@article{wikstrom14,
  author    = {Peter Wikström},
  year      = {2014},
  title     = {\#srynotfunny},
  subtitle  = {Communicative Functions of Hashtags on {Twitter}},
  journal   = {SKY Journal of Linguistics},
  volume    = {27},
  pages     = {127--152},
}
@article{williams15,
  author    = {Sherri Williams},
  year      = {2015},
  title     = {Digital Defense},
  subtitle  = {Black Feminists Resist Violence with Hashtag Activism},
  journal   = {Feminist Media Studies},
  volume    = {15},
  number    = {2},
  pages     = {341--344},
  doi       = {10.1080/14680777.2015.1008744},
}
@article{zappavigna11,
  author    = {Michele Zappavigna},
  year      = {2011},
  title     = {Ambient Affiliation},
  subtitle  = {A Linguistic Perspective on Twitter},
  journal   = {New Media Society},
  volume    = {13},
  number    = {5},
  pages     = {788--806},
}
@article{zappavigna15,
  author    = {Michele Zappavigna},
  year      = {2015},
  title     = {Searchable Talk},
  subtitle  = {The Linguistic Functions of Hashtags},
  journal   = {Social Semiotics},
  volume    = {25},
  number    = {3},
  pages     = {274--291},
  doi       = {10.1080/10350330.2014.996948},
}
@book{zappavigna18,
  author    = {Michele Zappavigna},
  year      = {2018},
  title     = {Searchable Talk},
  subtitle  = {Hashtags and Social Media Metadiscourse},
  address   = {London},
  publisher = {Bloomsbury},
}
@article{zardav18,
  author    = {Dubravka Zarkov and Kathy Davis},
  year      = {2018},
  title     = {Ambiguities and Dilemmas around {\#MeToo}},
  subtitle  = {{\#ForHowLong and \#WhereTo?}},
  journal   = {European Journal of Women's Studies},
  volume    = {25},
  number    = {1},
  pages     = {3--9},
  doi       = {10.1177/1350506817749436},
}
@incollection{zeng19,
  author    = {Jing Zeng},
  year      = {2019},
  title     = {You Say {\#MeToo}, I Say {\#MiTu}},
  editor    = {Bianca Fileborn and Rachel Loney-Howes},
  subtitle  = {China’s Online Campaigns Against Sexual Abuse},
  booktitle = {{\#MeToo} and the Politics of Social Change},
  address   = {London},
  publisher = {Palgrave Macmillan},
  pages     = {71--83},
}

% marco

@incollection{altenberg99,
  author    = {Bengt Altenberg},
  year      = {1999},
  title     = {Adverbial connectors in {English} and {Swedish}},
  subtitle  = {Semantic and lexical correspondences},
  editor    = {Hilde Hasselgård and Signe Oksefjell},
  booktitle = {Out of corpora},
  booksubtitle = {Studies in honour of {Stig} {Johansson}},
  pages     = {249--268},
  address   = {Amsterdam},
  publisher = {Rodopi},
}

@book{badia94,
  author    = {Antoni {Badia i Margarit}},
  year      = {1994},
  title     = {Gramàtica de la llengua catalana},
  subtitle  = {Descriptiva, normativa, diatòpica, diastràtica},
  address   = {Barcelona},
  publisher = {Enciclopèdia Catalana},
}

@article{caretal19,
  author    = {Michael Carl and Andrew Tonge and Isabel Lacruz},
  year      = {2019},
  title     = {A systems theory perspective on the translation process},
  journal   = {Translation, cognition and behavior},
  volume    = {2},
  number    = {2},
  pages     = {211--232},
}

@incollection{degroot92opmm,
  author    = {Annette M. B. {De Groot}},
  year      = {1992},
  title     = {Bilingual lexical representation},
  subtitle  = {A closer look at conceptual representations},
  editor    = {Ram Frost and Leonard Katz},
  booktitle = {Orthography, phonology, morphology, and meaning},
  pages     = {389--412},
  address   = {Amsterdam},
  publisher = {North Holland},
}

@article{degroot92ep,
  author    = {Annette M. B. {De Groot}},
  year      = {1992},
  title     = {Determinants of word translation},
  journal   = {Journal of experimental psychology: learning, memory, and cognition},
  volume    = {18},
  number    = {5},
  pages     = {1001--1018},
}

@incollection{dyvik02,
  author    = {Helge Dyvik},
  year      = {2002},
  title     = {Translations as semantic mirrors},
  subtitle  = {From parallel corpus to wordnet},
  editor    = {Karin Aijmer and Bengt Altenberg},
  booktitle = {Advances in Corpus Linguistics. Papers from the 23rd {International} {Conference} on {English} {Language} {Research} on {Computerized} {Corpora} ({ICAME} 23)},
  pages     = {311--326},
  address   = {Amsterdam},
  publisher = {Rodopi},
}

@incollection{gavlac02,
  author    = {Anna Gavarró and Brenda Laca},
  year      = {2002},
  title     = {Les perífrasis temporals, aspectuals i modals},
  editor    = {Joan Solà and Maria Rosa Lloret and Joan Mascaró and Manuel Pérez-Saldanya},
  booktitle = {Gramàtica del Català Contemporani},
  volume    = {3},
  pages     = {2663--2726},
  address   = {Barcelona},
  publisher = {Empúries},
}

@article{halverson03,
  author    = {Sandra Halverson},
  year      = {2003},
  title     = {The cognitive basis of translation universals},
  journal   = {Target},
  volume    = {15},
  number    = {2},
  pages     = {197--241},
}

@incollection{halverson10,
  author    = {Sandra Halverson},
  year      = {2010},
  title     = {Cognitive translation studies},
  subtitle  = {Developments in theory and method},
  editor    = {Gregory M. Shreve and Erik Angelone},
  booktitle = {Translation and cognition},
  pages     = {349--70},
  address   = {Amsterdam},
  publisher = {John Benjamins},
}

@incollection{halverson17,
  author    = {Sandra Halverson},
  year      = {2017},
  title     = {Developing a cognitive semantic model},
  subtitle  = {Magnetism, gravitational pull, and questions of data and method},
  editor    = {Gert de Sutter and Marie-Aude Lefer and Isabelle Delaere},
  booktitle = {Empirical translation studies},
  booksubtitle = {New methods and theoretical traditions},
  pages     = {9--45},
  address   = {Berlin},
  publisher = {Mouton de Gruyter},
}

@incollection{hareide17,
  author    = {Lidun Hareide},
  year      = {2017},
  title     = {Is there gravitational pull in translation? {A} corpus-based test of the {Gravitational} {Pull} {Hypothesis} on the language pairs {Norwegian}-{Spanish} and {English}-{Spanish}},
  editor    = {Meng Ji and Michael Oakes and Li Defeng and Lidun Hareide},
  booktitle = {Corpus methodologies explained},
  booksubtitle = {An empirical approach to translation studies},
  pages     = {188--231},
  address   = {London},
  publisher = {Routledge},
}

@incollection{lablab13,
  author    = {Cyril Labbé and Dominique Labbé},
  year      = {2013},
  title     = {La modalité verbale en français contemporain},
  subtitle  = {Les hommes politiques et les autres},
  editor    = {David Banks},
  booktitle = {La modalité, le mode et le texte spécialisé},
  pages     = {33--61},
  address   = {Paris},
  publisher = {L’Harmattan},
}

@book{langacker87,
  author    = {Ronald W. Langacker},
  year      = {1987},
  title     = {Foundations of cognitive grammar},
  volume    = {1: Theoretical prerequisites},
  address   = {Stanford},
  publisher = {Stanford University Press},
}

@book{langacker91,
  author    = {Ronald W. Langacker},
  year      = {1991},
  title     = {Foundations of Cognitive Grammar},
  volume    = {2: Descriptive Applications},
  address   = {Stanford},
  publisher = {Stanford University Press},
}

@article{lewis15,
  author    = {Diana Lewis},
  year      = {2015},
  title     = {A comparable-corpus based approach to the expression of obligation across {English} and {French}},
  journal   = {Nordic Journal of English Studies},
  volume    = {14},
  number    = {1},
  pages     = {152--173},
}

@incollection{malmkjaer08,
  author    = {Kirsten Malmkjær},
  year      = {2008},
  title     = {Norms and nature in translation studies},
  editor    = {Gunilla Anderman and Margaret Rogers},
  booktitle = {Incorporating corpora},
  booksubtitle = {The linguist and the translator},
  pages     = {49--59},
  address   = {Clevedon},
  publisher = {Multilingual Matters},
}

@incollection{payrato02,
  author    = {Lluís Payrató},
  year      = {2002},
  title     = {L’enunciació i la modalitat oracional},
  editor    = {Joan Solà and Maria Rosa Lloret and Joan Mascaró and Manuel Pérez-Saldanya},
  booktitle = {Gramàtica del català contemporani},
  volume    = {2},
  pages     = {1149--1220},
  address   = {Barcelona},
  publisher = {Empúries},
}

@book{raddir07,
  author    = {Günter Radden and René Dirven},
  year      = {2007},
  title     = {Cognitive {English} grammar},
  address   = {Amsterdam},
  publisher = {John Benjamins},
}

@article{rigau99,
  author    = {Gemma Rigau},
  year      = {1999},
  title     = {Los predicados impersonales relativos en las lenguas románicas},
  journal   = {Revista española de lingüística},
  volume    = {29},
  number    = {2},
  pages     = {317--355},
}

@article{rigau05,
  author    = {Gemma Rigau},
  year      = {2005},
  title     = {Estudi microsintàctic del verb \textit{caldre} en el català antic i en l'actual},
  journal   = {Caplletra},
  volume    = {38},
  pages     = {241--258},
}

@incollection{schmid10,
  author    = {Hans-Jörg Schmid},
  year      = {2010},
  title     = {Does frequency in text really instantiate entrenchment in the cognitive system?},
  editor    = {Dylan Glynn and Kerstin Fischer},
  booktitle = {Quantitative methods in cognitive semantics},
  booksubtitle = {Corpus-driven approaches},
  pages     = {101--133},
  address   = {Berlin},
  publisher = {Walter de Gruyter},
}

@article{tirkkonen02,
  author    = {Sonja Tirkkonen-Condit},
  year      = {2002},
  title     = {Translationese---a myth or an empirical fact?},
  journal   = {Target},
  volume    = {14},
  number    = {2},
  pages     = {207--220},
}

@incollection{tirkkonen04,
  author    = {Sonja Tirkkonen-Condit},
  year      = {2004},
  title     = {Unique items---over- or underrepresented in translated language?},
  editor    = {Anna Mauranen and Pekka Kujamäki},
  booktitle = {Translation universals},
  booksubtitle = {Do they exist?},
  pages     = {177--184},
  address   = {Amsterdam},
  publisher = {John Benjamins},
}

@book{vandevoorde20,
  author    = {Lore Vandevoorde},
  year      = {2020},
  title     = {Semantic differences in translation},
  subtitle  = {Exploring the field of inchoativity},
  address   = {Berlin},
  publisher = {Language Science Press},
}

% hoberg

@article{carl_towards_2009,
	title = {Towards statistical modelling of translators’ activity data},
	volume = {12},
	url = {http://link.springer.com/10.1007/s10772-009-9044-6},
	doi = {10.1007/s10772-009-9044-6},
	pages = {125--138},
	number = {4},
	journal = {International Journal of Speech Technology},
	author = {Carl, Michael and Jakobsen, Arnt Lykke},
	urldate = {2018-05-08},
	date = {2009-12},
}

@article{jakobsen_are_2016,
	title = {Are gaze shifts a key to a translator’s text segmentation?},
	volume = {52},
	url = {http://www.degruyter.com/view/j/psicl.2016.52.issue-2/psicl-2016-0015/psicl-2016-0015.xml},
	doi = {10.1515/psicl-2016-0015},
	number = {2},
	journal = {Poznan Studies in Contemporary Linguistics},
	author = {Jakobsen, Arnt Lykke},
	urldate = {2018-05-08},
	date = {2016-01-13}
}

@book{ramlow_maschinelle_2009,
	address ={Berlin},
	title = {Die maschinelle Simulierbarkeit des Humanübersetzens: Evaluation von Mensch-Maschine-Interaktion und der Translatqualität der Technik},
	isbn = {978-3-86596-260-7},
	series = {{TransÜD}},
	shorttitle = {Die maschinelle Simulierbarkeit des Humanübersetzens},
	number = {27},
	publisher = {Frank \& Timme},
	author = {Ramlow, Markus},
	year = {2009},
	note = {{OCLC}: 553597343},
}

@collection{fiser_investigating_2017,
	address ={Ljubljana},
	edition = {1},
	title = {Investigating computer-mediated communication: corpus-based approaches to language in the digital world},
	isbn = {978-961-237-950-6},
	url = {https://e-knjige.ff.uni-lj.si/},
	series = {Book series translation studies and applied Linguistics},
	publisher = {Ljubljana University Press},
	editor = {Fišer, Darja and Beißwenger, Michael},
	urldate = {2017-10-27},
	year = {2017}
}

@report{lommel_d3.1:_2015,
	address ={Saarbrücken},
	title = {D3.1: Harmonised Metric - Quality Translation 21},
	institution = {{DFKI} {GmbH}},
	author = {Lommel, Arle and Görög, Attila and Melby, Alan and Uszkoreit, Hans and Burchardt, Aljoscha and Popović, Maja},
	year = {2015}
}

@incollection{schaffner_preparing_2005,
	address ={Frankfurt am Main ; New York},
	title = {Preparing students of translation for the real world: needs, meethods, constraints},
	isbn = {978-0-8204-7663-6},
	series = {Studien zur romanischen Sprachwissenschaft und interkulturellen Kommunikation},
	pages = {237--248},
	number = {Bd. 19},
	booktitle = {On the relationships between translation theory and translation practice},
	publisher = {Peter Lang},
	editor = {Schäffner, Chrstina},
	year = {2005},
	note = {{OCLC}: ocm57670186},
}

@article{waibel_sprachbarrieren_2015,
	title = {Sprachbarrieren durchbrechen: Traum oder Wirklichkeit},
	volume = {122},
	pages = {101--123},
	number = {410},
	journal = {Nova Acta Leopoldina},
	author = {Waibel, Alexander},
	year = {2015}
}

@article{gerhards_kult_2011,
	title = {Der Kult der Minderheitensprachen},
	volume = {39},
	url = {http://link.springer.com/10.1007/s11578-011-0118-x},
	doi = {10.1007/s11578-011-0118-x},
	pages = {165--186},
	number = {2},
	journal = {Leviathan},
	author = {Gerhards, Jürgen},
	urldate = {2018-11-26},
	date = {2011-06},
}

@article{zhao_eye_2012,
	title = {Eye movements and attention: The role of pre-saccadic shifts of attention in perception, memory and the control of saccades},
	volume = {74},
	url = {http://linkinghub.elsevier.com/retrieve/pii/S0042698912001885},
	doi = {10.1016/j.visres.2012.06.017},
	shorttitle = {Eye movements and attention},
	pages = {40--60},
	journal = {Vision Research},
	author = {Zhao, Min and Gersch, Timothy M. and Schnitzer, Brian S. and Dosher, Barbara A. and Kowler, Eileen},
	urldate = {2018-08-28},
	date = {2012-12},
}

@article{lykke_jakobsen_eye_2008,
	title = {Eye Movement Behaviour Across Four Different Types of Reading Task},
	volume = {36},
	pages = {103--124},
	journal = {Copenhagen Studies in Language},
	author = {Lykke Jakobsen, Arnt and Jensen, Kristian Tangsgaard Hvelplund},
	year = {2008},
}

@book{duchowski_eye_2017,
	address ={Cham},
	title = {Eye Tracking Methodology},
	isbn = {978-3-319-57881-1},
	url = {http://link.springer.com/10.1007/978-3-319-57883-5},
	publisher = {Springer International Publishing},
	author = {Duchowski, Andrew T.},
	urldate = {2019-10-17},
	year = {2017},
	doi = {10.1007/978-3-319-57883-5}
}

@inproceedings{biedert_robust_2012,
	address ={Santa Barbara, California},
	title = {A robust realtime reading-skimming classifier},
	isbn = {978-1-4503-1221-9},
	url = {http://dl.acm.org/citation.cfm?doid=2168556.2168575},
	doi = {10.1145/2168556.2168575},
	eventtitle = {the Symposium},
	pages = {123},
	booktitle = {Proceedings of the Symposium on Eye Tracking Research and Applications - {ETRA} '12},
	publisher = {{ACM} Press},
	author = {Biedert, Ralf and Hees, Jörn and Dengel, Andreas and Buscher, Georg},
	urldate = {2019-07-09},
	year = {2012},
}

@incollection{jakobsen_chapter_2017,
	address ={Amsterdam},
	title = {Chapter 2. Four fundamental types of reading during translation},
	volume = {133},
	isbn = {978-90-272-5880-9},
	url = {https://benjamins.com/catalog/btl.133.02hve},
	pages = {56--78},
	booktitle = {Translation in Transition: Between cognition, computing and technology},
	publisher = {John Benjamins Publishing Company},
	author = {Hvelplund, Kristian Tangsgaard},
	editor = {Jakobsen, Arnt Lykke and Mesa-Lao, Bartolomé},
	urldate = {2019-02-14},
	date = {2017-09-29},
	year = {2017},
	doi = {10.1075/btl.133.02hve}
}

@book{beisswenger_empirische_2017,
	title = {{Empirische Erforschung internetbasierter Kommunikation}},
	isbn = {978-3-11-056778-6},
	author = {Beisswenger, Michael},
	year = {2017}
}

@incollection{storrer_sprachliche_2001,
	address ={Stuttgart},
	title = {Sprachliche Besonderheiten getippter Gespräche: Sprecherwechsel und sprachliches Zeigen in der Chat-Kommunikation},
	pages = {3--24},
	booktitle = {Chat-Kommunikation. Spache, Interaktion, Sozialität \& Identität in synchroner computervermittelter Kommunikation. Perspektiven auf ein interdisziplinäres Forschungsfeld.},
	publisher = {ibidem},
	author = {Storrer, Angelika},
	editor = {Beißwenger, Michael},
	year = {2001},
}

@incollection{fiser_whatsapp_2017,
	address ={Ljubljana},
	edition = {1},
	title = {{WhatsApp} with social media slang? Youth language use in Dutch written computer-mediated communication},
	isbn = {978-961-237-950-6},
	url = {https://e-knjige.ff.uni-lj.si/},
	series = {Book series translation studies and applied Linguistics},
	pages = {72--101},
	booktitle = {Investigating computer-mediated communication: corpus-based approaches to language in the digital world},
	publisher = {Ljubljana University Press},
	author = {Verheijen, Lieke},
	editor = {Fišer, Darja and Beißwenger, Michael},
	urldate = {2017-10-27},
	year = {2017}
}

@incollection{lobin_14._2018,
	address ={Berlin, Boston},
	title = {14. Internetbasierte Kommunikation und Korpuslinguistik: Repräsentation basaler Interaktionsformate in {TEI}},
	isbn = {978-3-11-053866-3},
	url = {http://www.degruyter.com/view/books/9783110538663/9783110538663-015/9783110538663-015.xml},
	shorttitle = {14. Internetbasierte Kommunikation und Korpuslinguistik},
	pages = {307--350},
	booktitle = {Digitale Infrastrukturen für die germanistische Forschung},
	publisher = {De Gruyter},
	author = {Beißwenger, Michael},
	editor = {Lobin, Henning and Schneider, Roman and Witt, Andreas},
	urldate = {2019-03-19},
	date = {2018-07-09},
	year = {2018},
	doi = {10.1515/9783110538663-015},
}

@book{beiswenger_sprachhandlungskoordination_2007,
	address ={Berlin},
	title = {Sprachhandlungskoordination in der Chat-Kommunikation},
	isbn = {978-3-11-020050-8},
	series = {Linguistik, Impulse \& Tendenzen},
	number = {26},
	publisher = {W. de Gruyter},
	author = {Beißwenger, Michael},
	year = {2007},
}

@collection{holmqvist_eye_2011,
	address ={Oxford ; New York},
	title = {Eye tracking: a comprehensive guide to methods and measures},
	isbn = {978-0-19-969708-3},
	shorttitle = {Eye tracking},
	publisher = {Oxford University Press},
	editor = {Holmqvist, Kenneth},
	year = {2011},
	note = {{OCLC}: ocn741340045},
}

@article{waibel_interactive_1996,
	title = {Interactive translation of conversational speech},
	volume = {29},
	url = {http://ieeexplore.ieee.org/document/511967/},
	doi = {10.1109/2.511967},
	pages = {41--48},
	number = {7},
	journal = {Computer},
	author = {Waibel, A.},
	urldate = {2019-02-24},
	date = {1996},
}

@incollection{jakobsen_reading_2017,
	address ={Amsterdam},
	title = {Reading for translation},
	volume = {133},
	isbn = {978-90-272-5880-9},
	url = {http://www.jbe-platform.com/content/books/9789027265371},
	series = {Benjamins Translation Library},
	pages = {17--53},
	booktitle = {Translation in Transition: Between cognition, computing and technology},
	publisher = {John Benjamins Publishing Company},
	author = {Schaeffer, Moritz and Paterson, Kevin B. and {McGowan}, Victoria A. and White, Sarah J. and Malmkjær, Kirsten},
	editor = {Jakobsen, Arnt Lykke and Mesa-Lao, Bartolomé},
	urldate = {2019-02-14},
	date = {2017-09-15},
	year = {2017},
	year = {2017},
	doi = {10.1075/btl.133},
}

@article{stivers_universals_2009,
	title = {Universals and cultural variation in turn-taking in conversation},
	volume = {106},
	url = {http://www.pnas.org/cgi/doi/10.1073/pnas.0903616106},
	doi = {10.1073/pnas.0903616106},
	pages = {10587--10592},
	number = {26},
	journal = {Proceedings of the National Academy of Sciences},
	author = {Stivers, T. and Enfield, N. J. and Brown, P. and Englert, C. and Hayashi, M. and Heinemann, T. and Hoymann, G. and Rossano, F. and de Ruiter, J. P. and Yoon, K.-E. and Levinson, S. C.},
	urldate = {2019-02-04},
	date = {2009-06-30},
	year = {2009},
}

@article{nij_bijvank_standardized_2018,
	title = {A standardized protocol for quantification of saccadic eye movements: {DEMoNS}},
	volume = {13},
	url = {http://dx.plos.org/10.1371/journal.pone.0200695},
	doi = {10.1371/journal.pone.0200695},
	shorttitle = {A standardized protocol for quantification of saccadic eye movements},
	pages = {e0200695},
	number = {7},
	journal = {{PLOS} {ONE}},
	shortjournal = {{PLoS} {ONE}},
	author = {Nij Bijvank, J. A. and Petzold, A. and Balk, L. J. and Tan, H. S. and Uitdehaag, B. M. J. and Theodorou, M. and van Rijn, L. J.},
	editor = {Anderson, Andrew},
	urldate = {2019-10-20},
	date = {2018-07-16},
	year = {2018},
	year = {2018},
}

@article{komogortsev_standardization_2010,
	title = {Standardization of automated analyses of oculomotor fixation and saccadic behaviors},
	volume = {57},
	url = {http://ieeexplore.ieee.org/xpls/abs_all.jsp?arnumber=5523936},
	pages = {2635--2645},
	number = {11},
	journal = {{IEEE} Transactions on Biomedical Engineering},
	author = {Komogortsev, Oleg V. and Gobert, Denise V. and Jayarathna, Sampath and Koh, Do Hyong and Gowda, Sandeep M.},
	urldate = {2016-06-30},
	year = {2010},
}

@article{foulsham_turning_2008,
	title = {Turning the world around: Patterns in saccade direction vary with picture orientation},
	pages = {1777--1790},
	number = {48},
	journal = {Vision Research},
	author = {Foulsham, T. and Kingstone, A. and Underwood, G. M.},
	year = {2008}
}

@article{eskenazi_regressions_2017,
	title = {Regressions during reading: The cost depends on the cause},
	volume = {24},
	url = {http://link.springer.com/10.3758/s13423-016-1200-9},
	doi = {10.3758/s13423-016-1200-9},
	shorttitle = {Regressions during reading},
	pages = {1211--1216},
	number = {4},
	journal = {Psychonomic Bulletin \& Review},
	shortjournal = {Psychon Bull Rev},
	author = {Eskenazi, Michael A. and Folk, Jocelyn R.},
	urldate = {2020-01-28},
	date = {2017-08},
}

@article{niehorster_what_2018,
	title = {What to expect from your remote eye-tracker when participants are unrestrained},
	volume = {50},
	url = {http://link.springer.com/10.3758/s13428-017-0863-0},
	doi = {10.3758/s13428-017-0863-0},
	pages = {213--227},
	number = {1},
	journal = {Behavior Research Methods},
	shortjournal = {Behav Res},
	author = {Niehorster, Diederick C. and Cornelissen, Tim H. W. and Holmqvist, Kenneth and Hooge, Ignace T. C. and Hessels, Roy S.},
	urldate = {2020-01-28},
	date = {2018-02},
}

@article{dowling_crowd-sourcing_2017,
	title = {A Crowd-sourcing Approach for Translations of Minority Language User-Generated Content ({UGC})},
	pages = {1--12},
	journal = {The Prague Bulletin of Mathematical Linguistics},
	author = {Dowling, Meghan and Lynn, Teresa and Way, Andy},
	urldate = {2020-01-30},
	date = {2017-06}
}

@book{bowker_machine_2019,
	address ={Bingley, {UK}},
	title = {Machine translation and global research: towards improved machine translation literacy in the scholarly community},
	isbn = {978-1-78756-722-1},
	shorttitle = {Machine translation and global research},
	publisher = {Emerald Publishing},
	author = {Bowker, Lynne and Ciro, Jairo Buitrago},
	year = {2019},
	note = {{OCLC}: on1075580986},
}

@book{r_development_core_team_r_2019,
	address ={Vienna, Austria},
	title = {R: A Language and Environment for Statistical Computing},
	url = {http://www.R-project.org},
	publisher = {R Foundation for Statistical Computing},
	author = {{R Development Core Team}},
	year = {2019}
}

@article{obrien_eye_2009,
	title = {Eye tracking in translation process research: methodological challenges and solutions},
	volume = {38},
	pages = {251--266},
	journal = {Methodology, technology and innovation in translation process research},
	author = {O'Brien, Sharon},
	year = {2009}
}

@incollection{huang_visual_2014,
	address ={New York, {NY}},
	title = {Visual Analysis of Eye Tracking Data},
	isbn = {978-1-4614-7484-5},
	url = {http://link.springer.com/10.1007/978-1-4614-7485-2_15},
	pages = {391--409},
	booktitle = {Handbook of Human Centric Visualization},
	publisher = {Springer New York},
	author = {Raschke, Michael and Blascheck, Tanja and Burch, Michael},
	editor = {Huang, Weidong},
	urldate = {2020-02-11},
	year = {2014},
	doi = {10.1007/978-1-4614-7485-2_15}
}

@article{balling_evidence_2014,
	title = {Evidence of Parallel Processing During Translation},
	volume = {59},
	url = {http://id.erudit.org/iderudit/1027474ar},
	doi = {10.7202/1027474ar},
	pages = {234--259},
	number = {2},
	journal = {Meta},
	shortjournal = {meta},
	author = {Balling, Laura Winther and Hvelplund, Kristian Tangsgaard and Sjørup, Annette C.},
	urldate = {2020-02-17},
	date = {2014-11-21},
	year = {2014},
	year = {2014},
}

@book{samuelsson-brown_managing_2006,
	address ={Clevedon, {UK} ; Buffalo, {NY}},
	title = {Managing translation services},
	isbn = {978-1-85359-914-9},
	series = {Topics in translation},
	number = {32},
	publisher = {Multilingual Matters},
	author = {Samuelsson-Brown, Geoffrey},
	year = {2006},
	note = {{OCLC}: ocm67383414},
}

@article{doherty_assessing_2014,
	title = {Assessing the {Usability} of {Raw} {Machine} {Translated} {Output}: {A} {User}-{Centered} {Study} {Using} {Eye} {Tracking}},
	volume = {30},
	shorttitle = {Assessing the {Usability} of {Raw} {Machine} {Translated} {Output}},
	doi = {10.1080/10447318.2013.802199},
	number = {1},
	journal = {International Journal of Human-Computer Interaction},
	author = {Doherty, Stephen and O'Brien, Sharon},
	month = {1},
	year = {2014},
	pages = {40--51},
}

@article{doherty_eye_2010,
	title = {Eye tracking as an {MT} evaluation technique},
	volume = {24},
	url = {http://link.springer.com/10.1007/s10590-010-9070-9},
	doi = {10.1007/s10590-010-9070-9},
	number = {1},
	urldate = {2020-07-22},
	journal = {Machine Translation},
	author = {Doherty, Stephen and O’Brien, Sharon and Carl, Michael},
	month = {3},
	year = {2010},
	pages = {1--13},
}

@misc{sr_research_ltd_eyelink_2019,
	address = {Mississauga, Ontario, Canada},
	title = {{EyeLink} {Data} {Viewer}},
	publisher = {SR Research Ltd.},
	author = {{SR Research Ltd.}},
	year = {2019}
}

@article{rayner_eye_1998,
	title = {Eye movements in reading and information processing: 20 years of research.},
	volume = {124},
	shorttitle = {Eye movements in reading and information processing},
	doi = {10.1037/0033-2909.124.3.372},
	number = {3},
	journal = {Psychological Bulletin},
	author = {Rayner, Keith},
	year = {1998},
	pages = {372--422},
}

@article{rayner_eye_2009,
	title = {Eye movements and attention in reading, scene perception, and visual search},
	volume = {62},
	shorttitle = {The 35th {Sir} {Frederick} {Bartlett} {Lecture}},
	doi = {10.1080/17470210902816461},
	number = {8},
	urldate = {2020-08-19},
	journal = {Quarterly Journal of Experimental Psychology},
	author = {Rayner, Keith},
	month = {8},
	year = {2009},
	note = {The 35th Sir Frederick Bartlett Lecture:},
	pages = {1457--1506}
}

@article{han_machine_2018,
	title = {Machine {Translation} {Evaluation} {Resources} and {Methods}: {A} {Survey}},
	shorttitle = {Machine {Translation} {Evaluation} {Resources} and {Methods}},
	url = {http://arxiv.org/abs/1605.04515},
	urldate = {2020-09-02},
	journal = {arXiv:1605.04515 [cs]},
	author = {Han, Lifeng},
	month = {9},
	year = {2018},
	note = {arXiv: 1605.04515},
}

@incollection{bergstrom_chapter_2014,
	address ={Amsterdam ; Boston},
	title = {Chapter 7 - Web Content},
	isbn = {978-0-12-408138-3},
	url = {https://ebookcentral.proquest.com/lib/leip/detail.action?docID=1651794#goto_toc},
	pages = {163--186},
	booktitle = {Eye tracking in user experience design},
	publisher = {Elsevier},
	author = {Everdell, Ian},
	editor = {Bergstrom, Jennifer Romano and Schall, Andrew Jonathan},
	year = {2014},
}

@article{goettker_execution_2018,
	title = {Execution of saccadic eye movements affects speed perception},
	volume = {115},
	url = {http://www.pnas.org/lookup/doi/10.1073/pnas.1704799115},
	doi = {10.1073/pnas.1704799115},
	pages = {2240--2245},
	number = {9},
	journal = {Proceedings of the National Academy of Sciences},
	shortjournal = {Proc Natl Acad Sci {USA}},
	author = {Goettker, Alexander and Braun, Doris I. and Schütz, Alexander C. and Gegenfurtner, Karl R.},
	urldate = {2020-03-16},
	date = {2018-02-27},
	year = {2018},
}

@article{jacobson_saccadic_1979,
	title = {Saccadic eye movements during reading},
	volume = {8},
	doi = {10.1016/0093-934X(79)90058-0},
	pages = {303--314},
	number = {3},
	journal = {Brain and Language},
	shortjournal = {Brain and Language},
	author = {Jacobson, J. Zachary and Dodwell, P. C.},
	year = {1979},
}

@article{leube_sampling_2017,
	title = {Sampling rate influences saccade detection in mobile eye tracking of a reading task},
	author = {Leube, Alexander and Rifai, Katharina and Wahl, Siegfried},
	year = {2017},
}

@book{carpenter_movements_1988,
	address ={London,  England},
	title = {Movements of the eyes},
	edition = {2nd rev. \& enlarged ed.},
	publisher = {Pion Limited},
	author = {Carpenter, R. H. S.},
	year = {1988},
}

@article{gangl_lexical_2018,
	title = {Lexical Reading in Dysfluent Readers of German},
	volume = {22},
	doi = {10.1080/10888438.2017.1339709},
	pages = {24--40},
	number = {1},
	journal = {Scientific Studies of Reading},
	shortjournal = {Scientific Studies of Reading},
	author = {Gangl, Melanie and Moll, Kristina and Jones, Manon W. and Banfi, Chiara and Schulte-Körne, Gerd and Landerl, Karin},
	date = {2018-01-02},
	year = {2018},
}

@article{nikolova_binocular_2018,
	title = {Binocular advantages for parafoveal processing in reading},
	volume = {145},
	url = {https://linkinghub.elsevier.com/retrieve/pii/S0042698918300233},
	doi = {10.1016/j.visres.2018.02.005},
	pages = {56--63},
	journal = {Vision Research},
	shortjournal = {Vision Research},
	author = {Nikolova, Mirela and Jainta, Stephanie and Blythe, Hazel I. and Liversedge, Simon P.},
	urldate = {2020-04-30},
	year = {2018},
}

@article{vardaro_translation_2019,
	title = {Translation quality and error recognition in professional neural machine translation post-editing},
	volume = {6},
	url = {https://www.mdpi.com/2227-9709/6/3/41},
	doi = {10.3390/informatics6030041},
	number = {3},
	urldate = {2020-03-20},
	journal = {Informatics},
	author = {Vardaro, Jennifer and Schaeffer, Moritz and Hansen-Schirra, Silvia},
	month = {9},
	year = {2019},
	pages = {41}
}

% lapshinova

@ARTICLE{kunilovskaya2018,
volume = {10},
issue = {1},
year = {2018},
title = {Learner vs. professional translations into {R}ussian: {L}exical profiles},
author = {Maria Kunilovskaya and Natalia Morgoun and Alexey Pariy},
journal = {Translation \& Interpreting}
}

@book{Halliday1976,
author = {Halliday, MAK and Hasan, Ruqaiya},
title = {{Cohesion in English}},
year = {1976},
publisher = {Equinox}
}

@book{biber1999longman,
author = {Biber, Douglas and Conrad, Susan and Finegan, Edward and Johansson, Stig and Leech, Geoffrey and Conrad, Susan and Finegan, Edward and Quirk, Randolph},
isbn = {9780582237254},
publisher = {MIT Press},
title = {{Longman grammar of spoken and written English}},
volume = {2},
year = {1999}
}

@article{Chesterman2004,
author = {Chesterman, Andrew},
doi = {10.1075/btl.50.02che},
isbn = {1-588-11509-7},
journal = {Claims, Changes and Challenges in Translation Studies},
pages = {1--14},
title = {{Hypotheses about translation universals}},
year = {2004}
}

@inproceedings{Koppel2011,
author = {Koppel, Moshe and Ordan, Noam},
booktitle = {Proceedings of the 49th Annual Meeting of the Association for Computational Linguistics: Human Language Technologies, Vol.1},
pages = {1318--1326},
publisher = {Association for Computational Linguistics},
title = {{Translationese and Its Dialects}},
year = {2011}
}

@article{Rabinovich2017,
author = {Rabinovich, Ella and Ordan, Noam and Wintner, Shuly},
journal = {Acl-2017},
pages = {530--540},
title = {{Found in Translation: Reconstructing Phylogenetic Language Trees from Translations}},
year = {2017}
}

@phdthesis{Ilisei2012,
author = {Ilisei, Iustina},
mendeley-tags = {ml},
school = {University of Wolverhampton},
title = {{A machine learning approach to the identification of translational language: an inquiry into translationese}},
type = {Doctoral thesis},
year = {2012}
}

@article{Sutter2017,
  title={Towards a corpus-based, statistical approach to translation quality: Measuring and visualizing linguistic deviance in student translations},
  author={De Sutter, Gert and Cappelle, Bert and De Clercq, Orphée and Loock, Rudy and Plevoets, Koen},
  journal={Linguistica Antverpiensia, New Series--Themes in Translation Studies},
  volume={16},
  year={2017}
}

@INPROCEEDINGS{OzdowskaWay2009,
author = {Ozdowska, Sylwia and Way, Andy},
year = {2009},
title = {Optimal bilingual data for French-English {PB-SMT}},
booktitle = {Proceedings of EAMT},
pages = {96–103}
}

@BOOK{Teich2003,
author = {Teich, Elke},
year = {2003},
title = {Cross-Linguistic Variation in System and Text. A Methodology for the Investigation of Translations and Comparable Texts},
publisher = {Mouton de Gruyter},
address = {Berlin}
}


@INPROCEEDINGS{Kurokawa2009,
  author = {Kurokawa, David and Goutte, Cyril and Isabelle, Pierre},
  title = {Automatic Detection of Translated Text and its Impact on Machine Translation},
  booktitle = {Proceedings of MT Summit},
 year = {2009}
}

@article{baroni2006mltranslationese,
author = {Baroni, Marco and Bernardini, Silvia},
doi = {10.1093/llc/fqi039},
journal = {Literary and Linguistic Computing},
number = {3},
pages = {259--274},
title = {{A new approach to the study of translationese: Machine-learning the difference between original and translated text}},
volume = {21},
year = {2006}
}


@INCOLLECTION{Gellerstam1986,
  author = {Gellerstam, Martin},
  title = {{T}ranslationese in {S}wedish novels translated from {E}nglish},
  editor = {Wollin, L. and Lindquist, H.},
  booktitle = {Translation Studies in Scandinavia},
  publisher = {CWK Gleerup},
  address = {Lund},
  year = {1986},
  pages = {88--95}
}

@BOOK{Croco2012,
  author = {Hansen-Schirra, Silvia and Neumann, Stella and Steiner, Erich},
 title = {Cross-linguistic {C}orpora for the {S}tudy of {T}ranslations. {I}nsights from the {L}anguage {P}air {E}nglish-German},
  publisher = {de {G}ruyter},
  year = {2012},
  address = {Berlin, {N}ew {Y}ork}
}

@inproceedings{CorpasPastorEtAl2008,
author = {Corpas Pastor, Gloria and Mitkov, Ruslan and Afzal, Naveed and Garcia-Moya, Lisette},
year = {2008},
title = {Translation universals: do they
exist? A corpus-based and NLP approach to convergence},
booktitle = {Proceedings of the LREC-2008
Workshop on Building and Using Comparable Corpora},
pages = {1--7},
addres = {Marrakech, Morocco}
}

@inproceedings{IliseiEtAl2010,
author = {Ilisei, Iustina and Inkpen, Diana and Corpas Pastor, Gloria and Mitkov, Ruslan},
year = {2010},
title = {Identification of Translationese: a
supervised learning approach},
editor = {A. Gelbukh},
booktitle = {Proceedings of CICLing-2010},
series = {LNCS},
volume = {6008},
pages = {503--511},
address = {Springer, Heidelberg}
}

@INPROCEEDINGS{RubinoEtAl2016,
	author = {Rubino, Raphael and Lapshinova-Koltunski, Ekaterina and Josef van Genabith},
	year = {2016},
	title = {Information Density and Quality Estimation Features as Translationese Indicators for Human Translation Classification},
	booktitle= {Proceedings of NAACL HT 2006},
	address = {San Diego, California},
        month = {June 12-17},
       pages = {960--970}
}

@incollection{diwersy14,
  title={A weakly supervised multivariate approach to the study of language variation},
  author={Diwersy, Sascha and Evert, Stefan and Neumann, Stella},
  booktitle={Aggregating dialectology, typology, and register analysis. linguistic variation in text and speech},
   editors={Szmrecsanyi, Benedikt and Wälchli, Bernhard},
  address={Berlin},
  publisher={Walter de Gruyter},
 pages={174--204},
  year=2014
}

@inproceedings{Lapshinova-Koltunski2013,
author = {Lapshinova-Koltunski, Ekaterina},
booktitle = {Acl 2013},
pages = {77--86},
title = {{VARTRA: A Comparable Corpus for Analysis of Translation Variation}},
url = {http://scholar.google.com/scholar?hl=en&btnG=Search&q=intitle:VARTRA+:+A+Comparable+Corpus+for+Analysis+of+Translation+Variation#0},
year = {2013}
}


@book{Toury1995,
author = {Toury, Gideon},
publisher = {John Benjamins Publishing Company},
title = {Descriptive Translation Studies -- and Beyond},
year = {1995}
}

@article{EvertNeumann2017,
author = {Evert, Stefan and Neumann, Stella},
journal = {Empirical Translation Studies: New Methodological and Theoretical Traditions},
pages = {47},
publisher = {Walter de Gruyter GmbH {\&} Co KG},
title = {{The impact of translation direction on characteristics of translated texts : A multivariate analysis for English and German}},
volume = {300},
year = {2017}
}

@book{neumann2013contrastive,
address = {Berlin, Boston},
author = {Neumann, Stella},
publisher = {Mouton de Gruyter},
title = {{Contrastive register variation. A quantitative approach to the comparison of English and German.}},
year = {2013}
}

@book{Biber1988,
	address = {Cambridge},
	author = {Biber, Douglas},
	edition = {2},
	publisher = {Cambridge University Press},
	title = {{Variation across speech and writing}},
	year = {1988}
}

@book{Biber1995,
  title={Dimensions of Register Variation: A Cross-Linguistic Comparison},
  author={Biber, Douglas},
  isbn={9780521473316},
  lccn={lc94017041},
  year={1995},
  publisher={Cambridge University Press}
}

@ARTICLE{Baker1995,
  author = {Baker, Mona},
  title = {Corpora in translation studies: An overview and some suggestions
	for future research},
  journal = {Target},
  year = {1995},
  volume = {7},
  pages = {223--243},
  number = {2},
  date-added = {2010-03-09 11:19:11 +0100},
  date-modified = {2010-03-09 11:19:11 +0100}
}

@INCOLLECTION{Baker1993,
  author = {Baker, Mona},
  title = {Corpus Linguistics and Translation Studies: Implications and Applications},
  booktitle = {Text and Technology: in Honour of {J}ohn {S}inclair},
  publisher = {Benjamins},
  year = {1993},
  editor = {Baker M., G. Francis and Tognini-Bonelli, E.},
  pages = {233--250},
  address = {Amsterdam}
}

@InProceedings{Kruger2018,
author = {Haidee Kruger},
title = {Expanding the third code: Corpus-based studies of constrained communication and language mediation},
booktitle = {Proceedings of the Conference `Using Corpora in Contrastive and Translation Studies'},
edition = {5},
year = {2018}
}

@INCOLLECTION{Lapshinova2017Sle,
  author = {Lapshinova-Koltunski, Ekaterina},
  title = {Exploratory Analysis of Dimensions Influencing Variation in Translation: The case of text register and translation method},
  booktitle = {Empirical Translation Studies: New Methodological and Theoretical Traditions},
  publisher = {Mouton de Gruyter},
  year = {2017},
  series = {TILSM series},
  editor = {De Sutter, Gert and Lefer, Marie-Aude and Delaere, Isabelle},
  volume = {300},
  note = {TILSM series},
  pages = {207--234}
}

@ARTICLE{ShlesingerOrdan2012,
title = {More spoken or more translated?: Exploring a known unknown of simultaneous interpreting},
year = {2012},
journal = {Target},
volume = {24},
issue = {1},
author = {Miriam Shlesinger and Noam Ordan}
}

@InProceedings{HeEtAl2016,
  author = 	{He, He
		and Boyd-Graber, Jordan
		and Daumé III, Hal},
  title = 	{Interpretese vs. Translationese: The Uniqueness of Human Strategies in      Simultaneous Interpretation    },
  booktitle = 	{Proceedings of the 2016 Conference of the North American Chapter of the      Association for Computational Linguistics: Human Language Technologies    },
  year = 	{2016},
  publisher = 	{Association for Computational Linguistics},
  pages = 	{971--976},
  address =	{San Diego, California},
  doi = 	{10.18653/v1/N16-1111},
  url = 	{http://www.aclweb.org/anthology/N16-1111}
}

@Phdthesis{KajzerWietrzny2012,
author = {Kajzer-Wietrzny, Marta},
year = {2012},
title = {Interpreting universals and interpreting style},
note = {Unpublished PhD thesis},
school = {Uniwersytet im. Adama Mickiewicza},
address = {Poznan, Poland}
}

@INCOLLECTION{DefrancqEtAl2015,
author = {Defrancq, B. and Plevoets, K. and Magnifico, C.},
year = {2015},
title = {Connective Items in Interpreting and Translation: Where Do They Come From?},
editor = {J. Romero-Trillo},
booktitle = {Yearbook of Corpus Linguistics and Pragmatics},
address = {New York},
publisher = {Springer International Publishing},
pages = {195--222}
}

@ARTICLE{BernardiniEtAl2016,
author = {Bernardini, S. and Ferraresi, A. and Miličević, M.},
year = {2016},
title = {From EPIC to EPTIC—Exploring simplification in interpreting and translation from
an intermodal perspective},
journal = {Target},
volume = {28},
issue = {1},
pages = {61--86}
}

@ARTICLE{Dayter2018,
author = {Dayter, Daria},
note = {To appear},
year = {2018},
title = {Describing lexical patterns in simultaneously interpreted discourse in a parallel aligned corpus of Russian-English interpreting (SIREN)},
journal = {FORUM}
}

@ARTICLE{BernardiniFerraresi2011,
author = {Bernardini, S. and Ferraresi, A.},
year = {2011},
title = {Practice, description and theory come together: Normaliza-
tion or interference in Italian technical translation?},
journal = {Meta},
volume = {56},
issue = {2},
pages = {226--246}
}

@BOOK{Halliday2004,
  title = {An Introduction to Functional Grammar},
  publisher = {Arnold},
  year = {2004},
  author = {Halliday, M.A.K.},
  address = {London},
  date-added = {2008-02-15 17:00:22 +0100},
  date-modified = {2008-02-15 17:00:22 +0100},
  owner = {Monica Holtz},
  timestamp = {2007.05.01}
}


@BOOK{HallidayMatthiessen2014,
  title={Halliday's Introduction to Functional Grammar},
  author={Halliday, M.A.K. and Matthiessen, C.M.I.M.},
  year={2014},
  edition= {4},
  publisher={Routledge}
}
@INCOLLECTION{FerraresiMilicevic2017,
author = {Ferraresi, A. and Miličević, M.},
year = {2017},
title = {Phraseological patterns in interpreting and translation. Similar or different?},
editor = {De Sutter, G. and Lefer, M.-A. and Delaere, I.},
booktitle = {Empirical Translation Studies. New Methodological and Theoretical Traditions},
series = {Trends in Linguistics. Studies and Monographs [TiLSM]},
volume = {300},
year = {2017},
publisher = {Mouton de Gruyter},
pages = {157--182}
}

@INPROCEEDINGS{BizzoniTeich2019,
author = {Bizzoni, Yuri and Teich, Elke},
title = {Analyzing variation in translation through neural semantic spaces},
booktitle = {Proceedings of the  12th Workshop on {B}uilding and {U}sing {C}omparable {C}orpora ({B}{U}{C}{C}) at {R}{A}{N}{L}{P}-2019},
publisher = {ACL},
address= {Varna, Bulgaria},
year = {2019}
}

@article{Volansky2015features,
author = {Volansky, Vered and Ordan, Noam and Wintner, Shuly},
doi = {10.1093/llc/fqt031},
journal = {Digital Scholarship in the Humanities},
number = {1},
pages = {98--118},
title = {{On the features of translationese}},
volume = {30},
year = {2015}
}

@BOOK{WittenEtAl2011,
  title = {Data Mining: Practical Machine Learning Tools and Techniques: Practical
	Machine Learning Tools and Techniques},
  publisher = {Elsevier Science},
  year = {2011},
  author = {Witten, Ian H. and Frank, Eibe and Hall, Mark A.},
  series = {The Morgan Kaufmann Series in Data Management Systems},
  isbn = {9780080890364},
  timestamp = {2013.03.10},
}

@MISC{FrankEtAl2016,
author = {Eibe Frank and Mark A. Hall and Ian H. Witten},
year = {2016},
title = {The WEKA Workbench},
note = {Online Appendix for Data Mining: Practical Machine Learning Tools and Techniques},
 publisher = {Elsevier Science},
series = {The Morgan Kaufmann Series in Data Management Systems},
edition = {4}
}

  
@BOOK{Baayen2008,
  title = {Analyzing Linguistic Data. A Practical Introduction to Statistics
	Using R},
  publisher = {Cambridge University Press},
  year = {2008},
  author = {Baayen, R. Harald},
  owner = {Admin},
  timestamp = {2012.02.14}
}

@BOOK{VapnikChervonenkis1974,
  title={Theory of pattern recognition},
  author={Vapnik, Vladimir N and Chervonenkis, A Ja},
  year={1974},
  publisher={Nauka}
}

@ARTICLE{OlohanBaker2000,
author = {Olohan, M. and Baker, M.},
year = {2000},
title = {Reporting that in translated English: Evidence for subconscious
processes of explicitation?},
journal = {Across Languages and Cultures},
volume = {1},
issue = {2},
pages = {141--158}
}

@ARTICLE{Oeveras1998,
author = {Øverås, L.},
year = {1998},
title = {In search of the third code. An investigation of norms in literary translation},
journal = {Meta},
volume = {43},
issue = {4},
pages = {557--570}
}

@PHDTHESIS{Scott1998,
author = {Scott, N.},
year = {1998},
title = {Normalisation and readers' expectations: A study of literary translation with
reference to Lispector's A Hora Da Estrela},
address = {Liverpool},
school = {University of Liverpool},
note = {doctoral
dissertation}
}

@BOOK{Laviosa2002,
  author = {Sara Laviosa},
  title = {Corpus-based Translation Studies, Theory, Findings, Application},
  year = {2002},
  publisher = {Rodopi},
  address = {Amsterdam}
}

@inproceedings{KunilovskayaLapshinova2019,
    title = {Translationese Features as Indicators of Quality in {E}nglish-{R}ussian Human Translation},
    author = {Kunilovskaya, Maria  and
      Lapshinova-Koltunski, Ekaterina},
    booktitle = {Proceedings of the Human-Informed Translation and Interpreting Technology Workshop (HiT-IT 2019)},
    month = {9},
    year = {2019},
    address = {Varna, Bulgaria},
    publisher = {Incoma Ltd., Shoumen, Bulgaria},
    url = {https://www.aclweb.org/anthology/W19-8706},
    pages = {47--56},
}

@inproceedings{KunilovskayaLapshinova2020,
    title = {Lexicogrammatic translationese across two targets and competence levels},
    author = {Kunilovskaya, Maria  and
      Lapshinova-Koltunski, Ekaterina},
    booktitle = {Proceedings of LREC-2020},
    month = May,
    year = {2020},
    address = {Marseille, France}
}

@INCOLLECTION{SleGecco,
  author = {Kunz, Kerstin and Degaetano-Ortlieb, Stefania and Lapshinova-Koltunski, Ekaterina and Menzel, Katrin and Steiner, Erich},
  title = {GECCo -- an empirically-based comparison of English-German cohesion},
  booktitle = {Empirical Translation Studies: New Methodological and Theoretical Traditions},
  publisher = {Mouton de Gruyter},
  editor = {De Sutter, Gert and Lefer, Marie-Aude and Delaere, Isabelle},
  note = {TILSM series},
  volume = {300},
  series = {TILSM series},
  year = {2017},
  pages = {265--312}
}

@INCOLLECTION{Lapshinova2019TT3,
author = {Lapshinova-Koltunski, Ekaterina},
title = {Exploring Linguistic Differences between Novice and Professional Translators with Text Classification Methods},
booktitle = {New Empirical Perspectives on Translation and Interpreting},
series = {Routledge Advances in Translation and Interpreting Studies},
publisher = {Routledge},
editor = {Lore Vandevoorde and Joke Daems and Bart Defrancq},
year = {2019},
pages = {215--239}
}


@INCOLLECTION{LapshinovaMartinez2017,
	author = {Lapshinova-Koltunski, Ekaterina and  Mart{\'i}nez Mart{\'i}nez, José Manuel},
	title = {Statistical Insights into Cohesion: Contrasting English and German across Modes},
	booktitle = {Contrasting English and Other Languages},
	publisher = {Cambridge Scholars Publishing},
        address = {Newcastle upon Tyne},
	year = {2017},
	editor = {Markéta Janebová and Ekaterina Lapshinova-Koltunski and Michaela Martinková},
        pages = {130-163}
}

@INPROCEEDINGS{EvertHardie2011,
author = {Evert, Stefan and Hardie, Andrew},
year = {2011},
title = {Twenty-first century Corpus Workbench: Updating a query architecture for the new millennium},
booktitle = {Proceedings of the Corpus Linguistics 2011 conference},
publisher = {University of Birmingham},
address = {Birmingham, UK}
}

@TECHREPORT{CQP,
author = {Stefan Evert and The CWB Development Team},
title = {CQP Query Language Tutorial},
publisher = {The IMS Open Corpus Workbench (CWB)},
version = {Version 3.4.15},
year = {2019}
}

@PHDTHESIS{Hall1998,
author = {Hall, Mark A.},
year = {1998},
title = {Correlation-Based Feature Subset Selection for
Machine Learning},
school = {University of Waikato}
}

@ARTICLE{Joachims1998,
  author = {Joachims, Thorsten},
  title = {Text Categorization with Support Vector Machines: Learning with Many
	Relevant Features},
  journal = {Machine Learning: ECML-98},
  year = {1998},
  pages = {137--142},
  publisher = {Springer},
  timestamp = {2013.02.22}
}


@inproceedings{KarakantaEtAl2018,
title = {EuroParl-UdS: Preserving and Extending Metadata in Parliamentary Debates},
author = {Alina Karakanta and Mihaela Vela and Elke Teich},
url = {http://lrec-conf.org/workshops/lrec2018/W2/pdf/10_W2.pdf},
year = {2018},
booktitle = {ParlaCLARIN workshop, 11th Language Resources and Evaluation Conference (LREC2018)},
address = {Miyazaki, Japan},
pubstate = {published},
tppubtype = {inproceedings}
}

@inproceedings{KarakantaEtAl2019,
title = {Detecting linguistic variation in translated vs. interpreted texts using relative entropy},
author = {Alina Karakanta and Katrin Menzel and Heike Przybyl and Elke Teich},
year = {2019},
date = {2019-05-05},
booktitle = {Empirical Investigations in the Forms of Mediated Discourse at the European Parliament, Thematic Session at the 49th Poznan Linguistic Meeting (PLM2019), Poznan},
}

@inproceedings{StrakaStrakova2017,
author = {Straka, Milan and Strakov{\'{a}}, Jana},
booktitle = {Proceedings of the CoNLL 2017 Shared Task: Multilingual Parsing from Raw Text to Universal Dependencies},
pages = {88--99},
title = {Tokenizing, {POS} Tagging, Lemmatizing and Parsing {UD 2.0} with {UDPipe}},
url = {http://www.aclweb.org/anthology/K17-3009},
year = {2017}
}

@TECHREPORT{NivreEtAl2017,
 title = {Universal Dependencies 2.0},
 author = {Nivre, Joakim and Agić, {\v Z}eljko and Ahrenberg, Lars and Aranzabe, Maria Jesus and Asahara, Masayuki and Atutxa, Aitziber and Ballesteros, Miguel and Bauer, John and Bengoetxea, Kepa and Bhat, Riyaz Ahmad and Bick, Eckhard and Bosco, Cristina and Bouma, Gosse and Bowman, Sam and Candito, Marie and Cebiro{\u g}lu Eryi{\u g}it, Gül{\c s}en and Celano, Giuseppe G. A. and Chalub, Fabricio and Choi, Jinho and {\c C}öltekin, {\c C}a{\u g}r{\i} and Connor, Miriam and Davidson, Elizabeth and de Marneffe, Marie-Catherine and de Paiva, Valeria and Diaz de Ilarraza, Arantza and Dobrovoljc, Kaja and Dozat, Timothy and Droganova, Kira and Dwivedi, Puneet and Eli, Marhaba and Erjavec, Toma{\v z} and Farkas, Richárd and Foster, Jennifer and Freitas, Cláudia and Gajdošová, Katarína and Galbraith, Daniel and Garcia, Marcos and Ginter, Filip and Goenaga, Iakes and Gojenola, Koldo and Gök{\i}rmak, Memduh and Goldberg, Yoav and Gómez Guinovart, Xavier and Gonzáles Saavedra, Berta and Grioni,
 Matias and Gr{\=u}z{\={\i}}tis, Normunds and Guillaume, Bruno and Habash, Nizar and Haji{\v c}, Jan and Hà M{\~y}, Linh and Haug, Dag and Hladká, Barbora and Hohle, Petter and Ion, Radu and Irimia, Elena and Johannsen, Anders and J{\o}rgensen, Fredrik and Ka{\c s}{\i}kara, Hüner and Kanayama, Hiroshi and Kanerva, Jenna and Kotsyba, Natalia and Krek, Simon and Laippala, Veronika and Lê H{\`{\^o}}ng, Phương and Lenci, Alessandro and Ljubešić, Nikola and Lyashevskaya, Olga and Lynn, Teresa and Makazhanov, Aibek and Manning, Christopher and M{\u a}r{\u a}nduc, C{\u a}t{\u a}lina and Mare{\v c}ek, David and Martínez Alonso, Héctor and Martins, André and Mašek, Jan and Matsumoto, Yuji and {McDonald}, Ryan and Missilä, Anna and Mititelu, Verginica and Miyao, Yusuke and Montemagni, Simonetta and More, Amir and Mori, Shunsuke and Moskalevskyi, Bohdan and Muischnek, Kadri and Mustafina, Nina and Müürisep, Kaili and Nguy{\~ê}n Th{\d i}, Lương and Nguy{\~ê}n Th{\d i} Minh, Huy{\`ê}n and Nikolaev, Vitaly and Nurmi, Hanna and Ojala, Stina and Osenova, Petya and {\O}vrelid, Lilja and Pascual, Elena and Passarotti, Marco and Perez, Cenel-Augusto and Perrier, Guy and Petrov, Slav and Piitulainen, Jussi and Plank, Barbara and Popel, Martin and Pretkalni{\c n}a, Lauma and Prokopidis, Prokopis and Puolakainen, Tiina and Pyysalo, Sampo and Rademaker, Alexandre and Ramasamy, Loganathan and Real, Livy and Rituma, Laura and Rosa, Rudolf and Saleh, Shadi and Sanguinetti,
 Manuela and Saul{\={\i}}te, Baiba and Schuster, Sebastian and Seddah, Djamé and Seeker, Wolfgang and Seraji, Mojgan and Shakurova, Lena and Shen, Mo and Sichinava, Dmitry and Silveira, Natalia and Simi, Maria and Simionescu, Radu and Simkó, Katalin and Šimková, Mária and Simov, Kiril and Smith, Aaron and Suhr, Alane and Sulubacak, Umut and Szántó, Zsolt and Taji, Dima and Tanaka, Takaaki and Tsarfaty, Reut and Tyers, Francis and Uematsu, Sumire and Uria, Larraitz and van Noord, Gertjan and Varga, Viktor and Vincze, Veronika and Washington, Jonathan North and {\v Z}abokrtsk{\'y}, Zden{\v e}k and Zeldes, Amir and Zeman, Daniel and Zhu, Hanzhi},
 url = {http://hdl.handle.net/11234/1-1983},
 note = {{LINDAT}/{CLARIAH}-{CZ} digital library at the Institute of Formal and Applied Linguistics ({{\'U}FAL}), Faculty of Mathematics and Physics, Charles University},
 copyright = {Licence Universal Dependencies v2.0},
 year = {2017}
 }
 
 @INCOLLECTION{Kruger2019,
author = {Kotze, Haidee},
title = {Converging What and How to Find Out Why
An Outlook on Empirical Translation Studies},
booktitle = {New Empirical Perspectives on Translation and Interpreting},
series = {Routledge Advances in Translation and Interpreting Studies},
publisher = {Routledge},
editor = {Lore Vandevoorde and Joke Daems and Bart Defrancq},
year = {2019},
pages = {333--371}
}

@ARTICLE{KrugerVanRooy2016,
author = {Kruger, Haidee and Van Rooy, Bertus},
year = {2016},
title = {Constrained language: A multidimensional  analysis  of  translated  English  and  a  non-native  indigenised  variety  of  English},
journal = {English World-Wide},
volume = {37},
issues = {1},
pages = {26--57}
}

% kassawat

@article{anasch10,
  author    = {Dimitra Anastasiou and Reinhard Schäler},
  year      = {2010},
  title     = {Translating vital information},
  subtitle  = {Localisation, internationalisation, and globalisation},
  journal   = {Synthèses Journal},
  volume    = {3},
  pages     = {11--25},
}

@incollection{austermuehl06,
  author    = {Frank Austermühl},
  year      = {2006},
  title     = {Training translators to localize},
  editor    = {Anthony Pym and Alexander Perekrestenko and Bram Starink},
  booktitle = {Translation Technology and Its Teaching (with much mention of localization)},
  address   = {Tarragona},
  publisher = {Intercultural Studies Group},
  pages     = {69--81},
}

@book{baker11,
  author    = {Mona Baker},
  year      = {2011},
  title     = {In Other Words},
  address   = {London},
  publisher = {Routledge},
}

@article{boivineau72,
  author    = {Roger Boivineau},
  year      = {1972},
  title     = {L'{A.B.C.} de l'adaptation publicitaire},
  journal   = {Meta},
  volume    = {17},
  number    = {1},
  pages     = {5--28},
}

@article{boucai06,
  author    = {Paula Bouffard and Philippe Caignon},
  year      = {2006},
  title     = {Vers une géolinguistique de l’espace virtuel francophone},
  journal   = {Meta},
  volume    = {51},
  number    = {4},
  pages     = {806--823},
}

@article{canim17,
  author    = {Sinem {Canım Alkan}},
  year      = {2017},
  title     = {Position of the translator as an agent in website localization},
  subtitle  = {The case of {Turkey}},
  journal   = {Journal of Language and Linguistic Studies},
  volume    = {13},
  number    = {2},
  pages     = {510--525},
}

@book{cronin06,
  author    = {Michael Cronin},
  year      = {2006},
  title     = {Translation and Identity},
  address   = {New York},
  publisher = {Taylor \& Francis},
}

@article{cruz18,
  author    = {Laura Cruz-García},
  year      = {2018},
  title     = {Advertising across cultures, where translation is nothing\dots\ or everything},
  journal   = {The Journal of Specialised Translation},
  volume    = {30},
  pages     = {66--83},
}

@book{esselink98,
  author    = {Bert Esselink},
  year      = {1998},
  title     = {A practical guide to software localization},
  address   = {Amsterdam},
  publisher = {John Benjamins},
}

@book{esselink00,
  author    = {Bert Esselink},
  year      = {2000},
  title     = {A Practical Guide to Localization},
  address   = {Amsterdam},
  publisher = {John Benjamins},
}

@book{hofetal10,
  author    = {Geert Hofstede and Jert Jan Hofstede and Michael Minkov},
  year      = {2010},
  title     = {Cultures and Organizations -- Software of the Mind -- Intercultural Cooperation and its Importance for Survival},
  address   = {New York},
  publisher = {McGraw Hill},
}

@article{esselink03,
  author    = {Bert Esselink},
  year      = {2003},
  title     = {The evolution of localization},
  journal   = {The Guide from Multilingual Computing \& Technology: Localization},
  volume    = {14},
  number    = {5},
  pages     = {4--7},
}

@url{gala19,
  author    = {GALA},
  year      = {2019},
  title     = {What is localization?},
  url       = {https://www.gala-global.org/industry/intro-language-industry/what-localization},
  urldate   = {2020-05-06},
}

@book{gouadec03,
  author    = {Daniel Gouadec},
  year      = {2003},
  title     = {Le bagage spécifique du localiseur\slash localisateur},
  subtitle  = {Le vrai « nouveau profil » requis},
  journal   = {Meta},
  volume    = {48},
  number    = {4},
  pages     = {526--545},
}

@book{gudykunst04,
  author    = {William B. Gudykunst},
  year      = {2004},
  title     = {Bridging differences},
  subtitle  = {Effective intergroup communication 4th edition},
  address   = {Thousand Oaks},
  publisher = {Sage Publications},
}

@book{guidere00,
  author    = {Mathieu Guidère},
  year      = {2000},
  title     = {Publicité et traduction},
  address   = {Paris},
  publisher = {L'Harmattan},
}

@book{guidere08,
  author    = {Mathieu Guidère},
  year      = {2008},
  title     = {La communication multilingue},
  address   = {Bruxelles},
  publisher = {De Boeck},
}

@article{gully96,
  author    = {Adrian Gully},
  year      = {1996},
  title     = {The discourse of Arabic advertising},
  subtitle  = {Preliminary investigations},
  journal   = {Journal of Arabic and Islamic Studies},
  volume    = {1},
  pages     = {1--49},
}

@article{jimenez10,
  author    = {Miguel Jiménez-Crespo},
  year      = {2010},
  title     = {Web Internationalisation Strategies and Translation Quality},
  subtitle  = {Researching the Case of \enquote{International} {Spanish}},
  journal   = {Localisation Focus},
  volume    = {9},
  number    = {1},
  pages     = {13--25},
}

@book{jimenez13,
  author    = {Miguel Jiménez-Crespo},
  year      = {2013},
  title     = {Translation and Web Localization},
  address   = {London},
  publisher = {Routledge},
}

@article{katan16,
  author    = {Katan, David},
  year      = {2016},
  title     = {Translation at the cross-roads},
  subtitle  = {Time for the Transcreational Turn?},
  journal   = {Perspectives},
  volume    = {24},
  number    = {3},
  pages     = {365--381},
}

@book{ladmiral14,
  author    = {Jean-René Ladmiral},
  year      = {2014},
  title     = {Sourcier ou cibliste},
  address   = {Paris},
  publisher = {Les Belles Lettres},
}

@article{ledisez04,
  author    = {Jean-Yves {Le Disez}},
  year      = {2004},
  title     = {Traductologie et traduction pragmatique},
  journal   = {Tribune, Translittérature},
  volume    = {26},
  pages     = {59--64},
}

@book{maitland17,
  author    = {Sarah Maitland},
  year      = {2017},
  title     = {What is cultural translation?},
  address   = {London},
  publisher = {Bloomsbury},
}

@book{munday08,
  author    = {Jeremy Munday},
  year      = {2008},
  title     = {Introducing Translation Studies Theories and Applications},
  address   = {London},
  publisher = {Routledge},
}

@book{nord05,
  author    = {Christiane Nord},
  year      = {2005},
  title     = {Text Analysis in Translation},
  subtitle  = {Theory, Methodology, and Didactic Application of a Model for Translation-Oriented Text Analysis},
  address   = {Amsterdam},
  publisher = {Rodopi},
}

@book{olohan04,
  author    = {Maeve Olohan},
  year      = {2004},
  title     = {Introducing corpora in Translation Studies},
  address   = {London},
  publisher = {Routledge},
}

@article{pedersen14,
  author    = {Daniel Pedersen},
  year      = {2014},
  title     = {Exploring the concept of transcreation -- transcreation as \enquote{more than translation}?},
  journal   = {Cultus: The Journal of Intercultural Mediation and Communication},
  volume    = {7},
  pages     = {57--71},
}

@book{plassard07,
  author    = {Freddie Plassard},
  year      = {2007},
  title     = {Lire pour traduire},
  address   = {Paris},
  publisher = {Presses Sorbonne Nouvelle},
}

@article{pym00,
  author    = {Anthony Pym},
  year      = {2000},
  title     = {Localization and the changing role of linguistics},
  journal   = {Conférence Traduction humaine, traduction automatique, interpretation},
}

@book{pym04,
  author    = {Anthony Pym},
  year      = {2004},
  title     = {The moving text},
  subtitle  = {Localization, translation, and distribution},
  address   = {Amsterdam},
  publisher = {John Benjamins},
}

@article{pym05,
  author    = {Anthony Pym},
  year      = {2005},
  title     = {Localization},
  subtitle  = {On its nature, virtues and dangers},
  journal   = {SYNAPS},
  volume    = {17},
  pages     = {17--25},
}

@article{pym06,
  author    = {Anthony Pym},
  year      = {2006},
  title     = {Globalization and the politics of Translation Studies},
  journal   = {Meta},
  volume    = {51},
  number    = {4},
  pages     = {744--757},
}

@incollection{pym11,
  author    = {Anthony Pym},
  year      = {2011},
  title     = {Website localization},
  editor    = {Kirsten Malmkjær and Kevin Windle},
  booktitle = {The {Oxford} Handbook of Translation Studies},
  address   = {Oxford},
  publisher = {Oxford University Press},
  pages     = {410--423},
}

@book{quah06,
  author    = {Chiew Kin Quah},
  year      = {2006},
  title     = {Translation and technology},
  address   = {London},
  publisher = {Palgrave Macmillan},
}

@book{ranzato16,
  author    = {Irene Ranzato},
  year      = {2016},
  title     = {Translating Culture-Specific References On Television},
  subtitle  = {The Case of Dubbing},
  address   = {New York},
  publisher = {Taylor \& Francis},
}

@incollection{remon05,
  author    = {Joséphine Rémon},
  year      = {2005},
  title     = {Interculturel et internet},
  subtitle  = {Le site Web, objet culturel ?},
  editor    = {Luc Collès and Christine Develotte and Geneviève Geron and Françoise Tauzer-Sabatelli},
  booktitle = {Didactique du {FLE} et de l'interculturel},
  booksubtitle = {Littérature, Biographie Langagière et Médias},
  address   = {Paris},
  publisher = {L'Harmattan},
  pages     = {267--270},
}

@article{schaeler07,
  author    = {Reinhard Schäler},
  year      = {2007},
  title     = {Reverse localisation},
  journal   = {Localisation Focus},
  volume    = {6},
  number    = {1},
  pages     = {39--48},
}

@book{steboulaj14,
  author    = {Thomas Stenger and Stéphane Bourliataux-Lajoinie},
  year      = {2014},
  title     = {E-marketing \& e-commerce, concepts -- outils -- pratiques},
  address   = {Paris},
  publisher = {Dunod},
}

@article{tatilon90,
  author    = {Claude Tatilon},
  year      = {1990},
  title     = {Le texte publicitaire},
  subtitle  = {Traduction ou adaptation ?},
  journal   = {Meta},
  volume    = {35},
  number    = {1},
  pages     = {243--246},
}

@book{yunker03,
  author    = {John Yunker},
  year      = {2003},
  title     = {Beyond Borders},
  subtitle  = {Web Globalization Strategies},
  address   = {Indianapolis},
  publisher = {New Riders},
}

% mejías climent

@book{altozano17,
  author    = {José {Altozano Dayo}},
  year      = {2017},
  title     = {El videojuego a través de David Cage},
  address   = {Sevilla},
  publisher = {Héroes de Papel},
}

@phdthesis{banos09,
  author    = {Rocío Baños Piñero},
  year      = {2009},
  title     = {La oralidad prefabricada en la traducción para el doblaje},
  subtitle  = {Estudio descriptivo-contrastivo del español de dos comedias de situación: \textit{Siete vidas} y \textit{Friends}},
  address   = {Universidad de Granada},
}

@article{bernal06,
  author    = {Miguel Ángel Bernal-Merino},
  year      = {2006},
  title     = {On the Translation of Video Games},
  journal   = {JoSTrans: The Journal of Specialised Translation},
  volume    = {6},
  pages     = {22--36},
}

@book{bernal15,
  author    = {Miguel Ángel Bernal-Merino},
  year      = {2015},
  title     = {Translation and localization in video games},
  subtitle  = {Making entertainment software global},
  address   = {London},
  publisher = {Routledge},
}

@article{cadess04,
  author    = {Pierre Cadieux and Bert Esselink},
  year      = {2004},
  title     = {{GILT}},
  subtitle  = {Globalization, Internationalization, Localization, Translation},
  journal   = {Globalization Insider},
  volume    = {11},
  number    = {1.5},
  pages     = {1--5},
}

@book{chaume04,
  author    = {Frederic Chaume},
  year      = {2004},
  title     = {Cine y traducción},
  address   = {Madrid},
  publisher = {Cátedra},
}

@article{chaume07,
  author    = {Frederic Chaume},
  year      = {2007},
  title     = {Quality standards in dubbing},
  subtitle  = {A proposal},
  journal   = {Tradterm},
  volume    = {13},
  pages     = {71--89},
}

@incollection{chaume12,
  author    = {Frederic Chaume},
  year      = {2012},
  title     = {La traduccion audiovisual},
  subtitle  = {Nuevas tecnologías, nuevas audiencias},
  editor    = {Cristina Bosisio and Stefania Cavagnoli},
  booktitle = {12° Congresso dell’Associazione Italiana di Linguistica Applicata},
  address   = {Perugia},
  publisher = {Guerra Edizioni},
  pages     = {143--159},
}

@article{chaume13,
  author    = {Frederic Chaume},
  year      = {2013},
  title     = {The turn of audiovisual translation},
  subtitle  = {New audiences and new technologies},
  journal   = {Translation Spaces},
  volume    = {2},
  pages     = {107--125},
}

@article{chaume16,
  author    = {Frederic Chaume},
  year      = {2016},
  title     = {Dubbing a TV Drama Series},
  subtitle  = {The Case of \textit{The West Wing}},
  journal   = {inTRAlinea},
  volume    = {18},
}

@article{chaume18,
  author    = {Frederic Chaume},
  year      = {2018},
  title     = {An overview of audiovisual translation},
  subtitle  = {Four methodological turns in a mature discipline},
  journal   = {Journal of Audiovisual Translation},
  volume    = {1},
  number    = {1},
  pages     = {40--63},
}

@article{chaume18b,
  author    = {Frederic Chaume},
  year      = {2018},
  title     = {Is audiovisual translation putting the concept of translation up against the ropes?},
  journal   = {JoSTrans: The Journal of Specialised Translation},
  volume    = {30},
  pages     = {84--104},
}

@book{frepav09,
  author    = {Maria Freddi and Maria Pavesi},
  year      = {2009},
  title     = {Analysing audiovisual dialogue},
  subtitle  = {Linguistic and translational insights},
  address   = {Bolonia},
  publisher = {Clueb},
}

@article{gambier03,
  author    = {Yves Gambier},
  year      = {2003},
  title     = {Screen transadaptation},
  subtitle  = {Perception and reception},
  journal   = {The Translator},
  volume    = {9},
  number    = {2},
  pages     = {171--189},
}

@book{graetal15,
  author    = {Ximo Granell and Carme Mangiron and Núria Vidal},
  year      = {2015},
  title     = {La traducción de videojuegos},
  address   = {Sevilla},
  publisher = {Bienza},
}

@book{hurtado11,
  author    = {Amparo {Hurtado Albir}},
  year      = {2011},
  title     = {Traducción y traductología},
  subtitle  = {Introducción a la traductología},
  address   = {Madrid},
  publisher = {Cátedra},
}

@online{kines00,
  author    = {Melianthe Kines},
  year      = {2000},
  title     = {Planning and directing motion capture for games},
  url       = {https://www.gamasutra.com/view/feature/131827/planning_and_directing_motion_.php},
  urldate   = {2020-07-06},
}

@article{manoha06,
  author    = {Carme Mangiron and Minako O'Hagan},
  year      = {2006},
  title     = {Game localization},
  subtitle  = {Unleashing imagination with \enquote{restricted} translation},
  journal   = {JoSTrans: The Journal of Specialised Translation},
  volume    = {6},
  pages     = {10--21},
}

@book{marti13,
  author    = {José Luis Martí Ferriol},
  year      = {2013},
  title     = {El método de traducción},
  address   = {Castelló de la Plana},
  publisher = {Universitat Jaume I},
}

@book{martinez08,
  author    = {Juan José Martínez Sierra},
  year      = {2008},
  title     = {Humor y traducción},
  subtitle  = {Los Simpson cruzan la frontera},
  address   = {Castelló de la Plana},
  publisher = {Universitat Jaume I},
}

@incollection{mata05,
  author    = {Manuel {Mata Pastor}},
  year      = {2005},
  title     = {Localización y traducción de contenido web},
  editor    = {Detlef Reineke},
  booktitle = {Traducción y localización},
  booksubtitle = {Mercado, gestión y tecnologías},
  address   = {Las Palmas de Gran Canaria},
  publisher = {Anroart},
  pages     = {187--252},
}

@book{maxwell05,
  author    = {Heather Maxwell-Chandler},
  year      = {2005},
  title     = {The Game Localization Handbook},
  address   = {Massachusetts},
  publisher = {Charles River Media},
}

@article{mejias17,
  author    = {Laura Mejías-Climent},
  year      = {2017},
  title     = {Multimodality and Dubbing in Video Games},
  subtitle  = {A Research Approach},
  journal   = {Linguistica Antverpiensia, New Series: Themes in Translation Studies},
  volume    = {17},
  pages     = {99--113},
}

@phdthesis{mejias19,
  author    = {Laura Mejías-Climent},
  year      = {2019},
  title     = {La sincronización en el doblaje de videojuegos},
  subtitle  = {Análisis empírico y descriptivo de los videojuegos de acción-aventura},
  address   = {Universitat Jaume I},
}

@book{mendez15,
  author    = {Ramón {Méndez González}},
  year      = {2015},
  title     = {Localización de videojuegos},
  subtitle  = {Fundamentos traductológicos innovadores para nuevas prácticas profesionales},
  address   = {Vigo},
  publisher = {Servizo de Publicacións Universidade de Vigo},
}

@book{munoz17,
  author    = {Pablo {Muñoz Sánchez}},
  year      = {2017},
  title     = {Localización de videojuegos},
  address   = {Madrid},
  publisher = {Síntesis},
}

@phdthesis{neves05,
  author    = {Joselia Neves},
  year      = {2005},
  title     = {Audiovisual Translation},
  subtitle  = {Subtitling for the Deaf and Hard-of-Hearing},
  address   = {University of Roehampton},
}

@book{ohaman13,
  author    = {Minako O’Hagan and Carme Mangiron},
  year      = {2013},
  title     = {Game localization},
  subtitle  = {Translating for the global digital entertainment industry},
  address   = {Amsterdam},
  publisher = {John Benjamins},
}

@book{pruys09,
  author    = {Guido Marc Pruys},
  year      = {2009},
  title     = {Die Rhetorik der Filmsynchronisation},
  address   = {Köln},
  publisher = {Eigenverlag},
  hyphenation = {german},
}

@phdthesis{pujol15,
  author    = {Miquel {Pujol Tubau}},
  year      = {2015},
  title     = {La representació de personatges a través del doblatge en narratives transmèdia},
  subtitle  = {Estudi descriptiu de pel·lícules i videojocs basats en \textit{El senyor dels anells}},
  address   = {Universitat de Vic},
}

@book{pym16,
  author    = {Anthony Pym},
  year      = {2016},
  title     = {Teorías contemporáneas de la traducción},
  subtitle  = {Materiales para un curso universitario},
  edition   = {2},
  address   = {Tarragona},
  publisher = {Intercultural Studies Group},
}

@book{toury95,
  author    = {Gideon Toury},
  year      = {1995},
  title     = {Descriptive Translation Studies and Beyond},
  address   = {Amsterdam},
  publisher = {John Benjamins},
}

@online{turnes20,
  author    = {Yova Turnes},
  year      = {2020},
  title     = {GamerDic},
  url       = {http://www.gamerdic.es/web/sobre-la-web/},
  urldate   = {2020-07-06},
}

@phdthesis{vazquez18,
  author    = {Arturo {Vázquez Rodríguez}},
  year      = {2018},
  title     = {El error de traducción en la localización de videojuegos},
  subtitle  = {Estudio descriptivo y comparativo entre videojuegos indie y no indie},
  address   = {Universitat de València},
}

@incollection{zabalbeascoa12,
  author    = {Patrick Zabalbeascoa},
  year      = {2012},
  title     = {Teorías de la traducción audiovisual},
  subtitle  = {Un viaje de ida y vuelta para progresar},
  editor    = {Juan José {Martínez Sierra}},
  booktitle = {Reflexiones sobre la traducción audiovisual},
  booksubtitle = {Tres espectros, tres momentos},
  address   = {Valencia},
  publisher = {Publicaciones de la Universitat de València},
  pages     = {187--199},
}

% poirier

@incollection{baketal09,
  author    = {Matthijs Bakker and Cees Koster and Kitty Van Leuven-Zwart},
  year      = {2011},
  title     = {Shifts},
  editor    = {Mona Baker and Gabriela Saldanha},
  booktitle = {Routledge Encyclopedia of Translation Studies},
  edition   = {2},
  address   = {London},
  publisher = {Routledge},
  pages     = {269--274},
}

@article{becher10,
  author    = {Viktor Becher},
  year      = {2010},
  title     = {Abandoning the notion of \enquote{translation-inherent} explicitation},
  subtitle  = {Against a dogma of translation studies},
  journal   = {Across Languages and Cultures},
  volume    = {11},
  number    = {1},
  pages     = {1--28},
}

@phdthesis{becher11,
  author    = {Viktor Becher},
  year      = {2011},
  title     = {Explicitation and implicitation in translation},
  subtitle  = {A corpus-based study of {English}-{German} and {German}-{English} translations of business texts},
  address   = {Universität Hamburg},
}

@incollection{blum-kulka86,
  author    = {Shoshana Blum-Kulka},
  year      = {1986},
  title     = {Shifts of cohesion and coherence in translation},
  editor    = {Juliane House and Shoshana Blum-Kulka},
  booktitle = {Intercultural communication},
  booksubtitle = {Discourse and cognition in translation and second language acquisition},
  pages     = {17--35},
  address   = {Tübingen},
  publisher = {Narr},
}

@online{spacy16,
  author    = {Explosion\_AI},
  year      = {2016--2020},
  title     = {spaCy v2.1.3, Industrial Strength Natural Language Processing in Python},
  url       = {https://spacy.io},
  urldate   = {2020-08-05},
}

@article{galchu93,
  author    = {William A. Gale and Kenneth W. Church},
  year      = {1993},
  title     = {A program for aligning sentences in bilingual corpora},
  journal   = {Computational Linguistics},
  volume    = {19},
  number    = {1},
  pages     = {75--102},
}

@incollection{gieeve09,
  author    = {Eugenie Giesbrecht and Stefan Evert},
  year      = {2009},
  title     = {Is Part-of-Speech Tagging a Solved Task? An Evaluation of {POS} Taggers for the {German} Web as Corpus},
  editor    = {Iñaki Alegria and Igor Leturia and Serge Sharoff},
  booktitle = {Proceedings of the Fifth Web as Corpus Workshop (WAC5)},
  address   = {San Sebastian},
  publisher = {Elhuyar Fundazioa},
  pages     = {27--35},
}

@incollection{klaudy11,
  author    = {Kinga Klaudy},
  year      = {2011},
  title     = {Explicitation},
  editor    = {Mona Baker and Gabriela Saldanhaa},
  booktitle = {Routledge encyclopedia of translation studies},
  edition   = {2},
  address   = {London},
  publisher = {Routledge},
  pages     = {104--108},
}

@article{murtisari16,
  author    = {Elisabet Titik Murtisari},
  year      = {2016},
  title     = {Explicitation in translation studies},
  subtitle  = {The journey of an elusive concept},
  journal   = {Translation \& Interpreting},
  volume    = {8},
  number    = {2},
  pages     = {64--81},
}

@article{poirier17,
  author    = {Éric André Poirier},
  year      = {2017},
  title     = {A comparison of three metrics for detecting crosslinguistic variations in information volume and multiword expressions between parallel bitexts},
  journal   = {Proceedings of {EUROPHRAS} 2017},
  pages     = {1--10},
}

@article{poirier19,
  author    = {Éric André Poirier},
  year      = {2019},
  title     = {Repérage des décalages informationnels de traduction au moyen du criblage automatique des segments hétéromorphes d’un corpus parallèle},
  journal   = {TTR: Traduction, terminologie, rédaction},
  volume    = {32},
  number    = {2},
  pages     = {279--308},
}

@book{wecetal15,
  author    = {Corinne Wecksteen-Quinio and Mickaël Mariaule Corinne and Cindy Lefebvre-Scodeller},
  year      = {2015},
  title     = {La traduction anglais-français},
  subtitle  = {Manuel de traductologie pratique},
  address   = {Louvain-la-Neuve},
  publisher = {De Boeck},
}

% nadvornikova

@incollection{alppod95,
  author    = {Vladimir M. Alpatov and Vera Podlesskaya},
  year      = {1995},
  title     = {Converbs in {Japanese}},
  editor    = {Martin Haspelmath and Ekkehard König},
  booktitle = {Converbs in cross-linguistic perspective},
  booksubtitle = {Structure and meaning of adverbial verb forms -- Adverbial participles, gerunds},
  pages     = {465--487},
  address   = {Berlin},
  publisher = {Mouton de Gruyter},
}

@incollection{baker93,
  author    = {Mona Baker},
  year      = {1993},
  title     = {Corpus Linguistics and Translation Studies},
  subtitle  = {Implications and Applications},
  editor    = {Mona Baker and Gill Francis and Elena Tognini-Bonelli},
  booktitle = {Text and Technology},
  booksubtitle = {In Honour of {John} {Sinclair}},
  address   = {Amsterdam},
  publisher = {John Benjamins},
  pages     = {233--250},
}

@incollection{baker96,
  author    = {Mona Baker},
  year      = {1996},
  title     = {Corpus-Based Translation Studies},
  subtitle  = {The Challenges that Lie Ahead},
  editor    = {Harold Somers},
  booktitle = {Terminology, {LSP} and Translation: Studies in Language Engineering in Honour of {Juan} {C.} {Sager}},
  address   = {Amsterdam},
  publisher = {John Benjamins},
  pages     = {175--186}
}

@article{becka77,
  author    = {Josef Václav Bečka},
  year      = {1977},
  title     = {Přechodníky jako překladatelský problém [{Transgressives} as a translation problem]},
  journal   = {Zprávy Kruhu přátel českého jazyka},
  pages     = {17--27},
}

@incollection{bisiada17,
  author    = {Mario Bisiada},
  year      = {2017},
  title     = {Universals of editing and translation},
  editor    = {Silvia Hansen-Schirra and Oliver Czulo and Sascha Hofmann},
  booktitle = {Empirical modelling of translation and interpreting},
  address   = {Berlin},
  publisher = {Language Science Press},
  pages     = {241--275},
}

@article{bisiada18,
  author    = {Mario Bisiada},
  year      = {2018},
  title     = {The editor’s invisibility},
  subtitle  = {Analysing editorial intervention in translation},
  journal   = {Target},
  volume    = {30},
  number    = {2},
  pages     = {288--309},
}

@article{bisiada19,
  author    = {Mario Bisiada},
  year      = {2019},
  title     = {Translated language or edited language? {A} study of passive constructions in translation manuscripts and their published versions},
  journal   = {Across Languages and Cultures},
  volume    = {20},
  number    = {1},
  pages     = {35--56},
}

@article{brtkova04,
  author    = {Kamila Brtková},
  year      = {2004},
  title     = {K otázke prekladu ruských prechodníkov do slovenčiny [{On} translation of Russian transgressives into {Slovak}]},
  journal   = {Opera Slavica},
  volume    = {XIV},
  number    = {2},
  pages     = {20--31},
}

@article{cappelle12,
  author    = {Bert Cappelle},
  year      = {2012},
  title     = {English is less rich in manner-of-motion verbs when translated from {French}},
  journal   = {Across Languages and Cultures},
  volume    = {13},
  number    = {2},
  pages     = {173--195},
}

@book{cecetal97,
  author    = {Marie Čechová and Jan Chloupek and Eva Minářová},
  year      = {1997},
  title     = {Stylistika současné češtiny [{Stylistics} of contemporary {Czech}]},
  address   = {Praha},
  publisher = {ISV -- nakladatelství},
}

@incollection{chesterman04,
  author    = {Andrew Chesterman},
  year      = {2004},
  title     = {Beyond the Particular},
  editor    = {Anna Mauranen and Pekka Kujamäki},
  booktitle = {Translation Universals -- Do They Exist?},
  pages     = {33--49},
  address   = {Amsterdam},
  publisher = {John Benjamins},
}

@book{chlumska13,
  author    = {Lucie Chlumská},
  year      = {2013},
  title     = {Jerome corpus -- comparable corpus of translated and non-translated {Czech}},
  address   = {Praha},
  publisher = {Institute of the Czech National Corpus},
  url       = {https://kontext.korpus.cz},
}

@book{chlumska17,
  author    = {Lucie Chlumská},
  year      = {2017},
  title     = {Překladová čeština a její charakteristiky [{Translated} {Czech} and its features]},
  address   = {Praha},
  publisher = {Nakladatelství Lidové noviny},
}

@article{cerros12,
  author    = {František Čermák and Alexandr Rosen},
  year      = {2012},
  title     = {The case of {InterCorp}, a multilingual parallel corpus},
  journal   = {International Journal of Corpus Linguistics},
  volume    = {17},
  number    = {3},
  pages     = {411--427},
}

@book{cernad15,
  author    = {Petr Čermák and Olga Nádvorníková and Leontýna Bratánková and Štěpánka Černikovská and Jan Hricsina and Jiří Jančík and Jaroslava Jindrová and Dana Kratochvílová and Zuzana Krinková and Petra Laufková and Daniel Petrík and Eliška Třísková and Pavel Štichauer},
  year      = {2015},
  title     = {Románské jazyky a čeština ve světle paralelních korpusů [{Romance} languages and {Czech} in the light of parallel corpora]},
  address   = {Praha},
  publisher = {Karolinum},
}

@book{ceretal20,
  author    = {Petr Čermák and Dana Kratochvílová and Olga Nádvorníková and Pavel Štichauer},
  year      = {2020},
  title     = {Complex words, causatives, verbal periphrases and the gerund},
  subtitle  = {Romance languages versus {Czech} (a parallel corpus-based study)},
  address   = {Praha},
  publisher = {Karolinum},
}

@article{cermakova17,
  author    = {Anna Čermáková},
  year      = {2017},
  title     = {Translating children’s literature},
  subtitle  = {Some insights from corpus stylistics},
  journal   = {Ilha do Desterro -- A Journal of English Language, Literatures in English and Cultural Studies},
  volume    = {71},
  number    = {1},
  pages     = {117--134},
}

@article{cvrchl15,
  author    = {Václav Cvrček and Lucie Chlumská},
  year      = {2015},
  title     = {Simplification in translated {Czech}},
  subtitle  = {A new approach to type-token ratio},
  journal   = {Russian Linguistics},
  volume    = {39},
  number    = {3},
  pages     = {309--325},
}

@book{cvrcek10,
  author    = {Václav Cvrček},
  year      = {2010},
  title     = {Mluvnice současné češtiny 1 [{Grammar} of contemporary {Czech}]},
  address   = {Praha},
  publisher = {Karolinum},
}

@article{cvrkov11,
  author    = {Václav Cvrček and Dominika Kováříková},
  year      = {2011},
  title     = {Možnosti a meze korpusové lingvistiky [{Opportunities} and limitations of corpus linguistics]},
  journal   = {Naše řeč},
  volume    = {94},
  number    = {3},
  pages     = {113--133},
}

@article{daixia11,
  author    = {Guangrong Dai and Richard Xiao},
  year      = {2011},
  title     = {{SL} \enquote{shining through} in translational language},
  subtitle  = {A corpus-based study of {Chinese} translation of {English} passive},
  journal   = {Translation Quarterly},
  volume    = {62},
  pages     = {85--108},
}

@article{deletal12,
  author    = {Isabelle Delaere and Gert de Sutter and Koen Plevoets},
  year      = {2012},
  title     = {Is translated language more standardized than non-translated language? {Using} profile-based correspondence analysis for measuring linguistic distances between language varieties},
  journal   = {Target},
  volume    = {24},
  number    = {2},
  pages     = {203--224},
}

@book{dvonc66,
  author    = {Ladislav Dvonč and Gejza Horák and František Miko and Jozef Mistrík and Ján Oravec and Jozef Ružička and Milan Urbančok},
  year      = {1966},
  title     = {Morfológia slovenského jazyka [{Morphology} of the {Slovak} language]},
  address   = {Bratislava},
  publisher = {Vydavtelstvo Slovenskej akadémie vied},
}

@book{dvorak70,
  author    = {Emil Dvořák},
  year      = {1970},
  title     = {Vývoj přechodníkových konstrukcí ve starší češtině [{Evolution} of transgressive constructions in old {Czech}]},
  address   = {Praha},
  publisher = {Universita Karlova},
}

@article{dvorak72,
  author    = {Emil Dvořák},
  year      = {1972},
  title     = {Přechodníkové konstrukce v překladech beletrie do češtiny [{Transgressive} constructions in translation of fiction in {Czech}]},
  journal   = {Slavica Pragensia},
  volume    = {14},
  number    = {2--4},
  pages     = {101--114},
}

@book{dvorak83,
  author    = {Emil Dvořák},
  year      = {1983},
  title     = {Přechodníkové konstrukce v nové češtině [Transgressive constructions in modern {Czech}]},
  address   = {Praha},
  publisher = {Univerzita Karlova},
}

@book{gregoo16,
  author    = {Maurice Grevisse and André Goosse},
  year      = {2016},
  title     = {Le bon usage},
  address   = {Louvain-la-Neuve},
  publisher = {De Boeck Supérieur},
}

@book{halmoy03,
  author    = {Odile Halmøy},
  year      = {2003},
  title     = {Le gérondif en français},
  address   = {Paris},
  publisher = {Ophrys},
}

@incollection{haspelmath95,
  author    = {Martin Haspelmath},
  year      = {1995},
  title     = {The converb as a cross-linguistically valid category},
  editor    = {Martin Haspelmath and Ekkehard König},
  booktitle = {Converbs in cross-linguistic perspective},
  booksubtitle = {Structure and meaning of adverbial verb forms -- Adverbial participles, gerunds},
  pages     = {1--57},
  address   = {Berlin},
  publisher = {Mouton de Gruyter},
}

@article{hnaetal11,
  author    = {Milena Hnátková and Vladimír Petkevič and Hana Skoumalová},
  year      = {2011},
  title     = {Linguistic annotation of corpora in the {Czech} {National} {Corpus}},
  journal   = {Proceedings of the International Conference \enquote{Corpus Linguistics -- 2011})},
  pages     = {15--20},
}

@article{hnaetal14,
  author    = {Milena Hnátková and Michal Křen and Pavel Procházka and Hana Skoumalová},
  year      = {2014},
  title     = {The {SYN-series} corpora of written {Czech}},
  journal   = {Proceedings of the Ninth International Conference on Language Resources and Evaluation (LREC14)},
  pages     = {160--164},
}

@book{jeletal61,
  author    = {Jaroslav Jelínek and Josef Václav Bečka and Marie Těšitelová},
  year      = {1961},
  title     = {Frekvence slov, slovních druhů a tvarů v českém jazyce [{Frequency} of words, word classes and word forms in {Czech}]},
  address   = {Praha},
  publisher = {Státní pedagogické nakladatelství},
}

@online{karlik17,
  author    = {Petr Karlík},
  year      = {2017},
  title     = {Přechodník [Transgressive]},
  url       = {https://www.czechency.org/slovnik/PŘECHODNÍK},
  urldate   = {2020-08-12},
}

@book{karetal95,
  author    = {Petr Karlík and Marek Nekula and Zdenka Rusínová},
  year      = {1995},
  title     = {Příruční mluvnice češtiny [{Reference} grammar of {Czech}]},
  address   = {Praha},
  publisher = {Nakladatelství Lidové noviny},
}

@article{klakar05,
  author    = {Kinga Klaudy and Krisztina Károly},
  year      = {2005},
  title     = {Implicitation in Translation},
  subtitle  = {Empirical Evidence for Operational Asymmetry in Translation},
  journal   = {Across Languages and Cultures},
  volume    = {6},
  number    = {1},
  pages     = {13--28},
}

@incollection{kleiber07,
  author    = {Georges Kleiber},
  year      = {2007},
  title     = {La question temporelle du gérondif},
  subtitle  = {Simultanéité ou non ?},
  editor    = {Frédéric Lambert and Catherine Moreau and Jean Albrespit},
  booktitle = {Les formes non finies du verbe 2},
  pages     = {109--123},
  address   = {Rennes},
  publisher = {Presses Universitaires de Rennes},
}

@incollection{kleiber09,
  author    = {Georges Kleiber},
  year      = {2009},
  title     = {Gérondif et relations de cohérence},
  subtitle  = {Le cas de la relation de Cause},
  editor    = {Elena Comes and Florica Hrubaru},
  booktitle = {Relations de discours {II} -- Actes du {XVe} Séminaire de Didactique Universitaire},
  pages     = {9--24},
  address   = {Cluj},
  publisher = {Editura Echinox},
}

@incollection{kockova11,
  author    = {Jana Kocková},
  year      = {2011},
  title     = {Ekvivalenty ruských přechodníků sloves dokonavého vidu v češtině na základě paralelních korpusů [{Equivalents} of {Russian} perfective transgressives in {Czech}: A corpus-based study]},
  editor    = {František Čermák},
  booktitle = {Korpusová lingvistika Praha},
  pages     = {251--261},
  address   = {Praha},
  publisher = {NLN},
}

@book{komarek86,
  author    = {Miroslav Komárek},
  year      = {1986},
  title     = {Mluvnice češtiny 2 [{Grammar} of {Czech}]},
  address   = {Praha},
  publisher = {Academia},
}

@incollection{koenig95,
  author    = {Ekkehard König},
  year      = {1995},
  title     = {The meaning of converb constructions},
  editor    = {Martin Haspelmath and Ekkehard König},
  booktitle = {Converbs in cross-linguistic perspective},
  booksubtitle = {Structure and meaning of adverbial verb forms -- Adverbial participles, gerunds},
  pages     = {57--97},
  address   = {Berlin},
  publisher = {Mouton de Gruyter},
}

@incollection{koeauw90,
  author    = {Ekkehard König and Johan van der Auwera},
  year      = {1990},
  title     = {Adverbial participles, gerunds and absolute constructions in the languages of {Europe}},
  editor    = {Johannes Bechert and Giuliano Bernini and Claude Buridant},
  booktitle = {Toward a typology of {European} languages},
  pages     = {57--95},
  address   = {Berlin},
  publisher = {Mouton de Gruyter},
}

@book{kortmann97,
  author    = {Bernd Kortmann},
  year      = {1997},
  title     = {Adverbial subordination},
  subtitle  = {A typology and history of adverbial subordinators based on {European} languages},
  address   = {Berlin},
  publisher = {Mouton de Gruyter},
}
@book{kreetal19,
  author    = {Michal Křen and Václav Cvrček and Tomáš Čapka and Anna Čermáková and Milena Hnátková and Lucie Chlumská and Tomáš Jelínek and Dominika Kováříková and Vladimír Petkevič and Pavel Procházka and Hana Skoumalová and Michal Škrabal and Petr Truneček and Pavel Vondřička and Adrian Zasina},
  year      = {2019},
  title     = {Korpus SYN, version 8 from 12/12/2019},
  address   = {Praha},
  publisher = {Institute of the Czech National Corpus},
  url       = {https://kontext.korpus.cz/},
}

@incollection{kruger18,
  author    = {Haidee Kruger},
  year      = {2018},
  title     = {The effects of editorial intervention},
  subtitle  = {Implications for studies of the features of translated language},
  editor    = {Gert De Sutter and Marie-Aude Lefer and Isabelle Delaere},
  booktitle = {Empirical Translation Studies},
  pages     = {113--157},
  address   = {Berlin},
  publisher = {Mouton de Gruyter},
}

@incollection{lapshinova15,
  author    = {Ekaterina Lapshinova-Koltunski},
  year      = {2015},
  title     = {Variation in translation},
  subtitle  = {Evidence from corpora},
  editor    = {Claudio Fantiunoli and Federico Zanettin},
  booktitle = {New directions in corpus-based translation studies},
  pages     = {93--114},
  address   = {Berlin},
  publisher = {Language Science Press},
}

@incollection{lapshinova18,
  author    = {Ekaterina Lapshinova-Koltunski},
  year      = {2018},
  title     = {Text classification for detection of translationese in novice and professional translations},
  editor    = {Sylviane Granger and Marie-Aude Lefer and Laura Aguiar de Souza Penha Marion},
  booktitle = {Book of abstracts},
  booksubtitle = {Using corpora in contrastive and translation studies conference},
  pages     = {108--110},
  address   = {Louvain},
  publisher = {CECL/Université catholique de Louvain},
}

@book{laviosa02,
  author    = {Sara Laviosa},
  year      = {2002},
  title     = {Corpus-based translation studies},
  subtitle  = {Theory, findings, applications},
  address   = {Amsterdam},
  publisher = {Rodopi},
}

@article{lefvog13,
  author    = {Marie-Aude Lefer and Svetlana Vogeleer},
  year      = {2013},
  title     = {Interference and normalization in genre-controlled multilingual corpora},
  journal   = {Belgian Journal of Linguistics},
  volume    = {27},
  pages     = {1--21},
}

@book{levy11,
  author    = {Jiří Levý},
  year      = {2011},
  title     = {The art of translation},
  address   = {Amsterdam},
  publisher = {John Benjamins},
}

@incollection{magdef18,
  author    = {Cédric Magnifico and Bart Defrancq},
  year      = {2018},
  title     = {Norms and gender in simultaneous interpreting},
  subtitle  = {A study of self-repairs},
  editor    = {Sylviane Granger and Marie-Aude Lefer and Laura Aguiar de Souza Penha Marion},
  booktitle = {Book of abstracts},
  booksubtitle = {Using corpora in contrastive and translation studies conference},
  pages     = {119--120},
  address   = {Louvain},
  publisher = {CECL/Université catholique de Louvain},
}

@article{malsal15,
  author    = {Markéta Malá and Pavlína Šaldová},
  year      = {2015},
  title     = {English non-finite participial clauses as seen through their {Czech} counterparts},
  journal   = {Nordic Journal of English Studies},
  volume    = {1},
  pages     = {232--257},
}

@article{michalkova63,
  author    = {Věra Michálková},
  year      = {1963},
  title     = {K polovětným konstrukcím v nářečí [{On} semi-predicative constructions in dialects]},
  journal   = {Naše řeč},
  volume    = {46},
  number    = {3},
  pages     = {136--145},
}

@book{moortgat78,
  author    = {Bernadette Moortgat},
  year      = {1978},
  title     = {Participe et gérondif},
  subtitle  = {Étude de l'opposition entre la présence et l'absence de {EN} devant la forme en -ant},
  address   = {Université de Metz},
  publisher = {Thèse de 3e cycle},
}

@phdthesis{nadvornikova12,
  author    = {Olga Nádvorníková},
  year      = {2012},
  title     = {Korpusová analýza faktorů sémantické interpretace francouzského gérondivu [{A} corpus-based analysis of factors influencing semantic interpretation of the {French} \textit{gérondif}]},
  address   = {Univerzita Karlova v Praze},
}

@incollection{nadvornikova16,
  author    = {Olga Nádvorníková},
  year      = {2016},
  title     = {Le corpus multilingue {InterCorp} et les possibilités de son exploitation},
  editor    = {Éva Buchi and Jean-Paul Chauveau and Jean-Marie Pierrel},
  booktitle = {Actes du {XXVIIe} Congrès international de linguistique et de philologie romanes ({Nancy}, 15–20 juillet 2013)},
  pages     = {223--237},
  address   = {Strasbourg},
  publisher = {Société de linguistique romane/ÉLiPhi},
}

@incollection{nadvornikova17,
  author    = {Olga Nádvorníková},
  year      = {2017},
  title     = {Parallel corpus in translation studies},
  subtitle  = {Analysis of shifts in the segmentation of sentences in the {Czech}-{English}-{French} part of the {InterCorp} parallel corpus},
  editor    = {Joseph Emonds and Markéta Janebová},
  booktitle = {Language use and linguistic structure},
  pages     = {445--461},
  address   = {Olomouc},
  publisher = {Palacký University Olomouc},
}

@article{nadvornikovafc,
  author    = {Olga Nádvorníková},
  year      = {forthcoming},
  title     = {Contexts and consequences of sentence splitting in translation ({English}-{French}-{Czech})},
  journal   = {Research in Language},
}

@incollection{nadsot16,
  author    = {Olga Nádvorníková and Jovanka Šotolová},
  year      = {2016},
  title     = {Změny v segmentaci na věty v překladových textech},
  subtitle  = {Analýza dat z francouzsko-českého paralelního korpusu [Changes of Segmentation in Phrases in Translation]},
  editor    = {Anna Čermáková and Lucie Chlumská and Markéta Malá},
  booktitle = {Jazykové paralely},
  pages     = {188--235},
  address   = {Praha},
  publisher = {ÚČNK/NLN},
}

@incollection{nedjalkov95,
  author    = {Igor V. Nedjalkov},
  year      = {1995},
  title     = {Some typological parameters of converbs},
  editor    = {Martin Haspelmath and Ekkehard König},
  booktitle = {Converbs in cross-linguistic perspective},
  booksubtitle = {Structure and meaning of adverbial verb forms -- Adverbial participles, gerunds},
  pages     = {97--137},
  address   = {Berlin},
  publisher = {Mouton de Gruyter},
}

@incollection{nedjalkov98,
  author    = {Igor V. Nedjalkov},
  year      = {1998},
  title     = {Converbs in the languages of {Europe}},
  editor    = {Johan van der Auwera},
  booktitle = {Adverbial constructions in the languages of {Europe}},
  pages     = {420--455},
  address   = {Berlin},
  publisher = {Mouton de Gruyter},
}

@article{nosek64,
  author    = {Jiří Nosek},
  year      = {1964},
  title     = {Notes on syntactic condensation in modern {English}},
  journal   = {Travaux linguistiques de Prague},
  volume    = {1},
  pages     = {281--288},
}

@incollection{oktabec53,
  author    = {Vojtěch Oktábec},
  year      = {1953},
  title     = {O překládání ruských přechodníkových vazeb [{On} translation of {Russian} transgressive constructions]},
  editor    = {Jaroslav Moravec},
  booktitle = {Kniha o překládání},
  booksubtitle = {Příspěvky k otázkám překladu z ruštiny},
  address   = {Praha},
  publisher = {Nakladatelství Československo-sovětského institutu},
  pages     = {258--279},
}

@book{rosetal19,
  author    = {Alexandr Rosen and Martin Vavřín and Adrian Zasina},
  year      = {2019},
  title     = {InterCorp multilingual corpus -- {Czech}, version 12 from 12/12/2019},
  address   = {Praha},
  publisher = {Institute of the Czech National Corpus},
  url       = {https://kontext.korpus.cz/},
}

@book{teich03,
  author    = {Elke Teich},
  year      = {2003},
  title     = {Cross-linguistic variation in system and text},
  subtitle  = {A methodology for the investigation of translations and comparable texts},
  address   = {Berlin},
  publisher = {Mouton De Gruyter},
}

@article{vachek55,
  author    = {Josef Vachek},
  year      = {1955},
  title     = {Some thoughts on the so-called complex condensation in modern {English}},
  journal   = {Sborník prací Filozofické fakulty Brněnské univerzity},
  volume    = {4},
  pages     = {63--77},
}

% olohan

@inproceedings{zaretskaya_raising_2019,
	address ={Dublin},
	title = {Raising the {TM} Threshold in Neural {MT} Post-Editing},
        subtitle = {A Case Study on Two Datasets},
	url = {https://www.mtsummit2019.com/proceedings},
	pages = {213--218},
	booktitle = {Machine Translation Summit {XVII}. {Volume} 2: {Translator}, Project and User Tracks},
	author = {Zaretskaya, Anna},
	urldate = {2020-07-07},
	year = {2019}
}

@incollection{welch_how_2017,
	address ={London and New York},
	title = {How should we understand \enquote{General Understandings}?},
	isbn = {978-1-317-19938-0},
	pages = {183--196},
	booktitle = {The Nexus of Practices},
        booksubtitle = {Connections, constellations, practitioners},
	publisher = {Routledge},
	author = {Welch, Daniel and Warde, Alan},
	editor = {Hui, Allison and Schatzki, Theodore and Shove, Elizabeth},
	year = {2017},
}

@article{warde_changes_2007,
	title = {Changes in the Practice of Eating},
        subtitle = {A Comparative Analysis of Time-Use},
	volume = {50},
	doi = {10.1177/0001699307083978},
	shorttitle = {Changes in the Practice of Eating},
	pages = {363--385},
	number = {4},
	journal = {Acta Sociologica},
	shortjournal = {Acta Sociologica},
	author = {Warde, Alan and Cheng, Shu-Li and Olsen, Wendy and Southerton, Dale},
	date = {2007-12-01},
	year = {2007},
}

@thesis{teixeira_impact_2014,
	address ={Tarragona},
	title = {The Impact of Metadata on translator performance},
        subtitle = {How translators work with translation memories and machine translation},
	institution = {Universitat Rovira i Virgili},
	type = {phdthesis},
	author = {Teixeira, Carlos S. C.},
	year = {2014}
}

@article{stahlberg_neural_2019,
	title = {Neural Machine Translation},
        subtitle = {A Review},
	volume = {1912.02047},
	url = {http://arxiv.org/abs/1912.02047v1},
	shorttitle = {Neural Machine Translation},
	journal = {{arXiv} -- Computation and Language},
	author = {Stahlberg, Felix},
	urldate = {2020-07-08},
	date = {2019-12-04},
	year = {2019},
}

@online{slator_neural_2019,
	title = {Neural machine translation report: Deploying {NMT} in operations},
	titleaddon = {Slator},
	author = {{Slator}},
	year = {2019},
}

@incollection{shove_matters_2017,
	address ={London and New York},
	title = {Matters of practice},
	isbn = {978-1-317-19938-0},
	pages = {155--168},
	booktitle = {The Nexus of Practices},
        booksubtitle = {Connections, constellations, practitioners},
	publisher = {Routledge},
	author = {Shove, Elizabeth},
	editor = {Hui, Allison and Schatzki, Theodore and Shove, Elizabeth},
	year = {2017},
}

@inproceedings{premoli_mtpe_2019,
	address ={Dublin},
	title = {{MTPE} in Patents: A Successful Business Story},
	url = {https://www.mtsummit2019.com/proceedings},
	pages = {36--41},
	booktitle = {Machine Translation Summit {XVII}. {Volume} 2: {Translator}, Project and User Tracks},
	author = {Premoli, Valeria and Murgolo, Elena and Cresceri, Diego},
	urldate = {2020-07-07},
	year = {2019},
}

@article{nicolini_zooming_2009,
	title = {Zooming In and Out: Studying Practices by Switching Theoretical Lenses and Trailing Connections},
	volume = {30},
	doi = {10.1177/0170840609349875},
	shorttitle = {Zooming In and Out},
	pages = {1391--1418},
	number = {12},
	journal = {Organization Studies},
	shortjournal = {Organization Studies},
	author = {Nicolini, Davide},
	date = {2009-12-01},
	year = {2009},
}

@article{nicolini_articulating_2009,
	title = {Articulating Practice through the Interview to the Double},
	volume = {40},
	doi = {10.1177/1350507608101230},
	pages = {195--212},
	number = {2},
	journal = {Management Learning},
	shortjournal = {Management Learning},
	author = {Nicolini, Davide},
	date = {2009-04-01},
	year = {2009},
}

@article{leblanc_les_2014,
	title = {Les mémoires de traduction et le rapport au texte: ce qu’en disent les traducteurs professionnels},
	volume = {27},
	doi = {10.7202/1037748ar},
	shorttitle = {Les mémoires de traduction et le rapport au texte},
	pages = {123--148},
	number = {2},
	journal = {{TTR}: traduction, terminologie, rédaction},
	shortjournal = {ttr},
	author = {{LeBlanc}, Matthieu},
	year = {2014},
}

@inproceedings{kosmaczewska_application_2019,
	address ={Dublin},
	title = {Application of Post-Edited Machine Translation in Fashion {eCommerce}},
	url = {https://www.mtsummit2019.com/proceedings},
	pages = {167--173},
	booktitle = {Machine Translation Summit {XVII}. {Volume} 2: {Translator}, Project and User Tracks},
	author = {Kosmaczewska, Kasia and Train, Matt},
	urldate = {2020-07-07},
	year = {2019},
}

@article{karimova_user-study_2018,
	title = {A user-study on online adaptation of neural machine translation to human post-edits},
	volume = {32},
	doi = {10.1007/s10590-018-9224-8},
	pages = {309--324},
	number = {4},
	journal = {Machine Translation},
	shortjournal = {Machine Translation},
	author = {Karimova, Sariya and Simianer, Patrick and Riezler, Stefan},
	date = {2018-12-01},
	year = {2018},
}

@collection{hui_nexus_2017,
	address ={London},
	title = {The Nexus of Practices: Connections, constellations, practitioners},
	isbn = {978-1-317-19938-0},
	shorttitle = {The Nexus of Practices},
	publisher = {Routledge},
	editor = {Hui, Allison and Schatzki, Theodore and Shove, Elizabeth},
	year = {2017},
}

@article{aharoni_massively_2019,
	title = {Massively Multilingual Neural Machine Translation},
	volume = {1903.00089},
	url = {http://arxiv.org/abs/1903.00089v3},
	journal = {{arXiv} -- Computation and Language},
	author = {Aharoni, Roee and Johnson, Melvin and Firat, Orhan},
	urldate = {2019-08-12},
	date = {2019-02-28},
	year = {2019},
}

@article{daems_interactive_2019,
	title = {Interactive adaptive {SMT} versus interactive adaptive {NMT}},
        subtitle = {A user experience evaluation},
	volume = {33},
	doi = {10.1007/s10590-019-09230-z},
	shorttitle = {Interactive adaptive {SMT} versus interactive adaptive {NMT}},
	pages = {117--134},
	number = {1},
	journal = {Machine Translation},
	shortjournal = {Machine Translation},
	author = {Daems, Joke and Macken, Lieve},
	date = {2019-06-01},
	year = {2019},
}

@article{cadwell_resistance_2018,
	title = {Resistance and accommodation},
        subtitle = {Factors for the (non-)adoption of machine translation among professional translators},
	volume = {26},
	doi = {10.1080/0907676X.2017.1337210},
	shorttitle = {Resistance and accommodation},
	pages = {301--321},
	number = {3},
	journal = {Perspectives},
	author = {Cadwell, Patrick and O’Brien, Sharon and Teixeira, Carlos S. C.},
	date = {2018-05-04},
	year = {2018},
}

@article{cadwell_human_2016,
	title = {Human factors in machine translation and post-editing among institutional translators},
	volume = {5},
	doi = {10.1075/ts.5.2.04cad},
	pages = {222--243},
	number = {2},
	journal = {Translation Spaces},
	author = {Cadwell, Patrick and Castilho, Sheila and O'Brien, Sharon and Mitchell, Linda},
	date = {2016-01-01},
	year = {2016},
}

@incollection{moorkens_assessing_2017,
	address ={London and New York},
	title = {Assessing user interface needs of post-editors of machine translation},
	isbn = {978-1-138-12329-8},
	pages = {109--130},
	booktitle = {Human Issues in Translation Technology},
	publisher = {Routledge},
	author = {Moorkens, Joss and O'Brien, Sharon},
	editor = {Kenny, Dorothy},
	year = {2017}
}

@report{directorate-general_for_communications_networks_content_and_technology_sme_2020,
	address ={Brussels},
	title = {{SME} consultation on {eTranslation} and language technologies},
	url = {https://ec.europa.eu/digital-single-market/en/news/sme-consultation-etranslation-and-language-technologies},
	institution = {European Commission},
	author = {{Directorate-General for Communications Networks, Content and Technology}},
	urldate = {2020-07-05},
	date = {2020-06-09},
	year = {2020},
}

@report{pielmeier_state_2020,
	address ={Cambridge, {MA}},
	title = {The State of the Linguist Supply Chain},
	institution = {{CSA} Research},
	author = {Pielmeier, Hélène and O'Meara, Paul},
	date = {2020-01},
}

@book{schatzki_social_2019,
	address ={London and New York},
	title = {Social Change in a Material World},
	isbn = {978-0-367-14453-1},
	publisher = {Routledge},
	author = {Schatzki, Theodore R.},
	date = {2019-05-21},
	year = {2019}
}

@inproceedings{schmidtke_automatic_2019,
	address ={Dublin},
	title = {Automatic Translation for Software with Safe Velocity},
	url = {https://www.mtsummit2019.com/proceedings},
	pages = {159--166},
	booktitle = {Machine Translation Summit {XVII}. {Volume} 2: {Translator}, Project and User Tracks},
	author = {Schmidtke, Dag and Groves, Declan},
	urldate = {2020-07-07},
	year = {2019},
}

@online{sdl_post-editing_nodate,
	title = {Post-Editing Machine Translation Training},
	url = {https://www.sdltrados.com/learning/training/post-editing-machine-translation.html},
	author = {{SDL}},
	urldate = {2020-07-07},
}

@collection{spaargaren_practice_2016,
	address ={London and New York},
	title = {Practice Theory and Research},
        subtitle = {Exploring the dynamics of social life},
	isbn = {978-1-317-32644-1},
	shorttitle = {Practice Theory and Research},
	publisher = {Routledge},
	editor = {Spaargaren, Gert and Weenink, Don and Lamers, Machiel},
	date = {2016-12-19},
	year = {2016},
}

@incollection{spaargaren_introduction_2016,
	address ={London and New York},
	title = {Introduction: Using Practice Theory to Research Social Life},
	isbn = {978-1-317-32644-1},
	pages = {3--27},
	booktitle = {Practice Theory and Research: Exploring the dynamics of social life},
	publisher = {Routledge},
	author = {Spaargaren, Gert and Lamers, Machiel and Weenink, Don},
	editor = {Spaargaren, Gert and Weenink, Don and Lamers, Machiel},
	date = {2016-12-19},
	year = {2016},
}

@article{shove_conceptualizing_2015,
	title = {Conceptualizing connections},
        subtitle = {Energy demand, infrastructures and social practices},
	volume = {18},
	doi = {10.1177/1368431015579964},
	pages = {274--287},
	number = {3},
	journal = {European Journal of Social Theory},
	shortjournal = {European Journal of Social Theory},
	author = {Shove, Elizabeth and Watson, Matt and Spurling, Nicola},
	date = {2015-08-01},
	year = {2015},
}

@incollection{schatzki_primer_2012,
	address ={Rotterdam},
	title = {A Primer on Practices},
	isbn = {978-94-6209-128-3},
	pages = {13--26},
	booktitle = {Practice-Based Education},
        booksubtitle = {Perspectives and Strategies},
	publisher = {{SensePublishers}},
	author = {Schatzki, Theodore R.},
	editor = {Higgs, Joy and Barnett, Ronald and Billett, Stephen and Hutchings, Maggie and Trede, Franziska},
	year = {2012},
	doi = {10.1007/978-94-6209-128-3_2},
}

@article{nicolini_practice_2011,
	title = {Practice as the Site of Knowing},
        subtitle = {Insights from the Field of Telemedicine},
	volume = {22},
	doi = {10.1287/orsc.1100.0556},
	shorttitle = {Practice as the Site of Knowing},
	pages = {602--620},
	number = {3},
	journal = {Organization Science},
	shortjournal = {Organization Science},
	author = {Nicolini, Davide},
	year = {2011}
}

@incollection{kemmis_ecologies_2012,
	address ={Dordrecht},
	title = {Ecologies of Practices},
	rights = {©2012 Springer Science+Business Media Dordrecht},
	pages = {33--49},
	booktitle = {Practice, Learning and Change},
	publisher = {Springer Netherlands},
	author = {Kemmis, Stephen and Edwards-Groves, Christine and Wilkinson, Jane and Hardy, Ian},
	editor = {Hager, Paul and Lee, Alison and Reich, Ann},
	year = {2012},
	doi = {10.1007/978-94-007-4774-6_3},
}

@collection{jonas_praxeological_2017,
	address ={London and New York},
	title = {Praxeological Political Analysis},
	isbn = {978-1-317-24113-3},
	publisher = {Routledge},
	editor = {Jonas, Michael and Littig, Beate},
	year = {2017},
}

@incollection{jonas_praxeological_2017-1,
	address ={London and New York},
	title = {A praxeological political analysis: an introduction},
	isbn = {978-1-317-24113-3},
	pages = {1--14},
	booktitle = {Praxeological Political Analysis},
	publisher = {Routledge},
	author = {Jonas, Michael and Littig, Beate},
	editor = {Jonas, Michael and Littig, Beate},
	year = {2017},
}

@incollection{buch_studying_2015,
	address ={Cham},
	title = {Studying Engineering Practice},
	rights = {©2015 Springer International Publishing Switzerland},
	pages = {129--145},
	booktitle = {Engineering Identities, Epistemologies and Values},
	publisher = {Springer},
	author = {Buch, Anders},
	editor = {Christensen, Steen Hyldgaard and Didier, Christelle and Jamison, Andrew and Meganck, Martin and Mitcham, Carl and Newberry, Byron},
	year = {2015},
	doi = {10.1007/978-3-319-16172-3_7},
}

@collection{brauchler_theorising_2010,
	address ={New York and Oxford},
	title = {Theorising Media and Practice},
	isbn = {978-0-85745-417-1},
	publisher = {Berghahn Books},
	editor = {Bräuchler, Birgit and Postill, John},
	year = {2010},
}

@incollection{schatzki_practice_2016,
	address ={London and New York},
	title = {Practice Theory as Flat Ontology},
	isbn = {978-1-317-32644-1},
	pages = {28--42},
	booktitle = {Practice Theory and Research},
        booksubtitle = {Exploring the dynamics of social life},
	publisher = {Routledge},
	author = {Schatzki, Theodore R.},
	editor = {Spaargaren, Gert and Weenink, Don and Lamers, Machiel},
	date = {2016-12-19},
	year = {2016},
}

@article{reckwitz_toward_2002,
	title = {Toward a Theory of Social Practices},
        subtitle = {A Development in Culturalist Theorizing},
	volume = {5},
	doi = {10.1177/13684310222225432},
	shorttitle = {Toward a theory of social practices},
	pages = {243--263},
	number = {2},
	journal = {European Journal of Social Theory},
	shortjournal = {European Journal of Social Theory},
	author = {Reckwitz, Andreas},
	year = {2002},
}

@incollection{brauchler_introduction_2010,
	address ={New York and Oxford},
	title = {Introduction},
        subtitle = {Theorising Media and Practice},
	isbn = {978-0-85745-417-1},
	pages = {1--32},
	booktitle = {Theorising Media and Practice},
	publisher = {Berghahn Books},
	author = {Postill, John},
	editor = {Bräuchler, Birgit and Postill, John},
	year = {2010},
}

@book{warde_practice_2016,
	address ={Cambridge},
	title = {The Practice of Eating},
	isbn = {978-0-7456-9174-9},
	publisher = {Polity Press},
	author = {Warde, Alan},
	year = {2016},
}

@book{schatzki_site_2002,
	address ={University Park, {PA}},
	title = {The Site of the Social},
        subtitle = {A Philosophical Account of the Constitution of Social Life and Change},
	isbn = {978-0-271-02292-5},
	shorttitle = {The Site of the Social},
	publisher = {Pennsylvania State University Press},
	author = {Schatzki, Theodore R.},
	date = {2002-01-01},
	year = {2002}
}

@book{nicolini_practice_2012,
	address ={Oxford},
	title = {Practice Theory, Work, and Organization},
        subtitle = {An Introduction},
	isbn = {978-0-19-923159-1},
	shorttitle = {Practice Theory, Work, and Organization},
	publisher = {Oxford University Press},
	author = {Nicolini, Davide},
	date = {2012-12-20},
	year = {2012},
}

@misc{kantanmt_post-editing_nodate,
	title = {Post-editing guidelines},
	url = {http://kantanmt.com/documents/Post-Editing_Guidelines.pdf},
	publisher = {{KantanMT}},
	author = {{KantanMT}},
	urldate = {2019-08-25}
}

@misc{british_standards_institution_iso_2017,
	title = {{ISO} 18587:2017 Translation Services - Post-editing of machine translation output - Requirements},
	publisher = {{BSI} Standards Limited},
	author = {{British Standards Institution}},
	year = {2017}
}

@misc{taus_mt_2015,
	title = {{MT} Post-editing guidelines},
	url = {https://www.taus.net/think-tank/reports/postedit-reports/taus-post-editing-guidelines},
	publisher = {{TAUS}},
	author = {{TAUS}},
	urldate = {2019-08-25},
	year = {2015}
}

@report{faes_slator_2019,
	title = {Slator 2019 Language Industry Market Report},
	institution = {Slator {AG}},
	author = {Faes, Florian},
	year = {2019}
}

@misc{british_standards_institution_iso_2015,
	title = {{ISO} 17100:2015 Translation Services - Requirements for translation services},
	publisher = {{BSI} Standards Limited},
	author = {{British Standards Institution}},
	year = {2015}

}
@book{cronin_eco-translation_2017,
	address ={London and New York},
	title = {Eco-Translation},
        subtitle = {Translation and Ecology in the Age of the Anthropocene},
	isbn = {978-1-317-42388-1},
	shorttitle = {Eco-Translation},
	publisher = {Routledge},
	author = {Cronin, Michael},
	year = {2017},
}
@inproceedings{devlin_sharp_2017,
	address ={Copenhagen},
	title = {Sharp Models on Dull Hardware},
        subtitle = {Fast and Accurate Neural Machine Translation Decoding on the {CPU}},
	eventtitle = {Conference on Empirical Methods in Natural Language Processing},
	booktitle = {Proceedings of the 2017 Conference on Empirical Methods in Natural Language Processing},
	publisher = {Association for Computational Linguistics},
	author = {Devlin, Jacob},
	year = {2017}
}

@online{graciet_translator_2018,
	title = {A translator reviews {TAUS} post-editing course},
	url = {https://elearning.taus.net/tausblog/a-translator-reviews-taus-post-editing-course},
	titleaddon = {{TAUS} Blog},
	author = {Graciet, Céline},
	urldate = {2019-08-26},
	date = {2018-05-29}
}
@article{gois_translator2vec:_2019,
	title = {Translator2Vec},
        subtitle = {Understanding and Representing Human Post-Editors},
	volume = {1907.10362},
	url = {http://arxiv.org/abs/1907.10362v1},
	shorttitle = {Translator2Vec},
	journal = {{arXiv} -- Computation and Language},
	author = {Góis, António and Martins, André F. T.},
	urldate = {2019-08-28},
	date = {2019-07-24},
	year = {2019},
}
@report{elia_2018_2018,
	title = {2018 Language Industry Survey - Expectations and Concerns of the European Language Industry},
	author = {{ELIA} and {EMT} and {EUATC} and {FIT Europe} and {GALA} and {LIND}},
	year = {2018}
}

@article{katz_becoming_2019,
	title = {On Becoming an Ethnographer},
	volume = {48},
	doi = {10.1177/0891241618777801},
	pages = {16--50},
	number = {1},
	journal = {Journal of Contemporary Ethnography},
	shortjournal = {Journal of Contemporary Ethnography},
	author = {Katz, Jack},
	year = {2019},
}

@inproceedings{nunziatini_machine_2019,
	address ={Dublin},
	title = {Machine Translation in the Financial Services Industry},
        subtitle = {A Case Study},
	url = {https://www.mtsummit2019.com/proceedings},
	pages = {57--63},
	booktitle = {Machine Translation Summit {XVII}. {Volume} 2: {Translator}, Project and User Tracks},
	author = {Nunziatini, Mara},
	urldate = {2020-07-07},
	year = {2019},

}
@book{olohan_translation_2021,
	address ={London and New York},
	title = {Translation and Practice Theory},
	publisher = {Routledge},
	author = {Olohan, Maeve},
	year = {2021}
}
@book{schatzki_social_1996,
	address ={Cambridge},
	title = {Social Practices},
        subtitle = {A {W}ittgensteinian approach to human activity and the social},
	shorttitle = {Social Practices},
	publisher = {Cambridge University Press},
	author = {Schatzki, Theodore R.},
	year = {1996}
}

@incollection{schatzki_introduction:_2001,
	address ={London and New York},
	title = {Introduction},
        subtitle = {Practice theory},
	isbn = {978-0-415-22813-8},
	pages = {1--14},
	booktitle = {The Practice Turn in Contemporary Theory},
	publisher = {Routledge},
	author = {Schatzki, Theodore R.},
	editor = {Schatzki, Theodore R. and Knorr-Cetina, Karin and Savigny, Eike von},
	year = {2001},
}
@book{shove_dynamics_2012,
	address ={London},
	title = {The Dynamics of Social Practice},
	isbn = {978-1-4462-5817-0},
	publisher = {{SAGE}},
	author = {Shove, Elizabeth and Pantzar, Mika and Watson, Matt},
	year = {2012}
}
@article{wu_googles_2016,
	title = {Google's Neural Machine Translation System},
        subtitle = {Bridging the Gap between Human and Machine Translation},
	volume = {1609.0814},
	url = {http://arxiv.org/abs/1609.08144v2},
	shorttitle = {Google's Neural Machine Translation System},
	journal = {{arXiv} -- Computation and Language},
	author = {Wu, Yonghui and Schuster, Mike and Chen, Zhifeng and Le, Quoc V. and Norouzi, Mohammad and Macherey, Wolfgang and Krikun, Maxim and Cao, Yuan and Gao, Qin and Macherey, Klaus and Klingner, Jeff and Shah, Apurva and Johnson, Melvin and Liu, Xiaobing and Kaiser, Łukasz and Gouws, Stephan and Kato, Yoshikiyo and Kudo, Taku and Kazawa, Hideto and Stevens, Keith and Kurian, George and Patil, Nishant and Wang, Wei and Young, Cliff and Smith, Jason and Riesa, Jason and Rudnick, Alex and Vinyals, Oriol and Corrado, Greg and Hughes, Macduff and Dean, Jeffrey},
	urldate = {2019-08-10},
	date = {2016-09-26},
	year = {2016},
}
@inproceedings{zaretskaya_optimising_2019,
	address ={Varna, Bulgaria},
	title = {Optimising the Machine Translation Post-editing Workflow},
	doi = {10.26615/issn.2683-0078.2019_018},
	pages = {136--139},
	booktitle = {Proceedings of the Human-Informed Translation and Interpreting Technology Workshop ({HiT}-{IT} 2019)},
	publisher = {Incoma Ltd.},
	author = {Zaretskaya, Anna},
	date = {2019-09}
}
@inproceedings{girletti_preferences_2019,
	address ={London},
	title = {Preferences of end-users for raw and post-editing {NMT} in a business environment},
	eventtitle = {Translating and the Computer 41},
	pages = {47--59},
	booktitle = {Translating and the Computer 41},
	publisher = {{AsLing}},
	author = {Girletti, Sabrina and Bouillon, Pierrette and Bellodi, Martina and Ursprung, Philipp},
	year = {2019}
}

@inproceedings{gupta_improving_2019,
	address ={Dublin},
	title = {Improving Robustness in Real-World Neural Machine Translation Engines},
	url = {https://www.mtsummit2019.com/proceedings},
	pages = {142--148},
	booktitle = {Machine Translation Summit {XVII}. {Volume} 2: {Translator}, Project and User Tracks},
	author = {Gupta, Rohit and Lambert, Patrick and Patel, Raj Nath and Tinsley, John},
	urldate = {2020-07-07},
	year = {2019},
}
@inproceedings{silva_improving_2019,
	address ={Dublin},
	title = {Improving Domain Adaptation for Machine Translation with Translation Pieces},
	url = {https://www.mtsummit2019.com/proceedings},
	pages = {204--212},
	booktitle = {Machine Translation Summit {XVII}. {Volume} 2: {Translator}, Project and User Tracks},
	author = {Silva, Catarina},
	urldate = {2020-07-07},
	year = {2019},
}
@article{canfora_risks_2020,
	title = {Risks in neural machine translation},
	volume = {9},
	doi = {10.1075/ts.00021.can},
	pages = {58--77},
	number = {1},
	journal = {Translation Spaces},
	author = {Canfora, Carmen and Ottmann, Angelika},
	date = {2020-08-17},
	year = {2020},
}

@article{nitzke_risk_2019,
	title = {Risk management and post-editing competence},
	pages = {239--259},
	volume = {31},
	journal = {The Journal of Specialised Translation},
	author = {Nitzke, Jean and Hansen-Schirra, Silvia and Canfora, Carmen},
	year = {2019}
}

@article{olohan_knowing_2017,
	title = {Knowing in translation practice: A practice-theoretical perspective},
	volume = {6},
	doi = {10.1075/ts.6.1.08olo},
	pages = {160--181},
	number = {1},
	journal = {Translation Spaces},
	author = {Olohan, Maeve},
	year = {2017}
}

@collection{hurtado_albir_researching_2017,
	address ={Amsterdam and Philadelphia},
	title = {Researching Translation Competence by {PACTE} Group},
	publisher = {John Benjamins},
	editor = {Hurtado Albir, Amparo},
	year = {2017}
}

@incollection{blue_how_2016,
	address ={London and New York},
	title = {How social practices generate, carry and require knowledge and know-how},
	isbn = {978-1-317-37793-1},
	pages = {188--191},
	booktitle = {Knowledge and Practice in Business and Organisations},
	publisher = {Routledge},
	author = {Blue, Stanley and Shove, Elizabeth},
	editor = {Orr, Kevin and Nutley, Sandra and Russell, Shona and Bain, Rod and Hacking, Bonnie and Moran, Clare},
	year = {2016},
}

@report{emt_board_european_2017,
	address ={Brussels},
	title = {European Master's in Translation Competence Framework 2017},
	institution = {European Commission},
	author = {{EMT Board}},
	year = {2017}
}

@article{gopferich_translation_2013,
	title = {Translation competence},
        subtitle = {Explaining development and stagnation from a dynamic systems perspective},
	volume = {25},
	doi = {10.1075/target.25.1.06goe},
	shorttitle = {Translation competence},
	pages = {61--76},
	number = {1},
	journal = {Target},
	author = {Göpferich, Susanne},
	year = {2013},
}

@article{pym_redefining_2003,
	title = {Redefining translation competence in an electronic age},
        subtitle = {In defence of a minimalist approach},
	volume = {48},
	pages = {481--497},
	number = {4},
	journal = {Meta},
	author = {Pym, Anthony},
	year = {2003},
}	

@article{moorkens_correlations_2015,
	title = {Correlations of perceived post-editing effort with measurements of actual effort},
	volume = {29},
	doi = {10.1007/s10590-015-9175-2},
	pages = {267--284},
	number = {3},
	journal = {Machine Translation},
	shortjournal = {Machine Translation},
	author = {Moorkens, Joss and O’Brien, Sharon and da Silva, Igor A. L. and de Lima Fonseca, Norma B. and Alves, Fabio},
	date = {2015-12-01},
	year = {2015},
}

@article{herbig_multi-modal_2019,
	title = {Multi-modal indicators for estimating perceived cognitive load in post-editing of machine translation},
	volume = {33},
	doi = {10.1007/s10590-019-09227-8},
	pages = {91--115},
	number = {1},
	journal = {Machine Translation},
	shortjournal = {Machine Translation},
	author = {Herbig, Nico and Pal, Santanu and Vela, Mihaela and Krüger, Antonio and van Genabith, Josef},
	date = {2019-06-01},
	year = {2019},
}

@article{macken_quantifying_2020,
	title = {Quantifying the Effect of Machine Translation in a High-Quality Human Translation Production Process},
	volume = {7},
	doi = {10.3390/informatics7020012},
	number = {2},
	journal = {Informatics},
	author = {Macken, Lieve and Prou, Daniel and Tezcan, Arda},
	year = {2020},
}
