%% This BibTeX bibliography file was created using BibDesk.
%% http://bibdesk.sourceforge.net/

%% Created for PatriziaPaggio at 2017-06-20 12:42:05 +0200 


%% Saved with string encoding Unicode (UTF-8)
%% Revised and corrected PP 4 Nov 2017



@techreport{lj86,
	Author = {Llewellyn-Jones, Peter},
	Date-Added = {2017-06-20 10:34:41 +0000},
	Date-Modified = {2017-06-20 10:35:19 +0000},
	Title = {Report on Phase III of the Project A Visit to {M}alta 30th November to 11th December 1986},
	Year = {1986}}

@misc{kumm98,
	Author = {Kummissjoni Ministerjali dwar l-Edukazzjoni tal-Persuni Neqsin mis-Smigħ. (Board of Studies for the Postgraduate Certificate for the Teaching of Deaf Children)},
	Date-Added = {2017-06-20 10:33:37 +0000},
	Date-Modified = {2017-06-20 10:34:26 +0000},
	Howpublished = {Institute of Linguistics: University of {M}alta. },
	Title = {L-Edukazzjoni tal-Persuni Neqsin mis-Smigħ },
	Year = {1998}}

@misc{knpd91,
	Date-Added = {2017-06-20 10:32:15 +0000},
	Date-Modified = {2017-06-20 10:33:13 +0000},
	Howpublished = {Partnership Between Deaf People and Professionals. {P}roceedings of a Conference},
	Title = {KNPD and Initiatives for Deaf Education in the Third World},
	Year = {1998}}

@inproceedings{bezz91,
	Author = {Alfred Bezzina},
	Booktitle = {Partnership Between Deaf People and Professionals. {P}roceedings of a Conference},
	Date-Added = {2017-06-20 10:22:33 +0000},
	Date-Modified = {2017-06-20 10:25:11 +0000},
	Organization = {Ministry for Social Policy ({M}alta).},
	Pages = {44-49},
	Title = {Parents of deaf children},
	Year = {1991}}

@misc{actXVII,
	Howpublished = {Government Gazzette Supplement 24th March 2016: {M}alta},
	Note = {http://justiceservices.gov.mt/DownloadDocument.aspx?app=lp&itemid=27486&l=1},
	Title = {ACT No. XVII of 2016 (ATT Nru XVII tal-2016 ). AN ACT to provide for the setting up of the {M}altese {S}ign {L}anguage Council, and for matters ancillary or consequential thereto.},
	Year = {2016}}

%@mastersthesis{azz2001,
%	Author = {Azzopardi, Maria},
%	School = {Unpublished BA Hons thesis, Institute of Linguistics University of {M}alta},
%	Title = {The {M}altese {S}ign {L}anguage ({LSM}) variety of two {D}eaf {M}altese children: An Analysis.},
%	Year = {2001}}

@Unpublished{azz2001,
  author = 	 {Azzopardi, Maria},
  title = 	 {The {M}altese {S}ign {L}anguage ({LSM}) variety of two {D}eaf {M}altese children: An Analysis.},
  note = 	 {Unpublished BA Hons thesis, Institute of Linguistics University of {M}alta},
  OPTkey = 	 {},
  OPTmonth = 	 {},
  year = 	 {2001},
  OPTannote = 	 {}
}

@incollection{aa15,
	Author = {Azzopardi-Alexander, Marie},
	Booktitle = {Languages in Contact 2014},
	Editor = {Mianowski, Jacek and Buczek, Katarzyna and Knapik, Aleksandra R},
	Publisher = {Wroclaw: Philological School of Higher Education and Committee for Philology, Polish Academy of Sciences Wroclaw Branch, in cooperation with International Communicology Institute, Washington, D.C},
	Title = {Accommodation of {M}altese {S}ign {L}anguage -- The Forging of an Identity},
	Year = {2015}}

@incollection{a09,
	Author = {Azzopardi-Alexander, Marie},
	Booktitle = {{M}altese Linguistics: A Snapshot In Memory of {J}oseph {A}. {C}remona (1922-2003)},
	Editor = {Ray Fabri},
	Publisher = {Bochum: Brockmeyer},
	Title = {Iconicity and the Development of {M}altese {S}ign {L}anguage},
	Year = {2009}}

@book{a04,
	Address = {{M}alta},
	Author = {Azzopardi-Alexander, Marie},
	Publisher = {Fondazzjoni {Z}vilupp {L}ingwa tas-{S}injali {M}altija},
	Title = {Dizzjunarju -- Il-{L}ingwa tas-{S}injali {M}altija Vol.2 Postijiet},
	Year = {2004}}

@book{a03,
	Address = {{M}alta},
	Author = {Azzopardi-Alexander, Marie},
	Publisher = {Fondazzjoni {Z}vilupp {L}ingwa tas-{S}injali {M}altija},
	Title = {Dizzjunarju -- Il-{L}ingwa tas-{S}injali {M}altija Vol.1 Annimali},
	Year = {2003}}

@mastersthesis{a05,
	Author = {Azzopardi-Axiaq, Sonia},
	School = {Linguistics thesis. University of {M}alta},
	Title = {A study of the communication skills of a small group of deaf children},
	Year = {2005}}

@inproceedings{ba91,
	Author = {Borg, Alex},
	Date-Modified = {2017-06-20 10:26:44 +0000},
	Organization = {Ministry for Social Policy ({M}alta)},
	Pages = {50-54},
	Title = {How the {M}altese deaf communicate},
	Booktitle = {Partnership Between Deaf People and Professionals. {P}roceedings of a Conference },
	Year = {1991}}

@inproceedings{bk91,
	Author = {Borg, Karl},
	Date-Modified = {2017-06-20 10:26:27 +0000},
	Journal = {p},
	Organization = {Ministry for Social Policy ({M}alta)},
	Pages = {41-43},
	Title = {A deaf person's view of life for deaf people in {M}alta},
	Booktitle = {Partnership Between Deaf People and Professionals. {P}roceedings of a Conference},
	Year = {1991}}

@book{c96,
	Address = {London},
	Author = {Corker, Mairian},
	Publisher = {Jessica Kingsley Publ},
	Title = {Deaf Transitions: Images and Origins of {D}eaf Families, {D}eaf Communities and {D}eaf Identities},
	Year = {1996}}

@unpublished{d88,
	Author = {D'Amato, Tania},
	Comment = {Unpubl B. Ed. thesis. University of {M}alta},
	Date-Modified = {2017-06-20 10:27:41 +0000},
	Title = {Some aspects of the communicative competence of a {M}altese deaf boy},
	Year = {1988}}

@unpublished{f02,
	Author = {Fenech, Damaris},
	Date-Modified = {2017-06-20 10:28:08 +0000},
	Note = {Unpublished B.Sc Hons thesis. University of {M}alta},
	Title = {Narrative Skills in {M}altese sign-oriented {D}eaf 13 -- 14 year olds},
	Year = {2002}}

@inproceedings{g91,
	Author = {Galea, Antoinette},
	Date-Modified = {2017-06-20 10:28:58 +0000},
	Organization = {Ministry for Social Policy ({M}alta)},
	Pages = {35-40},
	Title = {An Outline of the Growth and the Present State of Education of the Deaf in {M}alta},
	Booktitle = {Partnership Between Deaf People and Professionals. {P}roceedings of a Conference },
	Year = {1991}}

@mastersthesis{g06,
	Author = {Galea, Maria},
	School = {Institute of Linguistics. University of {M}alta},
	Title = {Classifier constructions in {LSM}: An analysis.},
	Year = {2006}}

@unpublished{g08,
	Author = {Galea, Maria},
	Date-Modified = {2017-06-20 10:30:39 +0000},
	Month = {February},
	Note = {{M}alta: University of {M}alta, Institute of Linguistics, retrieved February 2014},
	Title = {Rakkonti tal-Milied bil-kitba tal-lingwa tas-sinjali Maltija ({LSM}) [Christmas Stories in SignWriting of {M}altese {S}ign {L}anguage ({LSM}])},
	Url = {https://www.academia.edu/attachments/31010682/download_file?st=MTM5NDUzMDkzNSw5Mi4yNTEuMy4yMDUsMTE2NzE4Nw},
	Year = {2008},
	Bdsk-Url-1 = {https://www.academia.edu/attachments/31010682/download_file?st=MTM5NDUzMDkzNSw5Mi4yNTEuMy4yMDUsMTE2NzE4Nw}}

@phdthesis{g14,
	Author = {Galea, Maria},
	Date-Modified = {2017-06-20 10:31:37 +0000},
	Publisher = {University of {M}alta},
	Title = {SignWriting (SW) of {M}altese {S}ign {L}anguage ({LSM}) and its development into an orthography: Linguistic considerations},
	Year = {2014}}

@book{KB79,
	Address = {Cambridge, Massachusetts},
	Author = {Klima, Edward and Bellugi, Ursula.},
	Publisher = {Harvard University Press},
	Title = {The Signs of Language},
	Year = {1979}}

@mastersthesis{m10,
	Author = {Mifsud, Maria},
	Date-Modified = {2017-06-20 10:35:39 +0000},
	School = {University of {M}alta},
	Title = {A Study of Superordinates and Hyponyms in {M}altese {S}ign {L}anguage},
	Year = {2010}}

@misc{o16,
	Date-Modified = {2017-06-20 10:36:33 +0000},
    Author = {{National Statistics Office}},
	Institution = {External Cooperation and Communication Unit, National Statistics Office},
    Address = {Valletta: {M}alta},
	Month = {May 31},
	Pages = {2016},
	Title = {New Release -- Student Enrollments in 2014-2015},
	Note = {Retrieved on 24 October 2017},
	Url = {https://nso.gov.mt/en/News_Releases/View_by_Unit/Unit_C4/Education_and_Information_Society_Statistics/Documents/2016/News2016_202.pdf},
	Year = {2016}}

@incollection{n08,
	Address = {Amsterdam},
	Author = {Niederberger, Nathalie},
	Booktitle = {Sign Bilingualism},
	Editor = {Carolina and Morales-L{\'o}pez},
	Pages = {29-50},
	Publisher = {John Benjamins Publ. Co},
	Title = {Does the knowledge of a natural sign language facilitate deaf children's learning to read and write?},
	Year = {2008}}

@book{ol14,
	Address = {Washington D.C.},
	Author = {Oliva, Gina A. and Lytle, Linda Risser},
	Publisher = {Gallaudet University Press},
	Title = {Turning the Tide -- Making Life Better for {D}eaf and Hard of Hearing Schoolchildren},
	Year = {2014}}

@unpublished{p07,
	Author = {Pace, Terry},
	Date-Modified = {2017-06-20 10:37:25 +0000},
	Note = {Unpubl. PG Dipl. thesis},
	Title = {Early Intervention for Hearing Impaired Children 0 - 3 and their Families. {A} Policy Proposal},
	Year = {2007}}

@unpublished{p95,
	Author = {Porter, Denise},
	Date-Modified = {2017-06-20 10:37:47 +0000},
	Note = {Unpubl B.Sc Hons thesis. University of {M}alta},
	Title = {Aspects of the communication system of two {M}altese adults with a hearing impairment},
	Year = {1995}}

@book{rr05,
	Address = {US},
	Author = {Reilly, Charles B. and Reilly, Nipapon},
	Publisher = {Gallaudet University Press},
	Title = {The Rising of Lotus Flowers. {S}elf-Education by {D}eaf Children in {T}hai Boarding Schools},
	Year = {2005}}

@book{s95,
	Address = {USA},
	Author = {Sutton, Valerie},
	Publisher = {The Deaf Action Committee for Sign Writing},
	Title = {Lessons in Signwriting: Textbook \& Workbook},
	Year = {1995}}

@book{sg07,
	Address = {Gloucestershire, UK},
	Author = {Swanwick, Ruth and Gregory, Susan},
	Date-Modified = {2017-06-20 10:38:45 +0000},
	Publisher = {Douglas McLean Publ},
	Title = {Sign Bilingual Education - Policy and Practice},
	Year = {2007}}

@book{t09,
	Address = {Washington D.C.},
	Author = {Torres, Andr{\'e}s},
	Publisher = {Gallaudet University Press},
	Title = {Signing in {P}uerto {R}ican},
	Year = {2009}}
    
@incollection{woll84,
  author = 	 {Woll, Bencie},
  title = 	 {The comparative study of different sign languages: Preliminary analyses},
  booktitle = 	 {Recent Research on European {S}ign {L}anguages},
  publisher = {Lisse: Swets \& Zeitlinger},
  year = 	 {1984},
  editor = 	 {Loncke, F. and Boyes-Braem, P. and Lebrun, Y. },
  pages = 	 {79-91}
}


