@Book{culicover2009natural,
  author = 	 {Culicover, Peter W},
  title = 	 {Natural language syntax},
  address={Oxford, UK},
  publisher = 	 {Oxford University Press},
  year = 	 {2009}
}


@Book{davies2008grammar,
  author = 	 {Davies, William D and Dubinsky, Stanley},
  title = 	 {The grammar of raising and control: A course in syntactic argumentation},
  publisher = 	 {Blackwell},
  address= {Oxford, UK},
  year = 	 {2008}
}

@InProceedings{Alotaibi2013,
	author = {Yasir Alotaibi and Muhammad Alzaidi and Maris Camilleri and Shaimaa ElSadek and Louisa Sadler},
	title={Psychological predicates and verbal complementation in {A}rabic},
	year = {2013},
	booktitle = {Proceedings of the {LFG} 2013 Conference},
	editor = {Miriam Butt and Tracy Holloway King},
	publisher = {{CSLI} Publications},
	address = {Stanford, CA}
	}

@InProceedings{Sells06,
  author = 	 {Peter Sells},
  title = 	 {Using Subsumption rather than Equality in Functional Control},
  booktitle = {{P}roceedings of the {LFG} 2006 {C}onference},
  year = 	 {2006},
  editor = 	 {Miriam Butt and Tracy Holloway King},
	publisher = {{CSLI} Publications},
	address = {Stanford, CA}
}


@article{stiebels2007towards,
Author = {Stiebels, Barbara},
Journal = {ZAS Papers in Linguistics},
Pages = {1--80},
Title = {Towards a typology of complement control},
Volume = {47},
Year = {2007}
}

@unpublished{Fabri:87,
	author = {Ray Fabri},
	note = {MA Dissertation, University of Dusseldorf},
	title = {{An analysis of grammatical agreement in Maltese}},
	year = {1987}
}

@InProceedings{Arka:control,
	author = {I Wayan Arka},
	year = {2000},
	booktitle = {{Proceedings of the 4th International {M}alay and {I}ndonesian Symposium}},
	title = {{Control theory and argument structure: {{E}}xplaining control into Subject in {I}ndonesian}}
}

@phdthesis{Soltan:PhD,
	author = {Usama Soltan},
	school = {University of Maryland},
	title = {{On Formal Feature Licensing in Minimalism: {A}spects of {Standard Arabic} Morphosyntax}},
	year = {2007}
}

@phdthesis{Kibort04,
	author = {Anna Kibort},
	school = {University of Cambridge},
	title = {Passive and passive-like constructions in {English} and {P}olish},
	year = {2004}
}

@phdthesis{Camilleriphd14,
	school = {University of {S}urrey},
	author = {Maris Camilleri},
	title = {The stem in inflectional verbal paradigms in {M}altese},
	year = {2014}
}

@phdthesis{Camilleri16,
	author = {Maris Camilleri},
	date-added = {2017-05-23 13:43:19 +0000},
	date-modified = {2017-05-23 13:45:26 +0000},
	school = {{U}niversity of {E}ssex},
	title = {{T}emporal and aspectual auxiliaries in {M}altese},
	year = {2016}
}

@phdthesis{Asudeh:PhD,
	author = {Ash Asudeh},
	key = {Asudeh 2004},
	school = {Stanford University},
	title = {Resumption as Resource Management},
	year = {2004}
}

@inproceedings{wescoat2005english,
	author = {Wescoat, Michael T and Butt, Miriam and King, Tracy Holloway},
	booktitle = {{Proceedings of the {LFG} 2005 Conference}},
	pages = {468--486},
	title = {{English} nonsyllabic auxiliary contractions: {A}n analysis in {LFG} with lexical sharing},
	year = {2005},
	publisher = {{CSLI} Publications},
	address = {Stanford, CA}
}

@inproceedings{buttcatalan,
	author = {A. Alsina},
	booktitle = {Proceedings of the {LFG} 2010 Conference},
	editor = {M. Butt and T. King},
	pages = {5--24},
	publisher = {{CSLI} Publications},
	address = {Stanford, CA},
	title = {The {Catalan} definite article as lexical sharing},
	year = {2010}
}

@inproceedings{ZaenenKaplan02,
	author = {Annie Zaenen and Ron Kaplan},
	booktitle = {Proceedings of the {LFG} 2002 Conference},
	editor = {Miriam Butt and Tracy Holloway King},
	title = {Subsumption and Equality: {G}erman Partial Fronting in {LFG}},
	address = {Stanford, CA},
	publisher = {{CSLI} Publications},
	year = {2002}
}

@inproceedings{VE95,
	author = {Frank {Van Eynde}},
	booktitle = {Proceedings of the sixth International Conference on Theoretical and Methodological Issues in Machine Translation ({TMI}'95)},
	address = {Leuven, Belgium},
	pages={67-86},
	title = {A sign-based approach to the translation of temporal expressions},
	year = {1995}
}

@inproceedings{PotRun,
	author = {Eric Potsdam and Jeffrey T Runner},
	booktitle = {{Papers from the 37th {Chicago} {L}inguistic {S}ociety, Main Session}},
	publisher = {CLS},
	address =  {Chicago, Ill},
	page = {453-468},
	title = {{Richard Returns: {C}opy Raising and Its Implications}},
	volume = {1},
	year = {2001}
}

@inproceedings{DL:COMP,
	author = {Mary Dalrymple and Helge L{\o}drup},
	booktitle = {Proceedings of the {LFG} 2000 Conference},  
	Editor = {Miriam Butt and Tracy Holloway King},
	title = {The grammatical functions of complement clauses},
	year = {2000},
	address={Stanford, CA},
	publisher={{CSLI} Publications}
}

@inproceedings{CES:LFG14,
	address={Stanford, CA},
	publisher={{CSLI} Publications},
	author = {Maris Camilleri and Shaimaa ElSadek and Louisa Sadler},
	booktitle = {Proceedings of the {LFG} 2014 Conference},
	editor = {Miriam Butt and Tracy Holloway King},
	pages = {179--199},
	title = {Perceptual Reports in (varieties of) {Arabic}},
	year = {2014}
}

@inproceedings{Bresnan:LFG97,
	author = {Joan Bresnan},
	booktitle = {Proceedings of the {LFG} 1997 Conference}, 
	editor = {Miriam Butt and Tracy King},
	pages = {1--17},
	title = {Mixed Categories as Head Sharing Constructions},
	year = {1997},
	address={Stanford, CA},
	publisher={{CSLI} Publications},
}

@inproceedings{Alsina:08,
	address={Stanford, CA},
	publisher={{CSLI} Publications},
	author = {Alex Alsina},
	booktitle = {Proceedings of the {LFG} 2008 Conference},  
	editor = {Miriam Butt and Tracy Holloway King},
	pages = {5--25},
	title = {{A Theory of Structure Sharing: {F}ocusing on Long-Distance Dependencies and Parasitic Gaps}},
	year = {2008}
}

@incollection{fujii07,
	address = {Amsterdam/Philadelphia},
	publisher = {John Benjamins},
	author = {Tomohiro Fujii},
	booktitle = {The Copy Theory of Movement},
	editor = {Norbert Corver and Jairo Nunes},
	pages = {291--326},
	title = {Cyclic chain reduction},
	year = {2007}
}

@incollection{ashT06,
	address={Stanford, CA},
	publisher={{CSLI} Publications},,
	author = {Ash Asudeh and Ida Toivonen},
	booktitle = {Proceedings of the {LFG} 2006 Conference},
	editor = {Miriam Butt and Tracy Holloway King},
	pages = {14--29},
	title = {Expletives and the syntax and semantics of copy raising},
	year = {2006}
}

@incollection{Peterson:09,
	address = {Amsterdam/Philadelphia},
	author = {John Peterson},
	booktitle = {Introducing {M}altese Linguistics},
	editor = {Bernard Comrie and Ray Fabri and Elizabeth Hume and Manwel Mifsud and Thomas Stolz and Martine Vanhove},
	pages = {181--205},
	publisher = {John Benjamins},
	title = {{"Pseudo-verbs": {A}n analysis of non-verbal (co-)predication in {M}altese.}},
	year = {2009}
}

@incollection{Maling:Adjectives,
	address = {Dordrecht},
	author = {Joan Maling},
	booktitle = {Linguistic Categories: {A}uxiliaries and Related Puzzles, volume 1},
	editor = {Frank Heny},
	publisher = {D. Reidel},
	title = {Transitive adjectives: {A} case of categorial reanalysis},
	year = {1983}
}

@incollection{Kib:07,
	author = {Anna Kibort},
	booktitle = {Proceedings of the {LFG} 2007 Conference},
	address={Stanford, CA},
	publisher={{CSLI} Publications},
	editor = {Miriam Butt and Tracy Holloway King},
	pages = {250--270},
	title = {{Extending the applicability of Lexical Mapping Theory}},
	year = {2007}
}

@incollection{KaplanBresnan:LFG,
	address = {Cambridge, MA},
	author = {Ronald M. Kaplan and Joan Bresnan},
	booktitle = {The Mental Representation of Grammatical Relations},
	editor = {Joan Bresnan},
	pages = {173--281},
	publisher = {The MIT Press},
	sortname = {Ronald M. Kaplan and Joan Bresnan},
	title = {{{L}exical-{F}}unctional {G}rammar: {A} Formal System for Grammatical Representation},
	year = {1982}
}

@incollection{Chomsky:RON,
	address = {Waltham, MA},
	author = {Noam Chomsky},
	booktitle = {Readings in {{E}}nglish Transformational Grammar},
	date-modified = {2015-06-16 19:25:15 +0000},
	editor = {R. Jacobs and P. Rosenbaum},
	key = {Chomsky 1970},
	pages = {143--160},
	publisher = {Ginn and Company},
	title = {Remarks on Nominalization},
	year = {1970}
}

@incollection{Bresnan:ContComp,
	address = {Cambridge, MA},
	author = {Joan Bresnan},
	booktitle = {The Mental Representation of Grammatical Relations},
	editor = {Joan Bresnan},
	key = {Bresnan 1982},
	pages = {282--390},
	publisher = {The MIT Press},
	title = {Control and Complementation},
	year = {1982}
}

@book{vanhovephd,
	address = {Wiesbaden},
	author = {Vanhove, Martine},
	publisher = {Harrassowitz},
	title = {{La} langue maltaise: {E}tudes syntaxiques d'un dialecte arabe "p{\'e}riph{\'e}rique"},
	year = {1993}
}

@book{newmeyer1975english,
	address = {Berlin},
	author = {Newmeyer, Frederick J},
	publisher = {de Gruyter Mouton},
	title = {{English} Aspectual Verbs},
	volume = {203},
	year = {1975}
}

@book{michaelis1998aspectual,
	address = {New York},
	publisher = {Routledge},
	author = {Michaelis, Laura A},
	title = {Aspectual Grammar and Past-time Reference},
	year = {1998}
}

@book{fabri93phd,
	address = {T\"{u}bingen},
	author = {Ray Fabri},
	publisher = {Niemeyer},
	title = {{Kongruenz} und die Grammatik des {M}altesischen},
	year = {1993}
}

@book{bresnan2015lexical,
	address = {Hoboken, NJ},
	author = {Bresnan, Joan and Asudeh, Ash and Toivonen, Ida and Wechsler, Stephen},
	publisher = {John Wiley and Sons},
	title = {Lexical-functional syntax},
	volume = {16},
	year = {2015}
}

@book{binnick1991time,
	address = {Oxford, UK},
	author = {Binnick, Robert I},
	publisher = {Oxford University Press},
	title = {Time and the verb: {A} guide to tense and aspect},
	year = {1991}
}

@book{Wiklund,
	address = {Berlin},
	author = {Anna-Lena Wiklund},
	publisher = {Mouton De Gruyter},
	title = {The syntax of tenselessness},
	year = {2007}
}

@book{Toivonen:NonProj,
	address = {Dordrecht},
	author = {Ida Toivonen},
	publisher = {Kluwer Academic Publishers},
	title = {{Non-Projecting} Words: {A} Case Study of {S}wedish Particles},
	year = {2003}
}

@book{Rosenbaum:Complement,
	address = {Cambridge, MA},
	author = {Peter Rosenbaum},
	publisher = {The MIT Press},
	title = {The Grammar of {{E}}nglish Predicate Complement Constructions},
	year = {1967}
}

@book{Postal:Raising,
	address = {Cambridge, MA},
	author = {Paul M. Postal},
	key = {Postal 1974},
	publisher = {The MIT Press},
	sortname = {Paul M. Postal},
	title = {On Raising},
	year = {1974}
}

@book{Kroeger:LFG,
	address = {Cambridge, UK},
	author = {Paul Kroeger},
	key = {Kroeger 2004},
	publisher = {Cambridge University Press},
	title = {Analyzing Syntax: {A} {{L}exical-{F}}unctional Approach},
	year = {2004}
}

@book{Heycock,
	address = {New York},
	author = {Caroline Heycock},
	publisher = {Garland},
	title = {{Layers of predication}},
	year = {1994}
}

@book{Falk,
	address = {Stanford, CA},
	author = {Yehuda Falk},
	publisher = {{CSLI} Publications},
	title = {{{L}exical-{F}}unctional {G}rammar: {A}n Introduction to Parallel Constraint-Based Syntax},
	year = {2001}
}

@book{Dalrymple01,
	address = {New York},
	author = {Mary Dalrymple},
	Year = {2001},
	publisher = {Academic Press},
	series = {Syntax and Semantics},
	title = {Lexical Functional Grammar}, 
}

@book{Bre00,
	address = {Oxford, UK},
	author = {Joan Bresnan},
	publisher = {Blackwell},
	title = {{Lexical Functional Syntax}},
	year = {2001}
}

@book{Berman:German,
	address = {Stanford, CA},
	author = {Judith Berman},
	key = {Berman 2003},
	publisher = {{CSLI} Publications}, 
	Title = {Clausal Syntax of {G}erman}, 
	year = {2003}
}

@book{BAA:97,
	address = {London},
	author = {Borg, Albert and Azzopardi-Alexander, Marie},
	publisher = {Routledge},
	title = {Maltese ({D}escriptive {G}rammar)},
	year = {1997}
}

@book{Asudeh12,
	address = {Oxford, UK},
	author = {Ash Asudeh},
	publisher = {Oxford University Press},
	title = {{The logic of pronominal resumption}},
	year = {2012}
}

@article{landau2011predication,
	author = {Idan Landau},
	journal = {Natural Language and Linguistic Theory},  
	Pages = {779-813}, 
	title = {{Predication vs aboutness in copy raising}},
	volume = {29},
	number={3},
	year = {2011}
}

@InProceedings{gatt2013digital,
	author = {Gatt, Albert and {\v{C}}{\'e}pl{\"o}, Slavom{\'\i}r},
	journal = {Proceedings of Corpus Linguistics 2013},
	title = {Digital corpora and other electronic resources for Maltese},
	year = {2013},
	address={Lancaster, UK}
}

@article{comrie82maltese,
	author = {Comrie, Bernard},
	journal = {Communication and Cognition},
	pages = {281--306},
	title = {Syntactic-morphological discrepancies in {M}altese sentence structure},
	volume = {15},
	year = {1982}
}

@article{asudeh2012copy,
	author = {Asudeh, Ash and Toivonen, Ida},
	journal = {Natural Language and Linguistic Theory},
	number = {2},
	pages = {321--380},
	title = {Copy raising and perception},
	volume = {30},
	year = {2012}
}

@article{PotsdamPolin2012,
	author = {Potsdam, Eric and Polinsky, Maria},
	journal = {Syntax},
	number = {1},
	pages = {75--108},
	title = {Backward Raising},
	volume = {15},
	year = {2012}
}

@article{Fal84,
	author = {Yehuda Falk},
	journal = {Language},
	number = {3},
	pages = {483--509},
	title = {{The {English} Auxiliary System: {A} {Lexical-Functional} Analysis}},
	volume = {60},
	year = {1984}
}

@article{BM87,
	author = {Joan Bresnan and Sam Mchombo},
	journal = {Language},
	pages = {741--82},
	title = {{Topic, pronoun and agreement in Chiche\^{w}a}},
	volume = {63},
	year = {1987}
}

@article{Asudeh05,
	author = {Ash Asudeh},
	journal = {Journal of Linguistics},
	pages = {465--511},
	title = {Control and semantic resource sensitivity},
	volume = {41},
	year = {2005}
}

@article{AshT:12,
	author = {Ash Asudeh and Ida Toivonen},
	journal = {{Natural Language and Linguistic Theory}},
	pages = {321--380},
	title = {{Copy raising and Perception}},
	volume = {30},
	number={2},
	year = {2012}
}