%%Galea & Ussishkin bibliography
@phdthesis{kahn1976,
	Author = {Kahn, Daniel},
	School = {Massachusetts Institute of Technology},
	Address = {Cambridge, Mass.},
	Title = {Syllable-based generalizations in English Phonology},
	Year = {1976}}

@incollection{blevins1995,
	Author = {Blevins, Juliette},
	Booktitle = {The handbook of phonological theory},
	Editor = {Goldsmith, John},
	Pages = {206--244},
	Title = {The syllable in phonological theory},
	Address={Cambridge, Mass. and Oxford},
	Publisher={Blackwell},
	Year = {1995}}

@phdthesis{baertsch2002,
	Author = {Baertsch, Karen},
	School = {Indiana University},
	Title = {An optimality theoretic approach to syllable structure: The split margin hierarchy},
	Year = {2002}}

@incollection{topintzi2011,
	Author = {Topintzi, Nina},
	Booktitle = {The Blackwell companion to phonology.},
	Editor = {van Oostendorp, M. and  Ewen, J. C. and Hume, E. and  Rice. K},
	Pages = {1285-1308},
	Address={Oxford, UK},
	Publisher = {Wiley-Blackwell},
	Title = {Onsets},
	Year = {2011}}

@incollection{parker2011,
	Author = {Parker, Steve},
	Booktitle = {The Blackwell companion to phonology.},
	Editor = {van Oostendorp, M. and Ewen, J. C. and Hume, E. and  Rice. K},
	Pages = {1160-1184},
	Address={Oxford, UK},
	Publisher = {Wiley-Blackwell},
	Title = {Sonority},
	Year = {2011}}

@conference{hermesetal,
	Author = {Hermes, Anne and Auris, Bastian and M{\"u}cke, Doris },
	Publisher = {Cologne, Germany},
	Pages={186--189},
	Booktitle = {Computational modelling for syllabification patterns in Tashlhiyt Berber and Maltese.},
	Volume = {Proceedings of the 10th International Seminar on Speech Production},
	Address={Cologne, Germany},
	Publisher={ISSP},	
	Year = {2014}}

@incollection{zec2007syllable,
	Author = {Zec, Draga},
	Editor = {De Lacey, P. },
	Booktitle = {The Cambridge handbook of phonology},
	Pages = {161--194},
	Address={Cambridge, UK},
	Publisher = {Cambridge University Press},
	Title = {The syllable},
	Year = {2007}}

@article{hoberman2003verbal,
	Author = {Hoberman, Robert D and Aronoff, Mark},
	Journal = {Language Acquisition and Language Disorders},
	Pages = {61--78},
	Title = {The verbal morphology of Maltese},
	Volume = {28},
	Year = {2003}}

@misc{wolf2011,
	Author = {Wolf, Matthew},	 
	Title = {Cyclicity and non-cyclicity in Maltese: Local ordering of phonology and morphology in OT-CC},
 	howpublished = {Manuscript, Yale University},
  	Year = {2011}}
}

@incollection{selkirk1996prosodic,
	Author = {Selkirk, Elisabeth},
	Booktitle = {Signal to syntax: Bootstrapping from speech to grammar in early acquisition},
	Pages = {214},
	Address={Mahwah, NJ},
	Publisher = {Lawrence Erlbaum Associates},
	Title = {The prosodic structure of function words},
	Year = {1996}}

@book{nesporvogel,
	Author = {Nespor, Marina and Vogel, Irene},
	Address={Dordrecht, Holland},
	Publisher = {Foris Publications},
	Title = {Prosodic phonology},
	Year = {1986}}

@incollection{davis2011geminates,
	Author = {Davis, Stuart},
	Editor = {van Oostendorp, M. and  Ewen, J. C. and Hume, E. and  Rice. K},
	Journal = {The Blackwell Companion to Phonology},
	Pages = {837-859},
	Address={Oxford,UK},
	Publisher = {Wiley-Blackwell},
	Title = {Geminates},
	Year = {2011}}

@conference{galeacues,
	Author = {Galea, Luke and Hermes, Anne and Gatt, Albert and Grice, Martine},
	Booktitle = {Proceedings of the 18th International Congress on Phonetic Sciences (ICPhS) },
	Publisher = {University of Glasgow},
	Address={Glasgow,UK},
	Title = {Cues to gemination in word-initial position in Maltese},
	Year = {2015}}

@misc{kiparsky2011,
	Author = {Kiparsky, Paul},
	Howpublished={Online manuscript},
	Title = {Chains or Strata? The Case of Maltese.},
	Url = {http://ling.auf.net/lingbuzz/001379},
	Year = {2011}}

@incollection{kiparsky2003,
	Author = {Kiparsky, Paul},
	Booktitle = {The syllable in optimality theory},
	Pages = {147--182},
	Publisher = {Cambridge University Press},
	Address={Cambridge, UK},
	Title = {Syllables and moras in Arabic},
	Year = {2003}}

@phdthesis{cote2000,
	Author = {C{\^o}t{\'e}, Marie-H{\'e}l{\`e}ne},
	School = {Massachusetts Institute of Technology},
	Title = {Consonant cluster phonotactics: a perceptual approach},
	Year = {2000}}

@article{broselow1982,
	Author = {Broselow, Ellen},
	Journal = {Glossa: An International Journal of Linguistics},
	Number = {2},
	Pages = {115--132},
	Title = {On predicting the interaction of stress and epenthesis},
	Volume = {16},
	Year = {1982}}

@article{ito1989,
	Author = {It{\^o}, Junko},
	Journal = {Natural Language and Linguistic Theory},
	Number = {2},
	Pages = {217--259},
	Title = {A prosodic theory of epenthesis},
	Volume = {7},
	Year = {1989}}

@phdthesis{ito1986,
	Author = {It{\^o}, Junko},
	School = {University of Massachusetts, Amherst},
	Title = {Syllable theory in prosodic phonology},
	Year = {1986}}

@article{marin2010,
	Author = {Marin, Stefania and Pouplier, Marianne},
	Journal = {Motor Control},
	Number = {3},
	Pages = {380--407},
	Title = {Temporal organization of complex onsets and codas in American English: Testing the predictions of a gestural coupling model},
	Volume = {14},
	Year = {2010}}

@article{hermes2013,
	Author = {Hermes, Anne and M{\"u}cke, Doris and Grice, Martine},
	Journal = {Phonology},
	Number = {1},
	Pages = {1--25},
	Title = {Gestural coordination of Italian word-initial clusters: the case of `impure s'},
	Volume = {30},
	Year = {2013}}

@book{watson2007,
	Author = {Watson, Janet CE},
	Publisher = {Oxford University Press},
	Address={Oxford, UK},
	Title = {The phonology and morphology of Arabic},
	Year = {2007}}

@article{hall2011,
	Author = {Hall, Nancy},
	Booktitle = {The Blackwell companion to phonology.},
	Editor = {van Oostendorp, M. and  Ewen, J. C. and Hume, E. and  Rice. K},
	Address={Oxford, UK},
	Publisher = {Wiley-Blackwell},
	Pages = {1576--1596},
	Title = {Vowel epenthesis},
	Year = {2011}}

@article{kaye1992you,
	Author = {Kaye, Jonathan},
	Journal = {Working Papers in Linguistics and Phonetics},
	Pages = {293--313},
	Title = {Do you believe in magic? The story of s+ C sequences},
	Volume = {2},
	Year = {1992}}

@article{clements1990role,
	Author = {Clements, George N},
	Journal = {Papers in laboratory phonology},
	Pages = {283--333},
	Title = {The role of the sonority cycle in core syllabification},
	Volume = {1},
	Year = {1990}}

@article{browman1992,
	Author = {Browman, Catherine P and Goldstein, Louis},
	Journal = {Phonetica},
	Number = {3-4},
	Pages = {155--180},
	Title = {Articulatory phonology: An overview},
	Volume = {49},
	Year = {1992}}

@phdthesis{levin1985metrical,
	Author = {Levin, Juliette},
	School = {Massachusetts Institute of Technology},
	Title = {A metrical theory of syllabicity},
	Year = {1985}}

@inproceedings{hume2009vowel,
	Author = {Hume, Elizabeth and Venditti, Jennifer and Vella, Alexandra and Gett, Samantha},
	Booktitle = {Introducing Maltese Linguistics: Selected Papers from the 1st International Conference on Maltese Linguistics},
	Address={Amsterdam},
	Publisher = {John Benjamins Publishing},
	Title = {Vowel duration and Maltese `gÄ§'},
	Year = {2009}}

@phdthesis{puech1979parlers,
	Author = {Puech, Gilbert},
	School = {Universit\'{e} Lyon II},
	Title = {Les Parlers Maltais: Essai de Phonologie Polylectale},
	Year = {1979}}

@incollection{brame1972abstractness,
	Author = {Brame, Michael K},
	Booktitle = {Contributions to generative phonology},
	Pages = {22--61},
	Publisher = {University of Texas Press Austin},
	Address={Austen, TX},
	Title = {On the abstractness of phonology: Maltese},
	Year = {1972}}

@incollection{borg1997maltese,
	Author = {Borg, Alexander},
	Booktitle = {Phonologies of Asia and Africa.},
	Address={Winona Lake, IN},
	Publisher={Eisenbrauns},
	Pages = {245--285},
	Title = {Maltese phonology},
	Year = {1997}}

@phdthesis{youssef2013place,
	Author = {Youssef, Islam},
	School = {Universitetet i Troms{\o}},
	Title = {Place assimilation in Arabic: Contrasts, features, and constraints},
	Year = {2013}}

@article{wiltshire1998extending,
	Author = {Wiltshire, Caroline},
	Journal = {Linguistics},
	Number = {3},
	Pages = {423--468},
	Title = {Extending ALIGN constraints to new domains},
	Volume = {36},
	Year = {1998}}

@article{gadoua2000consonant,
	Author = {Gadoua, Abdulhamid Hadi},	
	Journal = {Cahiers Linguistiques Ottawa},
	Pages = {59--86},
	Title = {Consonant clusters in Quranic Arabic},
	Year = {2000}}

@incollection{selkirk1984major,
	Author = {Selkirk, Elisabeth},
	Booktitle = {Language sound structure: Studies in phonology dedicated to Morris Halle by his teachers and students.},
	Editor = {Aronoff, Mark and Oerhle, Richard T.},
	Pages = {107-113},
	Publisher = {MIT Press},
	Address={Cambridge, MA},
	Title = {On the major class features and syllable theory},
	Year = {1984}}

@phdthesis{lukediss,
	Author = {Galea, Luke},
	School = {University of Cologne},
	Title = {Syllable Structure and Gemination in Maltese},
	Year = {2016}}

@phdthesis{camilleri2014stem,
	Author = {Camilleri, Maris},
	School = {University of Surrey},
	Title = {The stem in inflectional verbal paradigms in Maltese},
	Year = {2014}}

@inproceedings{azzopardi2002vowel,
	Author = {Azzopardi-Alexander, Marie},
	Booktitle = {Proceedings of the 5th Conference of the Association Internationale de Dialectologie Arabe: AIDA},
	Address={C{\'a}diz, Spain},
	Publisher={AIDA},
	Pages = {321--333},
	Title = {The vowel system of Maltese: From production to perception},
	Year = {2002}}

@book{maltese_book,
	Author = {Borg, Albert and Azzopardi-Alexander, Marie},
	Address = {London and New York},
	Publisher={Routledge},
	Title = {Maltese. Descriptive Grammars},
	Year = {1997}}

@phdthesis{azzopardi1981phonetics,
	Author = {Azzopardi, Marie},
	School = {University of Edinburgh},
	Title = {The phonetics of Maltese: Some areas relevant to the deaf.},
	Year = {1981}}

@book{borg1978historical,
  title={A historical and comparative phonology and morphology of Maltese},
  author={Borg, Alexander},
  year={1986},
  publisher={Jewish National and University Library},
  address={Tel Aviv}}
 
 @book{otto1904,
	author={Jespersen, Otto},
	title={Lehrbuch der Phonetik},
	address={Leipzig, Germany},
	publisher={Teubner}}	
  
@article{Mitchell1960,
	title={Prominence and Syllabification in Arabic},
	author={Mitchell, Terence F.},
	journal={Bulletin of the School of Oriental and African Studies},
	pages={369--389},
	volume={23},
	issue={2}} 
