@article{Saade2016,
author = {Saade, Benjamin},
journal = {Linguistics},
title = {{Assessing productivity in contact: Italian derivation in Maltese}},
volume = {to appear},
year = {2016}
}

@article{GaetaRicca2006,
author = {Gaeta, Livio and Ricca, Davide},
doi = {10.1515/LING.2006.003},
journal = {Linguistics},
number = {1},
pages = {57--89},
title = {{Productivity in Italian word formation: a variable-corpus approach}},
volume = {44},
year = {2006}
}

@incollection{ComrieSpagnol2016,
address = {Berlin},
author = {Comrie, Bernard and Spagnol, Michael},
booktitle = {Shifts and Patterns in Maltese},
editor = {Puech, Gilbert and Saade, Benjamin},
pages = {315--330},
publisher = {De Gruyter Mouton},
title = {{Maltese loanword typology}},
year = {2016}
}

@incollection{Hay2001,
address = {Dordrecht},
author = {Hay, Jennifer and Baayen, R. Harald},
booktitle = {Yearbook of Morphology 2001},
doi = {10.1007/978-0-387-93837-0},
editor = {Booij, Geert and van Marle, Jaap},
pages = {203--235},
publisher = {Kluwer},
title = {{Parsing and productivity}},
year = {2001}
}


@article{Ussishkin2015,
author = {Ussishkin, Adam and Dawson, Colin and Wedel, Andrew and Schluter, Kevin},
journal = {Language, Cognition and Neuroscience},
number = {January 2015},
pages = {1--20},
title = {{Auditory masked priming in {M}altese spoken word recognition}},
year = {2015}
}

@phdthesis{Twist2006,
author = {Twist, Alina},
school = {University of Arizona, Tucson (AZ)},
title = {{A {P}sycholinguistic {I}nvestigation of the {V}erbal {M}orphology of {M}altese}},
type = {PhD Thesis},
year = {2006}
}


@article{Seifart2015,
author = {Seifart, Frank},
doi = {10.1353/lan.2015.0044},
journal = {Language},
number = {3},
pages = {511--532},
title = {{Direct and indirect affix borrowing}},
volume = {91},
year = {2015}
}


@article{Pustylnikov2009,
author = {Pustylnikov, Olga and Schneider-Wiejowski, Karina},
journal = {Studies in Quantitative Linguistics},
pages = {1--9},
title = {{Measuring morphological productivity}},
volume = {5},
year = {2010}
}

@incollection{Aronoff1998,
address = {Oxford},
author = {Aronoff, Mark and Anshen, Frank},
booktitle = {The Handbook of Morphology},
editor = {Spencer, A. and Zwicky, A.},
pages = {237--247},
publisher = {Blackwell},
title = {{Morphology and the lexicon: {L}exicalization and productivity}},
year = {1998}
}

@book{AronoffFudeman2011,
address = {Oxford},
author = {Aronoff, Mark and Fudeman, Kirsten},
edition = {2},
publisher = {Wiley-Blackwell},
title = {{What is {M}orphology?}},
year = {2011}
}

@inproceedings{GattCeplo2013,
address = {Lancaster, UK},
author = {Gatt, Albert and {\v{C}}{\'{e}}pl{\"{o}}, Slavom{\'\i}r},
booktitle = {Proceedings of the International Conference on Corpus Linguistics},
publisher = {University of Lancaster},
title = {{Digital corpora and other electronic resources for {M}altese}},
year = {2013}
}

@incollection{Drewes1994,
address = {Amsterdam},
author = {Drewes, A.J.},
booktitle = {Mixed Languages. 15 Case Studies in Language Intertwining},
editor = {Bakker, Peter and Mous, Maarten},
pages = {83--111},
publisher = {Ifott},
title = {{Borrowing in {M}altese}},
year = {1994}
}

@article{Aronoff1978,
author = {Aronoff, Mark and Schvaneveldt, Roger},
journal = {Annals of the New York Academy of Sciences},
pages = {106--114},
title = {{Testing morphological productivity}},
volume = {318},
year = {1978}
}


@article{Baayen1994,
author = {Baayen, R. Harald},
journal = {Language and Cognitive Processes},
number = {3},
pages = {447--459},
title = {{Productivity in Language Production}},
volume = {9},
year = {1994}
}
@incollection{Baayen2009,
address = {Berlin},
author = {Baayen, R. Harald},
booktitle = {Corpus Linguistics. An international handbook.},
chapter = {43},
editor = {L{\"{u}}deling, A. and Kyt{\"{o}}, M.},
pages = {900--919},
publisher = {de Gruyter},
title = {{Corpus linguistics in morphology: {M}orphological productivity}},
year = {2009}
}
@incollection{Baroni2009,
address = {Berlin},
author = {Baroni, Marco},
booktitle = {Corpus linguistics: An international handbook},
chapter = {37},
editor = {L{\"{u}}deling, A. and Kyt{\"{o}}, M.},
pages = {803--821},
publisher = {Mouton de Gruyter},
title = {{Distributions in text}},
year = {2008}
}
@book{Bauer2001,
address = {Cambridge},
author = {Bauer, Laurie},
publisher = {Cambridge University Press},
title = {{Morphological Productivity}},
year = {2001}
}
@book{Borg1981,
address = {Ann Arbor, Michigan},
author = {Borg, Albert},
publisher = {Karoma},
title = {{A study of aspect in {M}altese}},
year = {1981}
}
@book{BorgAlexander1997,
address = {London},
author = {Borg, Albert and Azzopardi-Alexander, Marie},
publisher = {Routledge},
title = {{Maltese}},
year = {1997}
}
@book{Brincat2011,
address = {Malta},
author = {Brincat, Joseph},
publisher = {Midsea Books},
title = {{Maltese and other languages: A linguistic history of {M}alta}},
year = {2011}
}

@incollection{BrincatMifsud2016,
address = {Berlin},
author = {Brincat, Joseph and Mifsud, Manwel},
booktitle = {Word-Formation: {A}n International Handbook of the Languages of Europe (Vol. 5)},
editor = {M{\"{u}}ller, P.O. and Ohnheiser, I. and Olsen, S. and Rainer, F.},
pages = {3349--3366},
publisher = {De Gruyter Mouton},
title = {{Maltese}},
year = {2016}
}
@article{Bybee1995,
author = {Bybee, Joan},
journal = {Language and Cognitive Processes},
number = {5},
pages = {425--455},
title = {{Regular morphology and the lexicon}},
volume = {10},
year = {1995}
}
@phdthesis{Camilleri1993,
author = {Camilleri, Edel},
school = {University of Malta},
title = {{Is-Suffissi Nominali Rumanzi fil-{M}alti (Romance nominal suffixes in  {M}altese)}},
type = {B.A. Honours Dissertation},
year = {1993}
}

@phdthesis{Ellul2016,
author = {Ellul, Leanne},
school = {University of Malta},
title = {{In-Nomi Verbali fil-Malti (Verbal nouns in {M}altese)}},
type = {Masters Thesis},
year = {2016}
}

@incollection{Evert,
address = {Germany},
author = {L{\"{u}}deling, Anke and Evert, Stefan and Heid, Ulrich},
booktitle = {KONVENS-2000 Sprachkommunikation},
editor = {Z{\"{u}}hlke, W. and Schukat-Talamazzini, E. G.},
pages = {57--61},
publisher = {VDE-Verlag},
title = {{On Measuring Morphological Productivity}},
year = {2000}
}

@article{Fabri2010,
author = {Fabri, Ray},
journal = {Revue Belge de Philologie et d'Histoire},
number = {3},
pages = {791--816},
title = {{Maltese}},
volume = {88},
year = {2010}
}
@incollection{Fabri2011,
address = {Berlin},
author = {Fabri, Ray},
booktitle = {Variation and Change: {T}he dynamics of {M}altese in space, time, and society},
editor = {Caruana, S. and Fabri, R. and Stolz, T.},
pages = {89--106},
publisher = {Akademie Verlag},
title = {{The language of young people and language change in {M}altese.}},
year = {2011}
}
@incollection{Fabri2013,
address = {Berlin},
author = {Fabri, Ray and Gasser, Michael and Habash, Nizar and Kiraz, George and Wintner, Shuly},
booktitle = {Semitic Language Processing},
editor = {{Zitouni, I.}},
pages = {16--21},
publisher = {Springer},
title = {{Linguistic Introduction}},
year = {2013}
}
@article{Gaeta2003,
author = {Gaeta, Livio and Ricca, Davide},
journal = {Italian Journal of Linguistics},
pages = {63--98},
title = {{Frequency and productivity in {I}talian derivation: {A} comparison between corpus-based and lexicographical data}},
volume = {1},
year = {2003}
}
@article{Gaeta2006,
author = {Gaeta, Livio and Ricca, Davide},
journal = {Linguistics},
number = {1},
pages = {57--89},
title = {{Productivity in {I}talian word formation: {A} variable-corpus approach}},
volume = {44},
year = {2006}
}

@book{Haspelmath2010,
address = {London},
author = {Haspelmath, Martin and Sims, Andrea},
edition = {2},
publisher = {Routledge},
title = {{Understanding {M}orphology}},
year = {2010}
}

@incollection{Hoberman2003,
address = {Amsterdam},
author = {Hoberman, Robert and Aronoff, Mark},
booktitle = {Language processing and acquisition in languages of {S}emitic, root-based morphology},
chapter = {3},
editor = {Shimron, J.},
pages = {61--78},
publisher = {John Benjamins Publishing Company},
title = {{The verbal morphology of {M}altese: {F}rom Semitic to Romance}},
year = {2003}
}
@inproceedings{Mifsud1995,
address = {Cambridge, UK},
author = {Mifsud, Manwel},
booktitle = {Proceedings of the 2nd International Conference of the International Association for {A}rabic Dialectology ({\sc aida})},
editor = {Cremona, J. and Holes, C. and Khan, G.},
pages = {151--160},
publisher = {University Publications Centre},
title = {{The productivity of {A}rabic in {M}altese}},
year = {1995}
}
@article{Dressler2003,
author = {Dressler, Wolfgang},
journal = {Rivista di Linguistica},
number = {1},
pages = {31--62},
title = {{Degrees of grammatical productivity in inflectional morphology}},
volume = {15},
year = {2003}
}
@inproceedings{Cutler1980,
address = {Chicago, Ill},
author = {Cutler, Anne},
booktitle = {Papers from the Sixteenth Regional Meeting, {C}hicago {L}inguistic {S}ociety},
pages = {45--51},
publisher = {CLS},
title = {{Productivity in word formation}},
year = {1980}
}

@book{Mifsud1995:Loan,
address = {Leiden},
author = {Mifsud, Manwel},
publisher = {Brill},
title = {{Loan verbs in Maltese: A descriptive and comparative study}},
year = {1995}
}
@incollection{Plag2004,
address = {Oxford},
author = {Plag, Ingo},
booktitle = {Handbook of {E}nglish Linguistics},
editor = {Aarts, B. and McMahon, A.},
publisher = {Blackwell},
title = {{Productivity}},
year = {2004}
}


@phdthesis{Spagnol2013,
author = {Spagnol, Michael},
school = {University of Konstanz},
title = {{A Tale of Two Morphologies: Verb Structure and Argument Alternations in {M}altese}},
type = {PhD Thesis},
year = {2013}
}
@book{Spencer1991,
address = {Oxford},
author = {Spencer, Andrew},
publisher = {Blackwell},
title = {{Morphological theory}},
year = {1991}
}
@book{SpencerZwicky1998,
address = {Oxford},
author = {Spencer, Andrew and Zwicky, Arnold},
publisher = {Blackwell},
title = {{The Handbook of Morphology}},
year = {1998}
}
