@book{AgrestiFinlay2009,
	address = {London},
	author = {Agresti, Alan and Finlay, Barbara},
	publisher = {Pearson},
	title = {Statistical methods for the social sciences},
	edition = {4},
	year = {2009}
}



@book{Algeo2006,
	address = {Cambridge},
	author = {Algeo, John},
	publisher = {Cambridge University Press},
	title = {British or {American} {English}: {A} handbook of word and grammar patterns},
	year = {2006}
}



@article{Batesetal2015,
	author = {Bates, Douglas and Maechler, Martin and Bolker, Ben},
	journal = {Journal of Statistical Software},
	number = {1},
	pages = {1–48},
	title = {Fitting linear mixed-effects model using lme4},
	volume = {67},
	year = {2015}
}



@phdthesis{Bonnici2010,
	address = {Davis, CA},
	author = {Bonnici, Lisa},
	school = {University of California},
	title = {Variation in {M}altese {E}nglish: {T}he interplay of the local and the global in an emerging postcolonial variety},
	year = {2010},
	url ={http://linguistics.ucdavis.edu/pics-and-pdfs/DissertationBonnici.pdf},
	urldate  ={2016-11-30}
}
 

@incollection{Bonnicietal2012,
	address = {Berlin},
	author = {Bonnici, Lisa and Hilbert, Michaela and Krug, Manfred},
	booktitle = {The {M}outon {W}orld {A}tlas of {V}ariation in {E}nglish,},
	editor = {Kortmann, Bernd and Lunkenheimer, Kerstin},
	pages = {653–668},
	publisher = {Mouton de Gruyter},
	title = {Maltese {E}nglish},
	year = {2012}
}



@article{Calleja1994,
	author = {Calleja, James},
	journal = {Revue du monde musulman et de la Méditerranée},
	pages = {185–197},
	title = {The evolution of education in {Malta}: {A} philosophy in the making},
	volume = {71},
	year = {1994}
}


@misc{census,
title = {Census of Population and Housing 2005},
address={Valletta},
publisher={National Statistics Office},
url={http://www.nso.gov.mt},
urldate={2012-12-12}
}



@article{Cleveland1979,
	author = {Cleveland, William S.},
	journal = {Journal of the American Statistical Association},
	number = {368},
	pages = {829–836},
	title = {Robust locally weighted regression and smoothing scatterplots},
	volume = {74},
	year = {1979}
}



@book{Cohen1988,
	address = {Hillsdale},
	author = {Cohen, Jacob},
	publisher = {Erlbaum},
	title = {Statistical power analysis for the behavioral sciences},
	year = {1988}
}



@incollection{Cukor-AvilaBailey2013,
	address = {Oxford},
	author = {Cukor-Avila, Patricia and Bailey, Guy},
	booktitle = {The Handbook of language variation and change},
	edition ={2},
	editor = {Chambers, Jack K. and Schilling, Natalie},
	pages = {239–262},
	publisher = {Blackwell},
	title = {Real time and apparent time},
	year = {2013}
}



@article{Fox1987,
	author = {Fox, John},
	journal = {Sociological Methodology},
	pages = {347–361},
	title = {Effect displays for generalized linear models},
	volume = {17},
	year = {1987}
}



@book{Fox2016a,
	address = {Thousand Oaks},
	author = {Fox, John},
	publisher = {Sage},
	title = {Applied regression analysis and generalized linear models},
	year = {2016}
}



@article{Fox2016b,
	author = {Fox, John},
	journal = {R package version},
	url = {https://cran.r-project.org/web/packages/effects/effects.pdf},
	urldate={2016-12-08},
	pages = {1},
	title = {R package ‘effects’},
	volume = {3},
	year = {2016}
}



@book{FoxWeisberg2011,
	address = {Thousand Oaks},
	author = {Fox, John and Weisberg, Sanford},
	publisher = {Sage},
	title = {An {R} companion to applied regression},
	year = {2011}
}







@article{Groemping2013,
	author = {Grömping, Ulrike},
	journal = {R package version},
	url = {https://cran.r-project.org/web/packages/relaimpo/relaimpo.pdf},
	urldate ={2016-11-30},
	pages = {2},
	title = {R package ‘relaimpo’},
	volume = {2},
	year = {2013}
}



@article{Hurdetal2009,
	author = {Hurd, Noelle M. and Zimmerman, Marc A. and Xue, Yange},
	journal = {Journal of Youth Adolescence},
	number = {6},
	pages = {777–789},
	title = {Negative adult influences and the protective effects of role models: {A} study with urban adolescents},
	volume = {38},
	year = {2009}
}



@incollection{Krug2015,
	address = {Cambridge},
	author = {Krug, Manfred},
	booktitle = {Further studies in the lesser-known varieties of {E}nglish,},
	editor = {Williams, Jeffrey P. and Schneider, Edgar and Trudgill, Peter and Schreier, Daniel},
	pages = {8–50},
	publisher = {Cambridge University Press},
	title = {Maltese {E}nglish},
	year = {2015}
}



@incollection{KrugRosen2012,
	address = {Cambridge},
	author = {Krug, Manfred and Rosen, Anna},
	booktitle = {Standards of English: {C}odified varieties around the world,},
	editor = {Hickey, Raymond},
	pages = {117–138},
	publisher = {Cambridge University Press},
	title = {Standards of English in Malta and the Channel Islands},
	year = {2012}
}



@incollection{KrugSell2013,
	address = {Cambridge},
	author = {Krug, Manfred and Sell, Katrin},
	booktitle = {Research methods in language variation and change,},
	editor = {Krug, Manfred and Schlüter, Julia},
	pages = {69–98},
	publisher = {Cambridge University Press},
	title = {Designing and conducting interviews and questionnaires},
	year = {2013}
}



@incollection{KrugetalF,
	note = {Special issue of Il-Lingwa Taghna},
	author = {Krug, Manfred and Hilbert, Michaela and Fabri, Ray},
	booktitle = {Towards a Description of {Maltese English}},
	editor = {Alexandra Vella and Ray Fabri},
	title = {Maltese {English} morphosyntax: {C}orpus-based and questionnaire-based studies},
	year = {forthcoming}
}



@incollection{Krugetal2016,
	address = {Amsterdam},
	author = {Krug, Manfred and Schützler, Ole and Werner, Valentin},
	booktitle = {New Approaches to {E}nglish Linguistics: {B}uilding Bridges,},
	editor = {Timofeeva, Olga and Chevalier, Sarah and Gardner, Anne and Honkapohja, Alpo},
	pages = {35–66},
	publisher = {Benjamins},
	title = {Patterns of linguistic globalization: {I}ntegrating typological profiles and questionnaire data},
	year = {2016}
}



@article{Labov1990,
	author = {Labov, William},
	journal = {Language Variation and Change},
	pages = {205–254},
	title = {The intersection of sex and social class in the course of linguistic change},
	volume = {2},
	year = {1990}
}



@book{Labov1994,
	address = {Oxford},
	author = {Labov, William.},
	publisher = {Blackwell},
	title = {Principles of language change: {I}nternal factors},
	year = {1994}
}



@book{Lindemannetal1980,
	address = {Glenview},
	author = {Lindeman, Richard H. and Merenda, Peter F. and Gold, Ruth Z.},
	publisher = {Scott Foresman},
	title = {Introduction to Bivariate and Multivariate Analysis},
	year = {1980}
}



@article{MartinelliRaykov2014,
	author = {Martinelli, Victor and Raykov, Milosh},
	journal = {Journal of International Forum of Educational Research},
	url = {http://ejournal.ifore.in},
	urldate={2016-12-08},
	number = {2},
	pages = {1–12},
	title = {An overview of teacher education in {M}alta},
	volume = {1},
	year = {2014}
}


@book{oed,
title = {{OED Online}},
publisher={Oxford University Press},
date={2016-11-30}
}



@book{Rohrmann2007,
	address = {Melbourne},
	author = {Rohrmann, Bernd},
	publisher = {University of Melbourne},
	title = {Verbal qualifiers for rating scales: {S}ociolinguistic considerations and psychometric data},
	year = {2007},
	note = {Project report},
	url ={http://www.rohrmannresearch.net/pdfs/rohrmann-vqs-report.pdf},
	urldate={2016-12-08}
}




@book{Schneider2007,
	address = {Cambridge},
	author = {Schneider, Edgar W.},
	publisher = {Cambridge University Press},
	title = {Postcolonial {English}: {V}arieties around the world},
	year = {2007}
}



@incollection{Soenning2016,
	address = {Bamberg},
	author = {Sönning, Lukas},
	booktitle = {A blend of {MaLT}: {S}elected contributions from the {Methods and Linguistic Theories Symposium}},
	editor = {Christ, Hanna and Klenovšak, Daniel and Sönning, Lukas and Werner, Valentin},
	pages = {101–129},
	publisher = {University of Bamberg Press},
	title = {The dot plot: {A} graphical tool for data analysis and presentation},
	year = {2016}
}



@article{Thusatetal2009,
	author = {Thusat, Joshua and Anderson, Emily and Davis, Shante and Ferris, Mike and Javed, Amber and Laughlin, Angela and McFarland, Christopher and Sangsiri, Raknakwan and Sinclair, Judith and Vastalo, Victoria and Whelan, Win and Wrubel, Jessica},
	journal = {English Today},
	number = {2},
	pages = {25–32},
	title = {Maltese {English} and the nativization phase of the dynamic model},
	volume = {25},
	year = {2009}
}

@phdthesis{Vella1994,
	address = {Edinburgh},
	author = {Vella, Alexandra},
	publisher = {University of Edinburgh},
	title = {Prosodic structure and intonation in {Maltese} and its influence on {Maltese English}},
	year = {1994}
}



@book{Grech2015,
	address = {Msida},
	author = {Grech, Sarah},
	publisher = {University of Malta},
	title = {Variation in {English}: {P}erception and patterns in the identification of {Maltese English}},
	url={https://www.um.edu.mt/library/oar/bitstream/handle/123456789/5439/15PHDLIN001.pdf?sequence=1&isAllowed=y},
	urldate={2016-11-30},
	year = {2015}
}
