%% Schembri's bibliography


@Article{AlaminAhmed2012,
  author = 	 {Alamin, Abdulamir and Ahmed, Sawsan},
  title = 	 {Syntactical and punctuation errors: An analysis of technical writing of university students {S}cience {C}ollege},
  journal = 	 {English Language Teaching},
  year = 	 {2012},
  OPTkey = 	 {},
  volume = 	 {5},
  OPTnumber = 	 {},
  pages = 	 {2--8},
  OPTmonth = 	 {},
  note = 	 {Taif {U}niversity, {KSA}},
  OPTannote = 	 {}
}



@Article{Al-HarafshehPandian2012,
  author = 	 {Al-Harafsheh, Abdallah Nahar and Pandian, Ambigapathy},
  title = 	 {The use of {E}nglish adjectives among {J}ordanian {EFL} students in {A}l-{A}lbeyt {U}niversity: An error analysis},
  journal = 	 {Language in India},
  year = 	 {2012},
  OPTkey = 	 {},
  volume = 	 {12},
  OPTnumber = 	 {},
  pages = 	 {675--695},
  OPTmonth = 	 {},
  OPTnote = 	 {},
  OPTannote = 	 {}
}



@Article{BoroomandRostami2013,
  author = 	 {Boroomand, Faezeh and Rostami Abusaeedi, Ali Asghar},
  title = 	 {A gender-based analysis of {I}ranian {EFL} learneres’ types of written errors},
  journal = 	 {International Journal of Research Studies in Language Learning},
  year = 	 {2013},
  OPTkey = 	 {},
  volume = 	 {2},
  OPTnumber = 	 {},
  pages = 	 {79--92},
  OPTmonth = 	 {},
  OPTnote = 	 {},
  OPTannote = 	 {}
}

@incollection{Corder1974,
	address = {London},
	author = {Corder, Stephen Pit},
	booktitle = {Error analysis: {P}erspectives on second language acquisition},
	editor = {Richards, Jack C.},
	pages = {19--27},
	publisher = {Longman},
	title = {The significance of learners’ errors},
	year = {1974}
}



@Book{CrystalDavy1969,
  author = 	 {Crystal, David  and  Davy, Derek},
  title = 	 {Investigating {E}nglish style},
  publisher = 	 {Longman},
  year = 	 {1969},
  OPTaddress = 	 {New York},
  OPTnote = 	 {},
  OPTannote = 	 {}
}


@incollection{DulayBurt1974,
	address = {London},
	author = {Dulay, Heidi C.  and  Burt, Marina K.},
	booktitle = {Error analysis: {P}erspectives on second language acquisition},
	editor = {Richards, Jack C.},
	pages = {95--123},
	publisher = {Longman},
	title = {You can’t learn without goofing},
	year = {1974}
}

@article{Etherton1977,
	author = {Etherton, Alan R. B.},
	journal = {English Language Teaching Journal},
	pages = {67--78},
	title = {Error analysis: {P}roblems and procedures},
	volume = {32},
	year = {1977}
}

@article{Fidler2006,
	author = {Fidler, Ashley},
	journal = {\textit{Second Language Research}},
	pages = {398--411},
	title = {Reconceptualizing fossilization in second language acquisition: {A} Review},
	volume = {22},
	year = {2006}
}



@Misc{GER2010,
  OPTkey = 	 {},
  OPTauthor = 	 {},
  title = 	 {General Entry Requirements},
  howpublished = {http://www.um.edu.mt/registrar/students/general_entry_requirements},
%  OPTmonth = 	 {},
  year = 	 {2010},
  note = 	 {Accessed2010},
  OPTannote = 	 {}
}


@Article{GholamiZeinolabedini2015,
  author = 	 {Gholami, Javad and Zeinolabedini, Maryam},
  title = 	 {A diagnostic analyis of erroneous language in {I}ranian medical specialists’ research papers},
  journal = 	 {Journal of Tehran University Heart Center},
  year = 	 {2015},
  OPTkey = 	 {},
  volume = 	 {10},
  OPTnumber = 	 {},
  pages = 	 {58--67},
  OPTmonth = 	 {},
  OPTnote = 	 {},
  OPTannote = 	 {}
}



@InCollection{HilbertKrug2012,
  author = 	 {Hilbert, Michaela and Krug, Manfred},
  title = 	 {Progressives in {M}altese {E}nglish: A comparison with spoken and written text types of {B}ritish and {A}merican {E}nglish},
  booktitle = 	 {Mapping unity and diversity world-wide: Corpus-based studies of {N}ew {E}nglishes},
  OPTcrossref =  {},
  OPTkey = 	 {},
  publisher = {John Benjamins},
  year = 	 {2012},
  editor = 	 {Hundt, Marianne and Gut, Ulrike},
  OPTvolume = 	 {},
  OPTnumber = 	 {},
  OPTseries = 	 {},
  OPTtype = 	 {},
  OPTchapter = 	 {},
  pages = 	 {103--136},
  OPTedition = 	 {},
  OPTmonth = 	 {},
  address = 	 {Amsterdam},
  OPTnote = 	 {},
  OPTannote = 	 {}
}


@article{Hyltenstam1988,
	author = {Hyltenstam, Kenneth},
	journal = {Journal of Multilingual and Multicultural Development},
	pages = {67--84},
	title = {Lexical characteristics of near-native second-language learners of {Swedish}},
	volume = {9},
	year = {1988}
}

@incollection{Jain1974,
	address = {London},
	author = {Jain, M. P},
	booktitle = {Error analysis: {P}erspectives on second language acquisition,},
	editor = {Richards, Jack C.},
	pages = {189--215},
	publisher = {Longman},
	title = {Error analysis: {S}ource, cause and significance},
	year = {1974}
}



@Article{KooshaJafarpour2006,
  author = 	 {Koosha, Mansour and Jafarpour, Ali Akbar},
  title = 	 {Data-driven learning and teaching collocation of prepositions: The case of {I}ranian {EFL} adult learners},
  journal = 	 {Asian {EFL} Journal},
  year = 	 {2006},
  OPTkey = 	 {},
  volume = 	 {8},
  OPTnumber = 	 {},
  pages = 	 {192--209},
  OPTmonth = 	 {},
  OPTnote = 	 {},
  OPTannote = 	 {}
}


@incollection{KrugRosen2012,
	address = {Cambridge},
	author = {Krug, Manfred  and  Rosen, Anna},
	booktitle = {Standards of {English}: {C}odified varieties around the world},
	editor = {Hickey, Raymond},
	pages = {117--138},
	publisher = {Cambridge University Press},
	title = {Standards of {English} in {M}alta and the {C}hannel {I}slands},
	year = {2012}
}



@Book{Lado1957,
  author = 	 {Lado, Robert},
  title = 	 {Linguistics across cultures: Applied linguistics for language teachers},
  publisher = 	 {The University of Michigan Press},
  year = 	 {1957},
  address = 	 {Ann Arbor},
  OPTnote = 	 {},
  OPTannote = 	 {}
}



@Book{McLaughlin1987,
  author = 	 {McLaughlin, Barry},
  title = 	 {Theories of second-language learning.},
  publisher = 	 {Edward Arnold},
  year = 	 {1987},
  address = 	 {London},
  OPTnote = 	 {},
  OPTannote = 	 {}
}


@Article{Muller2015,
  author = 	 {M{\"u}ller, Amanda},
  title = 	 {The differences in error rate and type between {IELTS} writing bands and their impact on academic workload},
  journal = 	 {Higher Education Research \& Development},
  year = 	 {2015},
  OPTkey = 	 {},
  volume = 	 {34},
  OPTnumber = 	 {},
  pages = 	 {1207--1219},
  OPTmonth = 	 {},
  OPTnote = 	 {},
  OPTannote = 	 {}
}


@incollection{Nation1993,
	address = {Amsterdam},
	author = {Nation, Paul},
	booktitle = {The bilingual lexicon},
	editor = {Robert Schreuder and Bert Weltens},
	pages = {115--134},
	publisher = {John Benjamins},
	title = {Vocabulary size, growth, and use},
	year = {1993}
}


@Article{NezamiNajafi2012,
  author = 	 {Nezami, Ali and Najafi, Mousa Sadraie},
  title = 	 {Common error types of {I}ranian learners of English},
  journal = 	 {English Language Teaching},
  year = 	 {2012},
  OPTkey = 	 {},
  volume = 	 {5},
  OPTnumber = 	 {},
  pages = 	 {160--170},
  OPTmonth = 	 {},
  OPTnote = 	 {},
  OPTannote = 	 {}
}



@Article{NosratiNafisi2015,
  author = 	 {Nosrati, Vahede and Nafisi, Mahdieh},
  title = 	 {Contrastive analysis of male and female candidates’ errors in writing and speaking modules of {IELTS}},
  journal = 	 {International Journal of Language Learning and Applied Linguistics World},
  year = 	 {2015},
  OPTkey = 	 {},
  volume = 	 {9},
  OPTnumber = 	 {},
  pages = 	 {77--91},
  OPTmonth = 	 {},
  OPTnote = 	 {},
  OPTannote = 	 {}
}


@book{Quirketal1985,
	address = {Essex},
	author = {Quirk, Randolph  and  Svartvik, Jan  and  Leech, Geoffrey  and  Greenbaum, Sidney},
	publisher = {Longman},
	title = {A comprehensive grammar of the {English} language},
	year = {1985}
}

@incollection{Richards1974,
	address = {London},
	author = {Richards, Jack C},
	booktitle = {Error analysis: {P}erspectives on second language acquisition},
	editor = {Richards, Jack C.},
	pages = {172--188},
	publisher = {Longman},
	title = {A non-contrastive approach to error analysis},
	year = {1974}
}

@article{Schachter1974,
	author = {Schachter, Jacquelyn},
	journal = {Language Learning},
	pages = {205--214},
	title = {An error in error analysis},
	volume = {24},
	year = {1974}
}


@Book{Schembri2005,
  author = 	 {Schembri, Natalie},
  ALTeditor = 	 {},
  title = 	 {Noun phrase structures in {M}altese university students’ commerce texts: A study in academic {M}altese {E}nglish},
  publisher = 	 {Lincom Europa},
  year = 	 {2005},
  address = 	 {Munich},
  OPTnote = 	 {},
  OPTannote = 	 {}
}


@incollection{Selinker1974,
	address = {London},
	author = {Selinker, Larry},
	booktitle = {Error analysis: {P}erspectives on second language acquisition},
	editor = {Richards, Jack C.},
	pages = {31--54},
	publisher = {Longman},
	title = {Interlanguage},
	year = {1974}
}

@book{Swales1990,
	address = {Cambridge},
	author = {Swales, John},
	publisher = {Cambridge University Press},
	title = {Genre analysis: {E}nglish in academic and research settings},
	year = {1990}
}


@Article{Taylor1975,
  author = 	 {Taylor, Barry P},
  title = 	 {The use of overgeneralization and transfer learning strategies by elementary and intermediate students of {ESL}},
  journal = 	 {Language Learning},
  year = 	 {1975},
  volume = 	 {25},
  OPTnumber = 	 {},
  pages = 	 {73--107},
  OPTmonth = 	 {},
  OPTnote = 	 {},
  OPTannote = 	 {}
}

@misc{Con1964,
	title = {The Constitution of {M}alta Act, Chapter 1 of the Laws of {M}alta},
	year = {1964}
}


@Article{Thewissen2013,
  author = 	 {Thewissen, Jennifer},
  title = 	 {Capturing {L}2 accuracy developmental patterns: Insights from an error-tagged {EFL} learner corpus},
  journal = 	 {The Modern Language Journal},
  year = 	 {2013},
  OPTkey = 	 {},
  volume = 	 {97},
  OPTnumber = 	 {},
  pages = 	 {77--101},
  OPTmonth = 	 {},
  OPTnote = 	 {},
  OPTannote = 	 {}
}

@book{Trudgill2002,
	address = {Edinburgh},
	author = {Trudgill, Peter},
	publisher = {Edinburgh University Press},
	title = {Sociolinguistic variation and change},
	year = {2002}
}


@Book{Vella1995,
  author = 	 {Alexandra Vella},
  ALTeditor = 	 {},
  title = 	 {Prosodic structure and intonation in {M}altese: {I}nfluence on {M}altese {E}nglish},
  publisher = 	 {University of Edinburgh},
  year = 	 {1995},
  OPTkey = 	 {},
  OPTvolume = 	 {},
  OPTnumber = 	 {},
  OPTseries = 	 {},
  address = 	 {Edinburgh},
  OPTedition = 	 {},
  OPTmonth = 	 {},
  note = 	 {Doctoral dissertation},
  OPTannote = 	 {}
}

@incollection{Wardaugh1975,
	address = {Massachusetts},
	author = {Wardaugh, Ronald},
	booktitle = {New frontiers in second language learning},
	editor = {Schumann, John H. and Stenson, Nancy},
	pages = {11--19},
	publisher = {Newbury House},
	title = {The contrastive analysis hypothesis},
	year = {1975}
}



%% Azzopardi's bibliography

@techreport{lj86,
	Author = {Llewellyn-Jones, Peter},
	Date-Added = {2017-06-20 10:34:41 +0000},
	Date-Modified = {2017-06-20 10:35:19 +0000},
	Title = {Report on Phase III of the Project A Visit to {M}alta 30th November to 11th December 1986},
	Year = {1986}}

@misc{kumm98,
	Author = {Kummissjoni Ministerjali dwar l-Edukazzjoni tal-Persuni Neqsin mis-Smigħ. (Board of Studies for the Postgraduate Certificate for the Teaching of Deaf Children)},
	Date-Added = {2017-06-20 10:33:37 +0000},
	Date-Modified = {2017-06-20 10:34:26 +0000},
	Howpublished = {Institute of Linguistics: University of {M}alta. },
	Title = {L-Edukazzjoni tal-Persuni Neqsin mis-Smigħ },
	Year = {1998}}

@misc{knpd91,
	Date-Added = {2017-06-20 10:32:15 +0000},
	Date-Modified = {2017-06-20 10:33:13 +0000},
	Howpublished = {Partnership Between Deaf People and Professionals. {P}roceedings of a Conference},
	Title = {KNPD and Initiatives for Deaf Education in the Third World},
	Year = {1998}}

@inproceedings{bezz91,
	Author = {Alfred Bezzina},
	Booktitle = {Partnership Between Deaf People and Professionals. {P}roceedings of a Conference},
	Date-Added = {2017-06-20 10:22:33 +0000},
	Date-Modified = {2017-06-20 10:25:11 +0000},
	Organization = {Ministry for Social Policy ({M}alta).},
	Pages = {44-49},
	Title = {Parents of deaf children},
	Year = {1991}}

@misc{actXVII,
	Howpublished = {Government Gazzette Supplement 24th March 2016: {M}alta},
	Note = {http://justiceservices.gov.mt/DownloadDocument.aspx?app=lp&itemid=27486&l=1},
	Title = {ACT No. XVII of 2016 (ATT Nru XVII tal-2016 ). AN ACT to provide for the setting up of the {M}altese {S}ign {L}anguage Council, and for matters ancillary or consequential thereto.},
	Year = {2016}}

%@mastersthesis{azz2001,
%	Author = {Azzopardi, Maria},
%	School = {Unpublished BA Hons thesis, Institute of Linguistics University of {M}alta},
%	Title = {The {M}altese {S}ign {L}anguage ({LSM}) variety of two {D}eaf {M}altese children: An Analysis.},
%	Year = {2001}}

@Unpublished{azz2001,
  author = 	 {Azzopardi, Maria},
  title = 	 {The {M}altese {S}ign {L}anguage ({LSM}) variety of two {D}eaf {M}altese children: An Analysis.},
  note = 	 {Unpublished BA Hons thesis, Institute of Linguistics University of {M}alta},
  OPTkey = 	 {},
  OPTmonth = 	 {},
  year = 	 {2001},
  OPTannote = 	 {}
}

@incollection{aa15,
	Author = {Azzopardi-Alexander, Marie},
	Booktitle = {Languages in Contact 2014},
	Editor = {Mianowski, Jacek and Buczek, Katarzyna and Knapik, Aleksandra R},
	Publisher = {Wroclaw: Philological School of Higher Education and Committee for Philology, Polish Academy of Sciences Wroclaw Branch, in cooperation with International Communicology Institute, Washington, D.C},
	Title = {Accommodation of {M}altese {S}ign {L}anguage -- The Forging of an Identity},
	Year = {2015}}

@incollection{a09,
	Author = {Azzopardi-Alexander, Marie},
	Booktitle = {{M}altese Linguistics: A Snapshot In Memory of {J}oseph {A}. {C}remona (1922-2003)},
	Editor = {Ray Fabri},
	Publisher = {Bochum: Brockmeyer},
	Title = {Iconicity and the Development of {M}altese {S}ign {L}anguage},
	Year = {2009}}

@book{a04,
	Address = {{M}alta},
	Author = {Azzopardi-Alexander, Marie},
	Publisher = {Fondazzjoni {Z}vilupp {L}ingwa tas-{S}injali {M}altija},
	Title = {Dizzjunarju -- Il-{L}ingwa tas-{S}injali {M}altija Vol.2 Postijiet},
	Year = {2004}}

@book{a03,
	Address = {{M}alta},
	Author = {Azzopardi-Alexander, Marie},
	Publisher = {Fondazzjoni {Z}vilupp {L}ingwa tas-{S}injali {M}altija},
	Title = {Dizzjunarju -- Il-{L}ingwa tas-{S}injali {M}altija Vol.1 Annimali},
	Year = {2003}}

@mastersthesis{a05,
	Author = {Azzopardi-Axiaq, Sonia},
	School = {Linguistics thesis. University of {M}alta},
	Title = {A study of the communication skills of a small group of deaf children},
	Year = {2005}}

@inproceedings{ba91,
	Author = {Borg, Alex},
	Date-Modified = {2017-06-20 10:26:44 +0000},
	Organization = {Ministry for Social Policy ({M}alta)},
	Pages = {50-54},
	Title = {How the {M}altese deaf communicate},
	Booktitle = {Partnership Between Deaf People and Professionals. {P}roceedings of a Conference },
	Year = {1991}}

@inproceedings{bk91,
	Author = {Borg, Karl},
	Date-Modified = {2017-06-20 10:26:27 +0000},
	Journal = {p},
	Organization = {Ministry for Social Policy ({M}alta)},
	Pages = {41-43},
	Title = {A deaf person's view of life for deaf people in {M}alta},
	Booktitle = {Partnership Between Deaf People and Professionals. {P}roceedings of a Conference},
	Year = {1991}}

@book{c96,
	Address = {London},
	Author = {Corker, Mairian},
	Publisher = {Jessica Kingsley Publ},
	Title = {Deaf Transitions: Images and Origins of {D}eaf Families, {D}eaf Communities and {D}eaf Identities},
	Year = {1996}}

@unpublished{d88,
	Author = {D'Amato, Tania},
	Comment = {Unpubl B. Ed. thesis. University of {M}alta},
	Date-Modified = {2017-06-20 10:27:41 +0000},
	Title = {Some aspects of the communicative competence of a {M}altese deaf boy},
	Year = {1988}}

@unpublished{f02,
	Author = {Fenech, Damaris},
	Date-Modified = {2017-06-20 10:28:08 +0000},
	Note = {Unpublished B.Sc Hons thesis. University of {M}alta},
	Title = {Narrative Skills in {M}altese sign-oriented {D}eaf 13 -- 14 year olds},
	Year = {2002}}

@inproceedings{g91,
	Author = {Galea, Antoinette},
	Date-Modified = {2017-06-20 10:28:58 +0000},
	Organization = {Ministry for Social Policy ({M}alta)},
	Pages = {35-40},
	Title = {An Outline of the Growth and the Present State of Education of the Deaf in {M}alta},
	Booktitle = {Partnership Between Deaf People and Professionals. {P}roceedings of a Conference },
	Year = {1991}}

@mastersthesis{g06,
	Author = {Galea, Maria},
	School = {Institute of Linguistics. University of {M}alta},
	Title = {Classifier constructions in {LSM}: An analysis.},
	Year = {2006}}

@unpublished{g08,
	Author = {Galea, Maria},
	Date-Modified = {2017-06-20 10:30:39 +0000},
	Month = {February},
	Note = {{M}alta: University of {M}alta, Institute of Linguistics, retrieved February 2014},
	Title = {Rakkonti tal-Milied bil-kitba tal-lingwa tas-sinjali Maltija ({LSM}) [Christmas Stories in SignWriting of {M}altese {S}ign {L}anguage ({LSM}])},
	Url = {https://www.academia.edu/attachments/31010682/download_file?st=MTM5NDUzMDkzNSw5Mi4yNTEuMy4yMDUsMTE2NzE4Nw},
	Year = {2008},
	Bdsk-Url-1 = {https://www.academia.edu/attachments/31010682/download_file?st=MTM5NDUzMDkzNSw5Mi4yNTEuMy4yMDUsMTE2NzE4Nw}}

@phdthesis{g14,
	Author = {Galea, Maria},
	Date-Modified = {2017-06-20 10:31:37 +0000},
	Publisher = {University of {M}alta},
	Title = {SignWriting (SW) of {M}altese {S}ign {L}anguage ({LSM}) and its development into an orthography: Linguistic considerations},
	Year = {2014}}

@book{KB79,
	Address = {Cambridge, Massachusetts},
	Author = {Klima, Edward and Bellugi, Ursula.},
	Publisher = {Harvard University Press},
	Title = {The Signs of Language},
	Year = {1979}}

@mastersthesis{m10,
	Author = {Mifsud, Maria},
	Date-Modified = {2017-06-20 10:35:39 +0000},
	School = {University of {M}alta},
	Title = {A Study of Superordinates and Hyponyms in {M}altese {S}ign {L}anguage},
	Year = {2010}}

@misc{o16,
	Date-Modified = {2017-06-20 10:36:33 +0000},
    Author = {{National Statistics Office}},
	Institution = {External Cooperation and Communication Unit, National Statistics Office},
    Address = {Valletta: {M}alta},
	Month = {May 31},
	Pages = {2016},
	Title = {New Release -- Student Enrollments in 2014-2015},
	Note = {Retrieved on 24 October 2017},
	Url = {https://nso.gov.mt/en/News_Releases/View_by_Unit/Unit_C4/Education_and_Information_Society_Statistics/Documents/2016/News2016_202.pdf},
	Year = {2016}}

@incollection{n08,
	Address = {Amsterdam},
	Author = {Niederberger, Nathalie},
	Booktitle = {Sign Bilingualism},
	Editor = {Carolina and Morales-L{\'o}pez},
	Pages = {29-50},
	Publisher = {John Benjamins Publ. Co},
	Title = {Does the knowledge of a natural sign language facilitate deaf children's learning to read and write?},
	Year = {2008}}

@book{ol14,
	Address = {Washington D.C.},
	Author = {Oliva, Gina A. and Lytle, Linda Risser},
	Publisher = {Gallaudet University Press},
	Title = {Turning the Tide -- Making Life Better for {D}eaf and Hard of Hearing Schoolchildren},
	Year = {2014}}

@unpublished{p07,
	Author = {Pace, Terry},
	Date-Modified = {2017-06-20 10:37:25 +0000},
	Note = {Unpubl. PG Dipl. thesis},
	Title = {Early Intervention for Hearing Impaired Children 0 - 3 and their Families. {A} Policy Proposal},
	Year = {2007}}

@unpublished{p95,
	Author = {Porter, Denise},
	Date-Modified = {2017-06-20 10:37:47 +0000},
	Note = {Unpubl B.Sc Hons thesis. University of {M}alta},
	Title = {Aspects of the communication system of two {M}altese adults with a hearing impairment},
	Year = {1995}}

@book{rr05,
	Address = {US},
	Author = {Reilly, Charles B. and Reilly, Nipapon},
	Publisher = {Gallaudet University Press},
	Title = {The Rising of Lotus Flowers. {S}elf-Education by {D}eaf Children in {T}hai Boarding Schools},
	Year = {2005}}

@book{s95,
	Address = {USA},
	Author = {Sutton, Valerie},
	Publisher = {The Deaf Action Committee for Sign Writing},
	Title = {Lessons in Signwriting: Textbook \& Workbook},
	Year = {1995}}

@book{sg07,
	Address = {Gloucestershire, UK},
	Author = {Swanwick, Ruth and Gregory, Susan},
	Date-Modified = {2017-06-20 10:38:45 +0000},
	Publisher = {Douglas McLean Publ},
	Title = {Sign Bilingual Education - Policy and Practice},
	Year = {2007}}

@book{t09,
	Address = {Washington D.C.},
	Author = {Torres, Andr{\'e}s},
	Publisher = {Gallaudet University Press},
	Title = {Signing in {P}uerto {R}ican},
	Year = {2009}}
    
@incollection{woll84,
  author = 	 {Woll, Bencie},
  title = 	 {The comparative study of different sign languages: Preliminary analyses},
  booktitle = 	 {Recent Research on European {S}ign {L}anguages},
  publisher = {Lisse: Swets \& Zeitlinger},
  year = 	 {1984},
  editor = 	 {Loncke, F. and Boyes-Braem, P. and Lebrun, Y. },
  pages = 	 {79-91}
}


