@book{Ambros1998,
	title = {{Bon\.gornu, kif int: Einführung in die maltesische {S}prache}},
	address={Wiesbaden},
	author = {Ambros, Arne},
	publisher = {Reichert},
	year = {1998}
}



@book{Aquilina1965,
	title = {Teach yourself {Maltese}},
	address ={London},
	author = {Aquilina, Joseph},
	publisher = {The English Universities Press},
	year = {1965}
}


@book{Aquilina1987,
	author = {Aquilina, Joseph},
	year = {1987--1990},
	title = {Maltese-English dictionary},  
	address ={Malta},
	publisher = {Midsea Books}
	}



@article{BatesEtAl2015,
	author = {Bates, Douglas and Martin Maechler  and  Ben Bolker},
	journal = {{Journal of Statistical Software}},
	number = {1},
	pages = {1–48},
	title = {Fitting linear mixed-effects model using lme4},
	volume = {67},
	year = {2015}
}



@book{Bod1998,
	address = {Stanford},
	author = {Bod, Rens},
	publisher = {CSLI Publications},
	title = {Beyond grammar: {A}n experience-based theory of language},
	year = {1998}
}



@article{Borg1974,
	author = {Borg, Alexander},
	journal = {{Zeitschrift der Deutschen Morgenländische Gesellschaft}},
	number = {2},
	pages = {291–305},
	title = {Maltese Numerals},
	volume = {124},
	year = {1974}
}



@book{Chambers2003,
	address = {Oxford},
	author = {Chambers, J. K.},
	publisher = {Blackwell},
	title = {Sociolinguistic theory: {L}inguistic variation and its social significance.},
	edition = {2},
	year = {2003}
}



@book{Cremona1938,
	title = {{Tagħlim fuq il-Kitba Maltija}},
	address ={Oxford},
	author = {Cremona, Antonino},
	publisher = {Oxford University Press},
	year = {1938}
}



@article{Eddington2009,
	author = {Eddington, David},
	journal = {{Studies in Hispanic and Lusophone Linguistics}},
	pages = {420–33},
	title = {Linguistic processing is exemplar-based},
	volume = {2},
	year = {2009}
}



@incollection{Fabri1994,
	address = {Msida},
	author = {Fabri, Ray},
	booktitle = {Languages of the {Mediterranean}: {Proceedings of the Conference held in Malta, 26–29 September 1991}},
	editor = {Brincat, Joseph M.},
	pages = {228–239},
	publisher = {University of Malta},
	title = {The syntax of numerals in {M}altese},
	year = {1994}
}



@book{FoxWeisberg2011,
	address = {Thousand Oaks},
	author = {Fox, John  and  Sanford Weisberg},
	publisher = {Sage},
	title = {{An R companion to applied regression}},
	year = {2011}
}



@article{Fox2016,
	author = {Fox, John},
	journal = {R package version},
	url = {https://cran.r-project.org/web/packages/effects/effects.pdf},
	urldate = {2016-12-08}, 
	title = {R package ‘effects’},
	volume = {3},
	year = {2016}
}



@article{Krug1998,
	author = {Krug, Manfred},
	journal = {{Journal of English Linguistics}},
	pages = {286–320},
	title = {String frequency: {A} cognitive motivating factor in coalescence, language processing and linguistic change},
	volume = {26},
	year = {1998}
}



@book{Labov2001, 
	address ={Oxford},
	author = {Labov, William},
	publisher = {Blackwell},
	title = {Principles of linguistic change, vol 2: {S}ocial factors},
	year = {2001}
}



@incollection{LucasSpagnol2016,
	address = {Berlin},
	author = {Lucas, Christopher  and  Michael Spagnol},
	booktitle = {Shifts and patterns in {M}altese},
	editor = {Puech, Gilbert  and Saade, Benjamin},
	pages = {260–290},
	publisher = {De Gruyter},
	title = {Connecting /t/ in {Maltese} numerals},
	year = {2016}
}



@incollection{Mifsud1994,
	address = {Paris},
	author = {Mifsud, Manuel},
	booktitle = {Actes des Premières Journées de Dialectologie {A}rabe},
	editor = {Caubet, Dominique and Vanhove, Martine},
	pages = {91–105},
	publisher = {INALCO},
	title = {Internal pluralization in {Maltese}: {C}ontinuity and innovation},
	year = {1994}
}



@book{R2016,
	publisher = {R Foundation for Statistical Computing},
	author = "{R Core Team}",
	url = {www.R-project.org.},
	address = {Vienna, Austria},
	title = {{R: {A} language and environment for statistical computing}},
	year = {2016}
}


@incollection{RumelhartMcClelland1986,
	address = {Cambridge, MA},
	author = {Rumelhart, David E. and James L. McClelland},
	booktitle = {Parallel distributed processing: {E}xplorations in the microstructure of cognition, Vol. 2: {P}sychological and biological models},
	editor = {David E. Rumelhart and James L. McClelland and The PDP Research Group},
	publisher = {Bradford Books/MIT Press},
	title = {On learning the past tenses of {E}nglish verbs},
	year = {1986}
}

 
@book{Sarkar2008,
	address = {New York},
	author = {Sarkar, Deepayan},
	publisher = {Springer},
	title = {Lattice: {M}ultivariate data visualization with {R}},
	year = {2008}
} 

@misc{SarkarAndrews2016,
	author = {Sarkar, Deepayan  and  Felix Andrews},
	url = {https://CRAN.R-project.org/package=latticeExtra},
	title = {{lattice{E}xtra: {{E}}xtra Graphical Utilities Based on Lattice, version 6.28}},
	howpublished = {Online manual},
	year = {2016}
} 


@book{Sutcliffe1936,
	title = {A grammar of the {Maltese} language, with chrestomathy and vocabulary},
	address ={Oxford},
	author = {Sutcliffe, Edmund},
	publisher = {Oxford University Press},
	year = {1936}
}

  