%% This BibTeX bibliography file was created using BibDesk.
%% http://bibdesk.sourceforge.net/

%% Created for PatriziaPaggio at 2017-01-20 18:45:05 +0100 


%% Saved with string encoding Unicode (UTF-8) 



@phdthesis{Pierrehumbert80,
	Author = {Janet Breckenridge Pierrehumbert},
	Date-Added = {2017-01-20 17:42:48 +0000},
	Date-Modified = {2017-01-20 17:44:20 +0000},
	School = {Massachusetts Institute of Technology, Dept. of Linguistics and Philosophy},
	Title = {The phonology and phonetics of {E}nglish intonation},
	Year = {1980}}

@incollection{GundelFretheim08,
	Author = {Jeanette K. Gundel and Thorstein Fretheim},
	Booktitle = {The Handbook of Pragmatics},
	Editor = {L. Horn and G. Ward},
	Pages = {175--196},
	Publisher = {Blackwells},
	Title = {Topic and Focus},
	Year = {2008}}

@inproceedings{AlahverdzhievaLascarides10,
	Annote = {http://csli-publications.stanford.edu},
	Author = {Katya Alahverdzhieva and Alex Lascarides},
	Booktitle = {Proceedings of the {HPSG10} Conference},
	Editor = {Stefan M\"{u}ller},
	Pages = {6--26},
	Series = {CSLI Publications},
	Title = {Analysing Speech and Co-Speech Gesture in Constraint-based Grammars},
	Year = {2010}}

@Book{McNeill92,
  author = 	 {David McNeill},
  title = 	 {Hand and Mind: {W}hat gestures reveal about thought},
  publisher = 	 {University of Chicago Press},
  year = 	 {1992},
}

@article{Gussenhoven83,
	Author = {Gussenhoven,Carlos},
	Doi = {10.1017/S0022226700007799},
	Issn = {1469-7742},
	Issue = {02},
	Journal = {Journal of Linguistics},
	Month = {9},
	Numpages = {41},
	Pages = {377--417},
	Title = {Focus, mode and the nucleus},
	Url = {http://journals.cambridge.org/article_S0022226700007799},
	Volume = {19},
	Year = {1983},
	Bdsk-Url-1 = {http://journals.cambridge.org/article_S0022226700007799},
	Bdsk-Url-2 = {http://dx.doi.org/10.1017/S0022226700007799}}

@book{Bolinger86,
	Author = {Dwight Bolinger},
	Publisher = {Stanford},
	Title = {Intonation and its parts: {M}elody in spoken {E}nglish},
	Year = {1986}}

@article{grice2000place,
	Author = {Grice, Martine and Ladd, D Robert and Arvaniti, Amalia},
	Journal = {Phonology},
	Number = {02},
	Pages = {143--185},
	Publisher = {Cambridge University Press},
	Title = {On the place of phrase accents in intonational phonology},
	Volume = {17},
	Year = {2000}}

@incollection{Kendon80,
	Author = {Adam Kendon},
	Booktitle = {Nonverbal Communication and Language},
	Editor = {M. R. Key},
	Pages = {207-227},
	Publisher = {The Hague: Mouton},
	Title = {Gesture and speech: {T}wo aspects of the process of utterance},
	Year = {1980}}

@book{Ladd2008,
	Author = {Ladd, D. Robert},
	Isbn = {9781139473996},
	Opturl = {https://books.google.dk/books?id=T0aIk3GUJoQC},
	Publisher = {Cambridge University Press},
	Series = {Cambridge Studies in Linguistics},
	Title = {Intonational Phonology},
	Year = {2008}}

@article{Loehr07,
	Author = {Daniel P. Loehr},
	Journal = {Gesture},
	Number = {2},
	Title = {Aspects of rhythm in gesture and speech},
	Volume = {7},
        Pages = {179--214},
	Year = {2007}}

@phdthesis{Loehr04,
	Author = {Daniel P. Loehr},
	Optaddress = {Washington, DC},
	School = {Georgetown University},
	Title = {Gesture and Intonation},
	Year = {2004}}

@inproceedings{Ebertetal11,
	Address = {Saarbr\"{u}cken, Germany},
	Author = {Cornelia Ebert and Stefan Evert and Katharina Wilmes},
	Booktitle = {Proceedings of {S}inn und {B}edeutung 15},
	Publisher = {Universaar - Saarland University Press},
	Title = {Focus marking via gestures},
	Pages = {193--208},
	Year = {2011}}

@book{geluykens1992,
	Author = {Geluykens, Ronald},
	Isbn = {9789027226112},
	Lccn = {92008914},
	Publisher = {J. Benjamins Pub.},
	Series = {Studies in discourse and grammar},
	Title = {From Discourse Process to Grammatical Construction: {O}n Left-dislocation in {E}nglish},
	Url = {https://books.google.dk/books?id=fsh5CM7zSMQC},
	Year = {1992},
	Bdsk-Url-1 = {https://books.google.dk/books?id=fsh5CM7zSMQC}}

@article{Bezzina2015,
	Author = {Anne-Marie Bezzina},
	Journal = {Studii de linguistica},
	Pages = {91--113},
	Title = {La dislocation \`{a} la gauche comme manifestation de la variation stylistique en {M}altais},
	Volume = {5},
	Year = {2015}}

@manual{Praat2009,
	Author = {Paul Boersma and David Weenink},
	Note = {Retrieved May 1, 2009, from http://www.praat.org/},
	Title = {Praat: {D}oing phonetics by computer},
	Year = {2009}}

@phdthesis{Kipp2004,
	Address = {Boca Raton, Florida, dissertation.com},
	Author = {Michael Kipp},
	School = {Saarland University, Saarbruecken, Germany},
	Title = {Gesture Generation by Imitation - From Human Behavior to Computer Character Animation},
	Year = 2004}

@book{Comrie1981,
	Address = {Oxford},
	Author = {Bernard Comrie},
	Publisher = {Basil Blackwell},
	Title = {Language Universals and Linguistic Typology},
	Year = {1981}}

@incollection{FabriBorg2002,
	Author = {Ray Fabri and Albert Borg},
	Booktitle = {Aspects of the dialects of {A}rabic today},
	Editor = {Abderrahim Youssi and Fouzia Benjelloun and Mohamed Dahbi and Zakia Iraqui-Sinaceur},
	Pages = {354--363},
	Publisher = {Rabat: Amapatril},
	Title = {Topic, focus and word order in {M}altese},
	Year = {2002}}

@incollection{BorgAlexander2009,
	Author = {Albert Borg and Marie Azzopardi-Alexander},
	Booktitle = {Introducing {M}altese Linguistics},
	Editor = {Bernard Comrie},
	Pages = {71--81},
	Publisher = {Amsterdam: John Benjamins},
	Title = {Topicalisation in {M}altese},
	Year = {2009}}

@inproceedings{PaggioVella14,
	Address = {Valletta, Malta},
	Author = {Patrizia Paggio and Alexandra Vella},
	Booktitle = {Proceedings from the 1st {E}uropean Symposium on Multimodal Communication},
	Editor = {Patrizia Paggio and Bj{\o}rn Nicola Wessel-Tolvig},
	Month = {UNiversity of Malta, October 17--18},
	Pages = {55--64},
	Publisher = {Link\"{o}ping University Electronic Press},
	Title = {Overlaps in {M}altese Conversational and Task Oriented Dialogues},
	Year = {2014}}

@inproceedings{nomco-lrec10,
	Address = {Valletta, Malta},
	Author = {Patrizia Paggio and Jens Allwood and Elisabeth Ahls\'{e}n and Kristiina Jokinen and Costanza Navarretta},
	Booktitle = {Proceedings of the Seventh conference on International Language Resources and Evaluation ({LREC}'10)},
	Opteditor = {Nicoletta Calzolari (Conference Chair) and Khalid Choukri and Bente Maegaard and Joseph Mariani and Jan Odijk and Stelios Piperidis and Mike Rosner and Daniel Tapias},
	Optisbn = {2-9517408-6-7},
	Optlanguage = {english},
	Optmonth = {may},
	Publisher = {European Language Resources Association (ELRA)},
	Title = {The {NOMCO} Multimodal {N}ordic Resource - Goals and Characteristics},
	Year = {2010}}

@article{PaggioNavarretta2016,
	Author = {Patrizia Paggio and Costanza Navarretta},
	Issn = {1574-020X},
	Journal = {Language Resources and Evaluation},
	Pages = {1--32},
	Publisher = {Springer Netherlands},
	Title = {The {D}anish {NOMCO} Corpus Multimodal Interaction in First Acquaintance Conversations},
	Year = {2016}}

@incollection{Allwoodetal07,
	Author = {Jens Allwood and Loredana Cerrato and Kristiina Jokinen and Costanza Navarretta and Patrizia Paggio},
	Booktitle = {Multimodal Corpora for Modelling Human Multimodal Behaviour},
	Editor = {Jean-Claude Martin and Patrizia Paggio and Peter Kuehnlein and Rainer Stiefelhagen and Fabio Pianesi},
	Number = {3--4},
	Pages = {273--287},
	Publisher = {Springer},
	Series = {Special issue of the International Journal of Language Resources and Evaluation},
	Title = {The {MUMIN} coding scheme for the annotation of feedback, turn management and sequencing phenomena},
	Volume = {41},
	Year = {2007}}

@incollection{Stempel1981,
	Author = {Wolf-Dieter Stempel},
	Booktitle = {Studia Linguistica in honorem {E}ugenio {C}oseriu},
	Pages = {351--367},
	Publisher = {Berlin: de Gruyter},
	Title = {L'amour elle appelle \c{c}a -- {L}'amour tu ne connais pas.},
	Volume = {4},
	Year = {1981}}

@book{Chomsky1957,
	Address = {The Hague},
	Author = {Noam Chomsky},
	Publisher = {Mouton},
	Title = {Syntactic structures},
	Year = {1957}}

@incollection{Chafe1976,
	Author = {Wallace Chafe},
	Booktitle = {Subject and Topic},
	Editor = {Charles N. Li},
	Pages = {25--55},
	Publisher = {New York: Academic Press},
	Title = {Givenness, Contrastiveness, Definiteness, Subjects, Topics, and Point of View},
	Year = {1976}}

@phdthesis{Gundel1974,
	Author = {Jeanette K. Gundel},
	Note = {Published by Garland in 1989},
	School = {University of Texas at Austin},
	Title = {The role of topic and comment in linguistic theory},
	Year = {1974}}

@incollection{Gundel1988,
	Author = {Jeanette K. Gundel},
	Booktitle = {Syudies in Linguistic Typology},
	Editor = {Micheal Hammodn and Edith Moravcsik and Jessica Wirth},
	Pages = {209--239},
	Publisher = {Amsterdan/Philadeplphia: John Benjamins},
	Title = {Universals of {T}opic-{C}omment {S}tructure},
	Year = {1988}}

@book{doehleretal2015,
	Author = {Doehler, S.P. and De Stefani, E. and Horlacher, A.S.},
	Isbn = {9789027267986},
	Publisher = {John Benjamins Publishing Company},
	Series = {Studies in Language and Social Interaction},
	Title = {Time and Emergence in Grammar: Dislocation, topicalization and hanging topic in {F}rench talk-in-interaction},
	Url = {https://books.google.dk/books?id=pb0xCwAAQBAJ},
	Year = {2015},
	Bdsk-Url-1 = {https://books.google.dk/books?id=pb0xCwAAQBAJ}}

@book{haspelmath2001,
	Author = {Haspelmath, M.},
	Isbn = {9783110171549},
	Publisher = {New York},
	Series = {Handb{\"u}cher zur Sprach- und Kommunikationswissenschaft},
	Title = {La Typologie Des Langues Et Les Universaux Linguistiques},
	Url = {https://books.google.dk/books?id=OLA-2kDlWHIC},
	Year = {2001},
	Bdsk-Url-1 = {https://books.google.dk/books?id=OLA-2kDlWHIC}}

@incollection{Lambrecht2001,
	Author = {Knud Lambrecht},
	Booktitle = {La Typologie Des Langues Et Les Universaux Linguistiques},
	Editor = {Haspelmath, M.},
	Pages = {1050--1078},
	Publisher = {New York},
	Series = {Handb{\"u}cher zur Sprach- und Kommunikationswissenschaft},
	Title = {Dislocation},
	Year = {2001}}

@book{Moutaouakil1989,
	Author = {Moutaouakil, A.},
	Isbn = {9789067652711},
	Lccn = {90147122},
	Publisher = {Walter de Gruyter GmbH \& Company KG},
	Series = {Functional grammar series},
	Title = {Pragmatic Functions in a Functional Grammar of {A}rabic},
	Year = {1989}}

@article{GregoryMichaelis2001,
	Author = {Gregory, Michelle L and Michaelis, Laura A},
	Journal = {Journal of pragmatics},
	Number = {11},
	Pages = {1665--1706},
	Publisher = {Elsevier},
	Title = {Topicalization and left-dislocation: {A} functional opposition revisited},
	Volume = {33},
	Year = {2001}}

@inproceedings{Prince1981a,
	Author = {Ellen Prince},
	Booktitle = {Proceedings of the Seventh Annual Meeting of the {B}erkeley {L}inguistics {S}ociety},
	Pages = {249--264},
	Title = {Topicalization, {F}ocus-{M}ovement, and {Y}iddish-Movement: A Pragmatic Differentiation},
	Year = {1981}}

@incollection{Prince1981b,
	Author = {Ellen Prince},
	Booktitle = {Radical pragmatics},
	Editor = {Peter Cole},
	Pages = {223---255},
	Publisher = {New York: Academic Press},
	Title = {Toward a taxonomy of given-new information},
	Year = {1981}}

@incollection{Prince1997,
	Author = {Ellen Prince},
	Booktitle = {Directions in functional linguistics},
	Editor = {Akio Kamio},
	Pages = {117--143},
	Publisher = {Philadelphia: John Benjamins},
	Title = {On the functions of left-dislocation in {E}nglish discourse},
	Year = {1997}}

@book{Lambrecht1994,
	Author = {Knud Lambrecht},
	Publisher = {Cambridge University Press},
	Title = {Information Structure and Sentence Form: {T}opic, Focus, and the Mental Representations of Discourse Referents},
	Year = {1994}}

@article{EV_EE95,
	Author = {Enric Vallduv\'{\i} and Elisabet Engdahl},
	Journal = {Linguistics},
	Title = {The linguistic realisation of information packaging},
	Volume = {34},
	Pages = {459--519},
	Year = {1995}}

@book{Vallduvi1992,
	Author = {Enric Vallduv\'{i}},
	Publisher = {New York: Garland},
	Title = {The informational component},
	Year = {1992}}

@phdthesis{Vella1995,
	Author = {Alexandra Vella},
	School = {University of Edinburgh},
	Title = {Prosodic Structure and Intonation in {M}altese and its Influence on {M}altese {E}nglish},
	Year = {1995}}

@inproceedings{Vella2003,
	Address = {Barcelona},
	Author = {Alexandra Vella},
	Booktitle = {Proceedings of the 15th {I}nternational {C}ongress of {P}honetic {S}ciences},
	Pages = {1775--1778},
	Title = {Phrase accents in {M}altese: {D}istribution and realisation},
	Year = {2003}}

@incollection{Vella2009,
	Author = {Alexandra Vella},
	Booktitle = {{M}altese linguistics: {A} snapshot. {I}n memory of {J}oseph {A}. {C}remona},
	Editor = {Ray Fabri},
	Pages = {63--92},
	Publisher = {Bochum: Brockmeyer},
	Title = {{M}altese intonation and focus structure},
	Year = {2009}}

@book{Ward1996,
	Author = {Gregory L. Ward},
	Date-Modified = {2016-02-01 11:00:39 +0000},
	Publisher = {New York: Garland},
	Title = {The semantics and pragmatics of preposing},
	Year = {1996}}
