@incollection{Wolf2016,
	Address = {Sheffield},
	Author = {Wolf, Matthew},
	Booktitle = {Harmonic Grammar and Harmonic Serialism},
	Editor = {McCarthy, John and Pater, Joe},
	Pages = {327-368},
	Publisher = {Equinox},
	Title = {Cyclicity and non-cyclicity in {M}altese: Local ordering of phonology and morphology in OT-CC},
	Year = {2016}}

@book{Stumme1896,
	Address = {Leipzig},
	Author = {Stumme, Hans},
	Publisher = {J.C. Hinrichs'sche },
	Title = {Grammatik Des Tunischen Arabisch},
	Year = {1896}}

@misc{Zivanovic2004,
	Author = {{\v Z}ivanovi{\'c}, Sa{\v s}o},
	Title = {C and V as elements, yet another krazy attempt (YaKa)},
    Year = {2004},
    howpublished = {Online manuscript},
    Url = {https://goo.gl/D7mNAM}}

@incollection{Zammit2014,
	Address = {Berlin},
	Author = {Zammit, Martin},
	Booktitle = {Perspectives on {M}altese linguistics},	
	Editor = {Borg, Albert and Caruana, Sandro and Vella, Alexandra},
	Pages = {23-44},
	Publisher = {Akademie Verlag},
	Title = {The {S}faxi ({T}unisian) element in {M}altese},
	Year = {2014}}

@incollection{Vanhove1998,
	Address = {Madrid and Zaravoga},
	Author = {Vanhove, Martine},
	Booktitle = {Peuplement et Arabisation au Maghreb Occidental (Dialectologie et Histoire)},
	Editor = {Cressier, Patrice and Aguad{\'e}, Jordi and {\'A}ngeles, Vicente},
	Pages = {97-108},
	Publisher = {Casa Velasquez and Universidad de Zaragova},
	Title = {De quelques traits pr{\'e}hilaliens en maltais}}

@phdthesis{Tucker2013,
	Author = {Tucker, Matthew},
	School = {UC, Santa Cruz},
	Title = {Building verbs in {M}altese},
	Year = {2013}}

@book{Tesar2014,
	Address = {Cambridge},
	Author = {Tesar, Bruce},
	Publisher = {Cambridge University Press},
	Title = {Output-driven phonology: {T}heory and learning},
	Year = {2014}}

@book{Talmoudi1980,
	Address = {G{\"o}teborg},
	Author = {Talmoudi, Fathi},
	Publisher = {Acta Universitatis Gothoburgensis},
	Title = {The {A}rabic dialect of {S}{\=u}sa ({T}unisia)},
	Year = {1980}}

@book{Sutcliffe1936,
	Address = {Oxford},
	Author = {Sutcliffe, Edmund F. s.j.},
	Publisher = {Oxford University Press},
	Title = {A grammar of the {M}altese language},
	Year = {1936}}

@phdthesis{Spagnol2011,
	Author = {Spagnol, Michael},
	School = {Universit{\"a}t Konstanz},
	Title = {A tale of two morphologies: {V}erb structure and argument alternations in {M}altese},
	Year = {2011}}

@book{Shawarbah2012,
	Address = {Wiesbaden},
	Author = {Shawarbah, Musa},	
	Publisher = {Harrassowitz},
	Title = {A grammar of {N}egev {A}rabic: {C}omparative studies, texts and glossary in the {B}edouin dialect of the `{A}z{\=a}zmih tribe},
	Year = {2012}}

@book{Samuels2011,
	Address = {Oxford},
	Author = {Samuels, Bridget D.},
	Date-Added = {2017-02-02 06:18:48 +0000},
	Date-Modified = {2017-02-02 06:19:58 +0000},
	Publisher = {Oxford University Press},
	Title = {Phonological architecture: {A} biolinguistic perspective},
	Year = {2011}}

@incollection{Puech2016,
	Address = {Berlin},
	Author = {Puech, Gilbert},
	Booktitle = {Shifts and patterns in {M}altese},
	Date-Added = {2017-02-02 06:16:12 +0000},
	Date-Modified = {2017-02-02 06:18:40 +0000},
	Editor = {Puech, Gilbert and Saade, Benjamin},
	Pages = {61-89},
	Publisher = {Mouton de Gruyter},
	Title = {Minimalist representation of sounds},
	Year = {2016}}

@incollection{Puech2014,
	Address = {Berlin},
	Author = {Puech, Gilbert},
	Booktitle = {Perspectives on {M}altese linguistics},
	Date-Added = {2017-02-02 06:13:48 +0000},
	Date-Modified = {2017-02-02 06:16:11 +0000},
	Editor = {Borg, Albert and Caruana, Sandro and Vella, Alexandra},
	Pages = {61-89},
	Publisher = {Akademie Verlag},
	Title = {Prime constituents of {M}altese sounds},
	Year = {2014}}

@book{Wettinger-Fsadni1983,
	Address = {Malta},
	Author = {Wettinger, Godfrey and Fsadni o.p.},
	Date-Added = {2017-02-01 15:27:25 +0000},
	Date-Modified = {2017-02-01 15:28:34 +0000},
	Title = {L-Għanja ta` {P}ietru {C}axaru},
    Publisher = {Book Distributors Ltd.}}

@book{Wettinger-Fsadni1968,
	Author = {Wettinger, Godfrey and Fsadni, Michael},
	Address = {Malta},
	Title = {Peter Caxaro's Cantilena: {A} Poem in Medieval {M}altese},
	Year = {1968}}

@book{Wettinger1985,
	Address = {Malta},
	Author = {Wettinger, Godfrey},
	Date-Added = {2017-02-01 15:23:53 +0000},
	Date-Modified = {2017-02-01 15:25:33 +0000},
	Publisher = {Midsea Books},
	Title = {The {J}ews of {M}alta in the Late Middle Ages},
	Year = {1985}}

@book{Vassalli1827,
	Address = {Malta},
	Date-Added = {2017-02-01 12:07:07 +0000},
	Date-Modified = {2017-02-01 15:23:46 +0000},
	Edition = {Nabu Public Domain Reprints},
	Title = {Grammatica della Lingua Maltese},
	Author={Vassalli, Michael A.},
	Year={1827}}

@book{Vassalli1796,
	Address = {Malta},
	Author = {Vassalli, Michael A.},
	Date-Added = {2017-02-01 12:04:27 +0000},
	Date-Modified = {2017-02-01 12:07:04 +0000},
	Editor = {Sammut, Franz},
    Address = {Malta},
	Publisher = {SKS},
	Title = {Kt{\^y}b yl kl{\^y}m M{\^a}lti, 'mfysser byl-Lat{\v \i}n u byt-Talj{\^a}nm, sive liber dictionum Melitensium},
	Year = {1796}}

@inproceedings{Vanhove2016,
	Address = {Berlin},
	Author = {Vanhove, Martine},
	Booktitle = {Shifts and Patterns in {M}altese},
	Date-Added = {2017-02-01 12:02:00 +0000},
	Date-Modified = {2017-02-01 12:04:23 +0000},
	Editor = {Puech, Gilbert and Saade, Benjamin},
	Pages = {1-18},
	Publisher = {Mouton de Gruyter},
	Title = {From {M}altese phonology to morphogenesis: {A} tribute to {D}avid {C}ohen},
	Year = {2016}}

@article{Vanhove1991,
	Author = {Vanhove, Martine},
	Date-Added = {2017-02-01 11:59:02 +0000},
	Date-Modified = {2017-02-01 12:01:53 +0000},
	Journal = {Journal of Afroasiatic Languages},
	Number = {3},
	Pages = {22-34},
	Title = {On the survival of [ʕ] in a {M}altese idiolect at {M}taħleb in {M}alta},
	Year = {1991}}

@book{Schabert1976,
	Author = {Schabert, Peter},
	Date-Added = {2017-02-01 11:50:53 +0000},
	Date-Modified = {2017-02-01 11:53:50 +0000},
	Publisher = {Palm \& Enke Erlanger Studien},
	Title = {Laut- und Formenlehre des Maltesischen anhand zweier Mundarten},
    Address = {Germany},
	Year = {1976}}

@phdthesis{Sagey1986,
	Address = {Cambridge, MA},
	Author = {Sagey, Elizabeth},
	Date-Added = {2017-02-01 11:49:48 +0000},
	Date-Modified = {2017-02-01 11:50:44 +0000},
	School = {MIT},
	Title = {The representation of features and relations in nonlinear phonology},
	Year = {1986}}

@inproceedings{Saada1986,
	Address = {Nap;es},
	Author = {Saada, Lucienne},
	Booktitle = {Atti del Congresso Internazionale di Amalfi, 5-8 dicembre 1983},
	Date-Added = {2017-02-01 11:47:45 +0000},
	Date-Modified = {2017-02-01 11:49:39 +0000},
	Title = {Maltais en Tunisie},
	Year = {1986}}

@book{Puech1994,
	Address = {Wiesbaden},
	Date-Added = {2017-02-01 11:43:04 +0000},
	Date-Modified = {2017-02-01 11:44:35 +0000},
	Publisher = {Harrassowitz (Studia Melitensia)},
	Title = {Ethnotextes maltais},
	Year = {1994},
	Author={Puech, Gilbert},
	Address={Wiesbaden},
	Publisher={Harrassowitz}}

@inproceedings{Puech1978,
	Address = {Chicago},
	Author = {Puech, Gilbert},
	Booktitle = {Papers from the fourteenth regional meeting},
	Date-Added = {2017-02-01 11:38:50 +0000},
	Date-Modified = {2017-02-01 11:42:57 +0000},
	Editor = {Farkas, D. and Jacobsen, W. M. and Todrys, K. W.},
	Organization = {Chicago Linguistic Society},
	Pages = {377-389},
	Publisher = {University of Chicago},
	Title = {A cross-dialectal study of Vowel Harmony in {M}altese},
	Year = {1978}}

@incollection{Polgardy2012,
	Address = {Berlin},
	Author = {Polg{\'a}rdi, Krisztina},
	Booktitle = {Phonological explorations: empirical, theoretical and diachronic issues},
	Date-Added = {2017-02-01 11:36:25 +0000},
	Date-Modified = {2017-02-02 06:13:28 +0000},
	Editor = {Botma, Bert and Noske, Roland},
	Pages = {111-134},
	Publisher = {Mouton de Gruyter},
	Title = {The distribution of vowels in English and trochaic proper government},
	Year = {2012}}

@incollection{Odden1983,
	Address = {San Diego},
	Author = {Odden, David},
	Booktitle = {Phonetics and Phonology 4: Studies in Lexical Phonology,},
	Date-Added = {2017-02-01 11:33:02 +0000},
	Date-Modified = {2017-02-01 11:36:24 +0000},
	Editor = {Hargus, Sharon and Kaisse, Ellen M.},
	Journal = {Language},
	Pages = {111-144},
	Publisher = {San Diego Academic Press},
	Title = {Interaction between modules in Lexical Phonology},
	Year = {1983}}

@article{Odden1986,
	Author = {Odden, David},
	Date-Added = {2017-02-01 11:31:36 +0000},
	Date-Modified = {2017-02-01 11:32:55 +0000},
	Journal = {Language},
	Number = {2},
	Pages = {353-383},
	Title = {On the role of the Obligatory Contour Principle in Phonological Theory},
	Volume = {62},
	Year=1986}

@book{Mifsud1995,
	Address = {Leiden},
	Author = {Mifsud, Manwel},
	Date-Added = {2017-02-01 11:30:29 +0000},
	Date-Modified = {2017-02-01 11:31:35 +0000},
	Publisher = {Brill},
	Title = {Loan Verbs in {M}altese, A Descriptive and Comparative Study},
	Year = {1995}}

@book{Megiser1606,
	Author = {Megiser, Hieronymus},
	Date-Added = {2017-02-01 11:29:00 +0000},
	Date-Modified = {2017-02-01 11:30:22 +0000},
	Publisher = {Kessinger Legacy Reprints},
	Title = {Propugnaculum Europae},
	Year = {1606}}

@inproceedings{McCarthy1994,
	Address = {Cambridge},
	Author = {McCarthy, John J.},
	Booktitle = {Phonological Structure and Phonetic Form, Papers in Laboratory Phonology III},
	Date-Added = {2017-02-01 11:22:15 +0000},
	Date-Modified = {2017-02-01 11:26:24 +0000},
	Editor = {Keating, Patricia},
	Number = {191-233},
	Publisher = {Cambridge University Press},
	Title = {The phonetics and phonology of Semitic pharyngeal},
	Year = {1994}}

@inproceedings{McCarthy1991,
	Address = {Amsterdam},
	Author = {McCarthy, John J.},
	Booktitle = {Perspectives on {A}rabic linguistics III. Papers from the third annual symposium on {A}rabic linguistics},
	Date-Added = {2017-02-01 11:19:35 +0000},
	Date-Modified = {2017-02-01 11:28:43 +0000},
	Editor = {Comrie, Bernard and Eid, Mushira},
	Pages = {63-91},
	Publisher = {John Benjamins Publishing Company},
	Title = {Semitic gutturals and distinctive feature theory},
	Year = {1991}}

@article{McCarthy1986,
	Author = {McCarthy, John J.},
	Date-Added = {2017-02-01 11:18:06 +0000},
	Date-Modified = {2017-02-01 11:19:33 +0000},
	Journal = {Linguistic Inquiry},
	Number = {2},
	Pages = {207-263},
	Title = {{OCP} effects: {G}emination and antigemination},
	Volume = {17},
	Year = {1986}}

@incollection{Lowenstamm1996,
	Address = {Salford},
	Author = {Lowenstamm, Jean},
	Booktitle = {Current Trends in Phonology, Models and Methods},
	Date-Added = {2017-02-01 11:11:32 +0000},
	Date-Modified = {2017-02-01 11:17:51 +0000},
	Editor = {Durand, Jacques and Laks, Bernard},
	Pages = {24-46},
	Publisher = {ESRI},
	Title = {{CV} as the Only Syllable Type},
	Volume = {2},
	Year = {1996}}

@article{Laufer1991,
	Author = {Laufer, Asher},
	Date-Added = {2017-02-01 11:10:20 +0000},
	Date-Modified = {2017-02-01 11:11:21 +0000},
	Journal = {Journal of International Phonetic Association},
	Number = {2},
	Pages = {91-93},
	Title = {The `glottal fricatives'},
	Volume = {21},
	Year = {1991}}

@article{Laufer1988,
	Author = {Laufer, Asher},
	Date-Added = {2017-02-01 11:08:15 +0000},
	Date-Modified = {2017-02-01 11:10:17 +0000},
	Journal = {Language and Speech},
	Number = {2},
	Pages = {181-205},
	Title = {The emphatic and pharyngeal sounds in {H}ebrew and in {A}rabic},
	Volume = {31},
	Year = {1988}}

@incollection{Hume2009,
	Address = {Amsterdam},
	Author = {Hume, Elizabeth and Venditti, Jennifer and Vella, Alexandra and Gett, Samantha},
	Booktitle = {Introducing {M}altese linguistics},
	Date-Added = {2017-02-01 11:01:34 +0000},
	Date-Modified = {2017-02-01 11:08:53 +0000},
	Editor = {Comrie, Bernard and Fabri, R. and Hume, Elizabeth and Mifsud, M. and Stolz, Thomas and Vanhove, Martine},
	Pages = {15-46},
	Publisher = {John Benjamins Publishing Company},
	Title = {Vowel duration and {M}altese `għ'},
	Year = {2009}}

@book{Hume1994,
	Address = {New York},
	Author = {Hume, Elizabeth},
	Date-Added = {2017-02-01 10:59:32 +0000},
	Date-Modified = {2017-02-01 11:01:11 +0000},
	Publisher = {Garland},
	Title = {Front vowels, coronal consonants, and their interaction in nonlinear phonology},
	Year = {1994}}

@article{Hayward1989,
	Author = {Hayward, K.M. and Hayward, R.J.},
	Date-Added = {2017-02-01 10:57:35 +0000},
	Date-Modified = {2017-02-01 10:59:26 +0000},
	Journal = {Transactions of the Philological Scociety},
	Number = {2},
	Pages = {179-193},
	Title = {`Guttural': {A}rguments for a new Distinctive Feature},
	Volume = {87},
	Year = {1989}}

@incollection{HarrisLindsey1995,
	Address = {London},
	Author = {Harris, John, and Lindsey, Geoff},
	Booktitle = {Frontiers of Phonology: Atoms, Structures, Derivations},
	Date-Added = {2017-02-01 10:53:07 +0000},
	Date-Modified = {2017-02-01 10:57:24 +0000},
	Editor = {Durand, Jacques and Katamba, Francis},
	Pages = {34-79},
	Publisher = {Longman},
	Title = {The elements of Phonological Representation},
	Year = {1995}}

@incollection{Fabri2011,
	Address = {Berlin},
	Author = {Fabri, Ray},
	Booktitle = {Variation and Change: {T}he Dynamics of {M}altese in Space, Time and Society},
	Date-Added = {2017-02-01 10:44:37 +0000},
	Date-Modified = {2017-02-01 11:27:18 +0000},
	Editor = {Caruana, Sandro and Fabri, Ray and Stolz, Thomas},
	Pages = {89-107},
	Publisher = {Akademie Verlag},
	Title = {The language of young people and language change in {M}altese},
	Year = {2011}}

@phdthesis{Ghazeli1977,
	Author = {Ghazeli, Salem},
	Date-Added = {2017-02-01 10:43:36 +0000},
	Date-Modified = {2017-02-01 10:52:57 +0000},
	School = {University of Texas at Austin},
	Title = {Back Consonants and Backing coarticulation in {A}rabic},
	Year = {1977}}

@article{Cowan1966,
	Author = {Cowan, William},
	Date-Added = {2017-02-01 10:40:57 +0000},
	Date-Modified = {2017-02-01 10:43:34 +0000},
	Journal = {Journal of {M}altese Studies},
	Pages = {27-32},
	Title = {Loss of Emphasis in {M}altese},
	Volume = {3},
	Year = {1966}}

@incollection{Comrie1991,
	Address = {Wiesbaden},
	Author = {Comrie, Bernard},
	Booktitle = {Semitic Studies, in honor of {W}olf {L}eslau},
	Date-Added = {2017-02-01 09:18:36 +0000},
	Date-Modified = {2017-02-01 09:20:52 +0000},
	Editor = {Kaye, Alan S.},
	Pages = {234-244},
	Publisher = {Otto Harrassowitz},
	Title = {Towards a history of {A}rabic {M}altese},
	Year = {1991}}

@article{Comrie1986,
	Author = {Comrie, Bernard},
	Booktitle = {Zeitschrift f{\"u}r Phonetik Sprachwissenschaft und Kommunikationforschung},
	Date-Added = {2017-02-01 09:14:11 +0000},
	Date-Modified = {2017-02-01 09:18:31 +0000},
	Journal = {Zeitschrift f{\"u}r Phonetik, Sprachwissenschaft und Kommunikationforschung},
	Number = {1},
	Pages = {12-18},
	Title = {The {M}altese Pharyngeal},
	Volume = {39},
	Year = {1986}}

@incollection{Comrie1980,
	Author = {Comrie, Bernard},
	Booktitle = {Studies in {A}rabic linguistics},
	Date-Added = {2017-02-01 09:11:22 +0000},
	Date-Modified = {2017-02-01 09:14:08 +0000},
	Editor = {Kenstowicz, M.},
	Pages = {25-37},
	Publisher = {University of Illinois},
	Title = {The sun letters in {M}altese: {B}etween morphophonemics and phonetics},
    Address = {Urbana, IL},
	Year = {1980}}

@book{Cohen1970,
	Address = {The Hague},
	Author = {Cohen, David},
	Date-Added = {2017-02-01 09:06:23 +0000},
	Date-Modified = {2017-02-01 09:08:00 +0000},
	Publisher = {Mouton},
	Title = {{\'E}tudes de linguistique s{\'e}mitique et arabe},
	Year = {1970}}

@inproceedings{Cohen-Vanhove1991,
	Address = {Paris},
	Author = {Cohen, David and Vanhove, Martine},
	Booktitle = {Comptes rendus du GLECS (1984-1986)},
	Date-Added = {2017-02-01 09:06:22 +0000},
	Date-Modified = {2017-02-01 09:11:16 +0000},
	Organization = {Groupe linguistique d'{\'e}tudes chamito-s{\'e}mitiques},
	Pages = {177-200},
	Title = {La `Cantil{\`e}ne' maltaise du 15{\`e}me si{\`e}cle: {R}emarques linguistiques},
	Volume = {29-30},
	Year = {1991}}

@article{Cohen1966,
	Author = {Cohen, David},
	Date-Added = {2017-02-01 09:04:58 +0000},
	Date-Modified = {2017-02-01 15:28:56 +0000},
	Journal = {Journal of Maltese Studies},
	Pages = {1-26},
	Title = {Le syst{\`e}me phonologique du maltais},
	Volume = {3},
	Year = {1966}}

@inproceedings{Clements1999,
	Address = {Prague},
	Author = {Clements, George N.},
	Booktitle = {Proceedings of {LP}'98: {I}tem order in language and speech},
	Date-Added = {2017-02-01 09:02:06 +0000},
	Date-Modified = {2017-02-01 09:04:57 +0000},
	Editor = {Fujimora,Osamu and Joseph, Brian D. and Palek, Bohumil},
	Pages = {271-299},
	Publisher = {The Karolinum Press},
	Title = {Affricates as Noncontoured Stops},
	Year = {1999}}

@incollection{Clements1985,
	Author = {Clements, George N.},
	Booktitle = {Phonology Yearbook},
	Date-Added = {2017-02-01 08:59:25 +0000},
	Date-Modified = {2017-02-01 09:02:04 +0000},
	Editor = {Ewen, C. J. and Anderson, J.M.},
	Pages = {225-252},
	Publisher = {Cambridge University Press},
	Title = {The geometry of phonological features},
	Volume = {2},
	Year = {1985}}

@book{ChomskyHalle1968,
	Address = {New York},
	Author = {Chomsky, Noam and Halle, Morris},
	Date-Added = {2017-02-01 08:57:40 +0000},
	Date-Modified = {2017-02-01 08:59:18 +0000},
	Publisher = {Harper \& Row},
	Title = {The Sound Pattern of {E}nglish},
	Year = {1968}}

@phdthesis{Camilleri2014,
	Author = {Camilleri, Maris},
	Date-Added = {2017-02-01 08:56:11 +0000},
	Date-Modified = {2017-02-01 08:57:36 +0000},
	School = {University of Surrey},
	Title = {The stem in inflectional verbal paradigms in {M}altese},
	Year = {2014}}

@article{Vanhove1994,
	Author = {Camilleri, Antoinette and Vanhove, Martine},
	Date-Added = {2017-02-01 08:54:14 +0000},
	Date-Modified = {2017-02-01 08:56:08 +0000},
	Journal = {Zeitschrift f{\"u}r Arabische Linguistik},
	Pages = {87-110},
	Title = {A Phonetic and Phonological Description of the {M}altese Dialect of {M}{\.g}arr ({M}alta)},
	Volume = {28},
	Year = {1994}}

@book{Brincat2011,
	Address = {Malta},
	Date-Added = {2017-02-01 08:52:42 +0000},
	Date-Modified = {2017-02-01 08:54:02 +0000},
	Publisher = {Midsea Books},
	Title = {Maltese and other languages},
	Year = {2011}}

@incollection{Brame1972,
	Author = {Brame, Michael K.},
	Booktitle = {Contributions to Generative Phonology},	
	Address = {Austin, TX},
	Editor = {Brame, Michael K.},
	Pages = {22-61},
	Publisher = {University of Texas Press},
	Title = {On the abstractness of Phonology: {M}altese ʕ},
	Year = {1972}}

@incollection{Borg1997,
	Address = {Winona Lake, Indiana},
	Author = {Borg, Alexander},
	Booktitle = {Phonologies of {A}sia and {A}frica},
	Date-Added = {2017-02-01 08:45:55 +0000},
	Date-Modified = {2017-02-01 08:49:27 +0000},
	Editor = {Kaye, Alan S.},
	Pages = {245-285},
	Publisher = {Eisenbrauns},
	Title = {Maltese Phonology},
	Volume = {1},
	Year = {1997}}

@phdthesis{Borg1978,
	Author = {Borg, Alexander},
	Date-Added = {2017-02-01 08:43:47 +0000},
	Date-Modified = {2017-02-01 08:45:42 +0000},
	School = {The {H}ebrew {U}niversity},
	Title = {A Historical and Comparative Phonology and Morphology of {M}altese},
	Year = {1978}}

@article{Borg1977,
	Author = {Borg, Alexander},
	Date-Added = {2017-02-01 08:42:01 +0000},
	Date-Modified = {2017-02-01 08:43:45 +0000},
	Journal = {Israel Oriental Studies},
	Pages = {211-225},
	Title = {Reflexes of pausal forms in {M}altese rural dialects?},
	Volume = {7},
	Year = {1977}}

@article{Borg1976,
	Author = {Borg, Alexander},
	Date-Added = {2017-02-01 08:40:01 +0000},
	Date-Modified = {2017-02-01 08:41:57 +0000},
	Journal = {Israel Oriental Studies},
	Pages = {191-223},
	Title = {The {IMAALA} in {M}altese},
	Volume = {6},
	Year = {1976}}

@book{BorgAzzopardi1997,
	Address = {London},
	Author = {Borg, Albert and Azzopardi, Marie},
	Date-Added = {2017-02-01 08:36:07 +0000},
	Date-Modified = {2017-02-02 06:58:46 +0000},
	Publisher = {Routledge},
	Title = {Maltese},
	Year = {1997}}

@incollection{Borg2011,
	Address = {Berlin},
	Author = {Borg, Albert},
	Booktitle = {Variation and Change: {T}he Dynamics of {M}altese in Space, Time and Society},
	Date-Added = {2017-02-01 08:33:16 +0000},
	Date-Modified = {2017-02-01 08:36:04 +0000},
	Editor = {Caruana, Sandro and Fabri, Ray and Stolz, Thomas},
	Pages = {11-31},
	Publisher = {Akademie Verlag},
	Title = {Lectal variations in {M}altese},
	Year = {2011}}

@incollection{Bonelli1900,
	Address = {Torino},
	Author = {Bonelli, Luigi},
	Booktitle = {Supplementi Periodici all' Archivio Glottologico Italiano},
	Date-Added = {2017-02-01 08:28:49 +0000},
	Date-Modified = {2017-02-01 08:32:46 +0000},
	Edition = {Nabu Public Domain Reprints},
	Editor = {Ascoli, G. I.},
	Pages = {1-68},
	Publisher = {Ermanno Loescher},
	Title = {Il dialetto maltese (continuazione): Lessico},
	Volume = {7},
	Year = {1900}}

@incollection{Bonelli1898,
	Author = {Bonelli, Luigi},
	Booktitle = {Supplementi Periodici all' Archivio Glottologico Italiano},
	Date-Added = {2017-02-01 08:16:48 +0000},
	Date-Modified = {2017-02-01 08:28:42 +0000},
	Edition = {Nabu Public Domain Reprints},
	Editor = {Ascoli, G. I.},
	Pages = {37-70},
	Publisher = {Ermanno Loescher},
    Address = {Florence},
	Title = {Il dialetto maltese (continuazione)},
	Volume = {settima dispensa},
	Year = {1898}}

@incollection{Bonelli1897,
	Address = {Torino},
	Author = {Bonelli, Luigi},
	Booktitle = {Archivio Glottologico Italiano; Supplementi Periodici},
	Date-Added = {2017-02-01 08:08:20 +0000},
	Date-Modified = {2017-02-01 08:28:19 +0000},
	Edition = {Nabu Public Domain Reprints},
	Editor = {Ascoli, G. I.},
	Pages = {53-98},
	Publisher = {Ermanno Loescher},
	Title = {Il dialetto maltese},
	Volume = {sesta dispensa},
	Year = {1897}}

@incollection{AzzopardiAlexander2011,
	Address = {Berlin},
	Author = {Azzopardi-Alexander, Marie},
	Booktitle = {Variation and Change: {T}he Dynamics of {M}altese in Space, Time and Society},
	Date-Added = {2017-02-01 07:41:36 +0000},
	Date-Modified = {2017-02-01 08:06:43 +0000},
	Editor = {Caruana, Sandro and Fabri, Ray and Stolz, Thomas},
	Pages = {235-253},
	Publisher = {Akademie Verlag},
	Title = {The vowel system of {X}lukkajr and {N}aduri},
	Year = {2011}}

@book{AquilinaIsserlin1981,
	Address = {Leeds},
	Author = {Aquilina, Joseph and Isserlin, B. S. J.},
	Date-Added = {2017-02-01 07:34:10 +0000},
	Date-Modified = {2017-02-01 07:41:06 +0000},
	Publisher = {University of Leeds},
	Title = {A survey of contemporary dialectal {M}altese, Volume 1: {G}ozo},
	Year = {1981}}

@book{Aquilina1990,
	Address = {Malta},
	Author = {Aquilina, Joseph},
	Date-Added = {2017-02-01 07:32:19 +0000},
	Date-Modified = {2017-02-01 07:33:57 +0000},
	Publisher = {Midsea Books},
	Title = {{M}altese-{E}nglish Dictionary},
	Volume = {2},
	Year = {1990}}

@book{Aquilina1987,
	Address = {Malta},
	Author = {Aquilina, Joseph},
	Date-Added = {2017-02-01 07:27:22 +0000},
	Date-Modified = {2017-02-01 07:32:15 +0000},
	Publisher = {Midsea books},
	Title = {{M}altese-{E}nglish Dictionary},
	Volume = {1},
	Year = {1987}}

@book{Aquilina1961,
	Author = {Aquilina, Joseph},
	Date-Added = {2017-02-01 07:23:49 +0000},
	Date-Modified = {2017-02-01 07:26:57 +0000},
	Publisher = {The Royal University of Malta},
	Title = {Papers in {M}altese Linguistics},
	Year = {1961}}

@electronic{MLRS,
	Title = {Korpus Malti v. 3.0},
	Year = {2016},
	Url = {http://mlrs.research.um.edu.mt/}}

@book{AgiusdeSoldanis,
	Address = {Roma},
	Author = {Agius de Soldanis, Giovanni Pietro F.},
	Date-Added = {2017-02-01 06:58:04 +0000},
	Date-Modified = {2017-02-01 07:05:15 +0000},
	Edition = {Facsimile edition: Malta 2007},
	Publisher = {Joe Zammit Ciantar},
	Title = {Della Lingua Punica presentamente usata da Maltese \&. c. overro Nuovi documenti, li quali possono servire di lume all'antica lingua etrusca; stesi in due dissertazioni \& c.},
	Year = {1750}}

@phdthesis{Bellem2007,
	Address = {London},
	Author = {Bellem, Alex},
	Date-Added = {2017-01-31 16:00:30 +0000},
	Date-Modified = {2017-02-01 06:44:52 +0000},
	School = {School of Oriental and African Studies},
	Title = {Towards a Comparative Typology of Emphatics, Across {S}emitic and into {A}rabic Dialect Phonology},
	Year = {2007}}

@book{Backley2011,
	Address = {Edinburgh},
	Author = {Backley, Philip},
	Date-Added = {2017-01-31 15:53:28 +0000},
	Date-Modified = {2017-02-01 06:44:52 +0000},
	Publisher = {Edinburgh University Press},
	Title = {An introduction to {E}lement {T}heory},
	Year = {2011}}

@book{Aquilina1959,
	Author = {Aquilina, Joseph},
	Date-Added = {2017-01-31 15:44:47 +0000},
	Date-Modified = {2017-02-01 06:44:52 +0000},
	Address={Malta},
	Publisher = {The Royal University of Malta},
	Title = {The Structure of {M}altese: {A} Study in Mixed Grammar and Vocabulary},
	Year = {1959}}
	
@phdthesis{Breit2013,
	Author={Breit, Florian},
	Title={Formal Aspects of Element Theory},	
	School={University College London},
	Year={2013}}
		
@book{JakobsonEtAl1952,
	Title={ Preliminaries to Speech Analysis: {T}he Distinctive Features and their Correlates.},
	Publisher={MIT Press},
	Address={Cambridge, MA},
	Year={1952},
	Author={Jakobson, Roman and Fant, Gunnar M. and Halle, Morris}}
	
@phdthesis{AlKhairy2005,
	Author={Al-Khairy, Mohamed},
	Year={2005},
	Title={Acoustic Characteristics of {A}rabic Fricatives},
	School={University of Florida}}
	
@article{Cowan1964,
	Author={Cowan, William},
	Year={1964},
	Title={An early {M}altese word-list},
	Journal={Journal of Maltese Studies},
	Volume={2},
	Pages={212-225}}
	
@article{Cassola1987,
	Author={Cassola, Arnold},
	Year={1987-88},
	Title={Una edizione diversa della lista di voci maltesi del seicento di Hieronymus Megiser},
	Journal={Journal of Maltese Studies},
	Volume={17-18},
	Pages={72-86}}

@article{Kontzi1994,
	Author={Kontzi, Reinhold},
	Year={1994},
	Title={Il-kontribut ta' studjużi {Ġ}ermaniżi fl-istudju ta' l-ilsien {M}alti mill-bidu tas-seklu sbatax sal-bidu tas-seklu għoxrin [Martin Zammit, trans.]},
	Journal={Journal of Maltese Studies},
	Volume={25},
	Pages={13-39}}
	
@article{Hall2006,
	Author={Hall, Nancy},
	Title={Cross-linguistic patterns of vowel intrusion.},
	Journal={Phonology},
	Year={2006},
	Volume={23},
	Issue={3},
	Pages={387-429}}

@article{Russo2016,
	Author={Russo, Michela and Ulfsbjorninn, Shanti},	
	Title={Breaking the Symmetry of Geminates in Diachrony and Synchrony},
	Journal={Papers in Historical Phonology},
	Year={2017},
	Volume={2},
	Pages={164-202}}
	
@article{Kaye1972,
	author = {Kaye, Alan S},
	journal = {Linguistics},
	pages = {31--63},
	title = {Arabic /ž/: {A} synchronic and diachronic study},
	volume = {79},
	year = {1972}
}