@incollection{Gelderen2001,
	author = {{\VAN{Gelderen}{van Gelderen}{van Gelderen, Véronique}}},
	booktitle = {Linguistics in the {Netherlands} 2001},
	doi = {10.1075/avt.18.11gel},
	editor = {Ton van der Wouden and Hans Broekhuis},
	number = {18},
	pages = {89--100},
	publisher = {John Benjamins},
    address = {Amsterdam},
	series = {Linguistics in the Netherlands},
	title = {Partial \emph{wh}-movement in {Russian}},
	year = {2001}}


@article{Torrence2013,
	author = {Harold Torrence},
	doi = {10.1111/synt.12000},
	journal = {Syntax},
	number = {2},
	pages = {176--215},
	title = {A promotion analysis of {Wolof} clefts},
	volume = {16},
	year = {2013}}

 
@incollection{Fanselow2017a,
	author = {Gisbert Fanselow},
	booktitle = {The {Wiley} {Blackwell} companion to syntax},
	doi = {10.1002/9781118358733.wbsyncom088},
	editor = {Martin Everaert and Henk van Riemsdijk},
	pages = {437--492},
	publisher = {Wiley Blackwell},
    address = {New York},
	title = {Partial wh-movement},
	year = {2017}}

 
@incollection{Riemsdijk1983,
    author = {{\VAN{Riemsdijk}{van Riemsdijk}{van Riemsdijk, Henk}}},
	booktitle = {Studies in generative grammar and language acquisition: {A} report on recent trends in linguistics},
	editor = {Yukio Otsu and Henk van Riemsdijk and Kazuko Inoue},
	pages = {5--16},
	publisher = {International Christian University},
    address = {Tokyo},
	title = {Correspondence effects and the {Empty} {Category} {Principle}},
	year = {1983}}

@book{Lutz-Muller-etal2000,
	doi = {10.1075/la.37},
	editor = {Uli Lutz and Gereon Müller and Arnim von Stechow},
	number = {483},
	publisher = {John Benjamins},
    address = {Amsterdam},
	series = {Linguistik Aktuell/Linguistics Today},
	title = {Wh-scope marking},
	year = {2000}}


@article{Hiemstra1986,
	author = {Inge Hiemstra},
	doi = {10.1075/nowele.8.06hie},
	journal = {NOWELE. North-Western European Language Evolution},
	number = {1},
	pages = {97--110},
	title = {Some aspects of wh-questions in {Frisian}},
	volume = {8},
	year = {1986}}


@book{Haider2012,
	author = {Hubert Haider},
	doi = {10.1017/CBO9781139084635},
	number = {136},
	publisher = {Cambridge University Press},
    address = {Cambridge},
	series = {Cambridge Studies in Linguistics},
	title = {Symmetry breaking in syntax},
	year = {2012}}


@phdthesis{Mahajan1990,
	author = {Anoop Kumar Mahajan},
	school = {MIT},
 address = {Cambridge, MA},
	title = {The {A/A-bar} distinction and {Movement} {Theory}},
	year = {1990}}

 
@article{Hopp-Putnam-etal2019,
	author = {Holger Hopp and Michael T. Putnam and Nora Vosburg},
	doi = {10.1075/lab.17014.hop},
	journal = {Linguistics Approaches to Bilingualism},
	number = {3},
	pages = {341--375},
	title = {Derivational complexity vs. transfer effects. {Long-distance} wh-movement in heritage and {L2} grammars},
	volume = {9},
	year = {2019}}

 
@book{Axel-Tober2012,
	author = {Katrin Axel-Tober},
	doi = {10.1515/9783110276671},
	number = {542},
	publisher = {Mouton de Gruyter},
    address = {Berlin},
	series = {Linguistische Arbeiten},
	title = {({Nicht-})kanonische {Nebensätze} im {Deutschen}: {Synchrone} und diachrone {Aspekte}},
	year = {2012}}

 
@incollection{Reis2000b,
	author = {Marga Reis},
	booktitle = {Wh-scope marking},
	doi = {10.1075/la.37.14rei},
	editor = {Uli Lutz and Gereon Müller and Arnim von Stechow},
	number = {37},
	pages = {359--407},
	publisher = {John Benjamins},
    address = {Amsterdam},
	series = {Linguistik Aktuell/Linguistics Today},
	title = {On the parenthetical features of {German}: {Was}{\ldots} w-constructions and how to account for them},
	year = {2000}}


@article{Hakanson2004,
	author = {David Håkanson},
    url = {https://lup.lub.lu.se/record/529579},
	journal = {Working Papers in Scandinavian Syntax},
	pages = {61--81},
	title = {Partial wh-movement in the history of {Scandinavian}},
	volume = {73},
    number = {1},
	year = {2004}}


 
@article{Sigurdsson1988,
	author = {Halldór Ármann Sigurðsson},
	journal = {Working Papers in Scandinavian Syntax},
	pages = {1--41},
	title = {From {OV} to {VO}: {Evidence} from {Old} {Icelandic}},
	volume = {34},
    number = {1},
	year = {1988}}


@phdthesis{Haugen2000,
	author = {Jens Haugen},
	school = {Norwegian University of Science and Technology},
 address = {Trondheim},
	title = {Old {Norse} word order and information structure},
	year = {2000}}

 
@book{Falk-Torp1900,
	author = {Hjalmar Falk and Alf Torp},
	publisher = {Aschehoug},
    address = {Kristiana},
	title = {Dansk-norskens syntax i historisk fremstilling},
	year = {1900}}


@article{Jakubowicz-Strik2008,
	author = {Celia Jakubowicz and Nelleke Strik},
	doi = {10.1177/00238309080510010701},
	journal = {Language and Speech},
	number = {1--2},
	pages = {101--132},
	title = {Scope-marking strategies in the acquisition of long distance wh-questions in {French} and {Dutch}},
	volume = {51},
	year = {2008}}

 
@incollection{Staudacher2000,
	author = {Peter Staudacher},
	booktitle = {Von der {Philologie} zur {Grammatiktheorie}: {Peter} {Suchs\-land} zum 65. {Geburtstag}},
	editor = {Josef Bayer and Christine Römer},
	pages = {191--211},
	publisher = {Max Niemeyer},
    address = {Tübingen},
	title = {Partial movement and compositionality},
	year = {2000}}


@book{Meyer2004,
	author = {Roland Meyer},
	number = {436},
	publisher = {Otto Sagner},
    address = {München},
	series = {Slavistische Beiträge},
	title = {Syntax der {Ergänzungsfrage}: {Empirische} {Untersuchungen} am {Russischen}, {Polnischen} und {Tschechischen}},
	year = {2004}}

 
@incollection{Korotkova2012,
	author = {Natalia Korotkova},
	booktitle = {Proceedings of the 30th {West} {Coast} {Conference} on {Formal} {Linguistics}},
    url = {http://www.lingref.com/cpp/wccfl/30/paper2818.pdf},
	editor = {Nathan Arnett and Ryan Bennett},
	pages = {205--215},
	publisher = {Cascadilla Proceedings Project},
    address = {Somerville, MA},
	title = {On alleged wh-scope marking in Russian},
	year = {2012}}


@article{Lubanska2004,
	author = {Maja Lubańska},
	journal = {Pozna{\'n} Studies in Contemporary Linguistics},
	pages = {73--88},
    number = {1},
	title = {Wh-scope marking in {Polish}},
	volume = {39},
	year = {2004}}

 
@article{Smiecinska2011,
	author = {Joanna Śmiecińska},
	journal = {Potsdam Linguistic Investigations},
	pages = {339--350},
	title = {Wh-scope marking strategies in {Polish}},
	volume = {6},
	year = {2011}}


@article{Horvath1997,
	author = {Julia Horvath},
	doi = {10.1023/A:1005842214213},
	journal = {Natural Language \& Linguistic Theory},
	number = {3},
	pages = {509--572},
	title = {The status of wh-expletives and the partial movement construction of {Hungarian}},
	volume = {15},
	year = {1997}}

 
@article{McDaniel1989,
	author = {Dana McDaniel},
	doi = {10.1007/BF00205158},
	journal = {Natural Language \& Linguistic Theory},
	number = {4},
	pages = {565--604},
	title = {Partial and multiple wh-movement},
	volume = {7},
	year = {1989}}

 
@article{Allkivi2018,
	author = {Kais Allkivi},
	doi = {10.3176/lu.2018.2.01},
	journal = {Linguistica Uralica},
	number = {2},
	pages = {81--103},
	title = {Pronominal doubling in {Estonian} complex wh-questions},
	volume = {54},
	year = {2018}}


@phdthesis{Borise2019,
	author = {Lena Borise},
	school = {Harvard University},
 address = {Cambridge, MA},
	title = {Phrasing is key: {The} syntax and prosody of focus in {Georgian}},
	year = {2019}}


@book{Bayer1996,
	author = {Josef Bayer},
	doi = {10.1007/978-94-017-1272-9},
	number = {34},
	publisher = {Kluwer},
    address = {Dordrecht},
	series = {Studies in Natural Language and Linguistic Theory},
	title = {Directionality and {Logical} {Form}: {On} the scope of focussing particles and wh-in-situ},
	year = {1996}}


@book{Wali-Koul1997,
	author = {Kashi Wali and Omkar N. Koul},
	publisher = {London and New York: Routledge},
	title = {Kashmiri: {A} cognitive-descriptice grammar},
	year = {1997}}


@incollection{Antnonenko2010,
	author = {Andrei Antonenko},
	booktitle = {Universal {Grammar} and individual languages: {Proceedings} of the {Seoul} {International} {Conference} on {Linguistics} 2010 ({SICOL} 2010, {Korea} {University}, {Seoul})},
	editor = {Young-Se Kang and Jong-Yurl Yoon and Jongseon Hong and Jiun-Shiung Wu and Seongha Rhee and Kyoung-Ae Kim and Dong-Ho Choi and Kee-Ho Kim and Hye-Kyung Kang},
	publisher = {Hankookmunhwasa},
    address = {Seoul},
	title = {Partial wh-movement in {Kashimiri}},
	year = {2010}}


@article{Simpson-Bhattacharya2003,
	author = {Andrew Simpson and Tanmoy Bhattacharya},
	journal = {Linguistic Inquiry},
	number = {1},
	pages = {127--142},
    doi = {10.1162/002438903763255940},
	title = {Obligatory overt wh-movement in a wh-in-situ language},
	volume = {34},
	year = {2003}}


@book{Dhongde-Wali2009,
	author = {Ramesh Vaman Dhong\-de and Kashi Wali},
	doi = {10.1075/loall.13},
	number = {13},
	publisher = {John Benjamins},
    address = {Amsterdam},
	series = {London Oriental and African Language Library},
	title = {Marathi},
	year = {2009}}


@incollection{Karimi-Taleghani2007,
	author = {Simin Karimi and Azita H. Taleghani},
	booktitle = {Clausal and phrasal architecture: {Derivation} and interpretation},
	doi = {10.1075/la.101.09kar},
	editor = {Simin Karimi and Vida Samiian and Wendy K. Wilkins},
	number = {101},
	pages = {167--187},
	publisher = {John Benjamins},
    address = {Amsterdam},
	series = {Linguistik Aktuell/Linguistics Today},
	title = {Wh-movement, optionality, and interpretation in {Persian}},
	year = {2007}}

 
@article{Hamid2019,
	author = {Twana Saadi Hamid},
	doi = {10.21271/zjhs.23.6.19},
	journal = {{ZANCO}: Journal of Humanity Sciences},
	number = {6},
	pages = {308--318},
	title = {Wh-movement in {Central} {Kurdish}: {A} cross-linguistic study},
	volume = {23},
	year = {2019}}

 
@article{Aravind2018,
	author = {Athulya Aravind},
	doi = {10.1007/s11049-017-9371-2},
	journal = {Natural Language \& Linguistic Theory},
	number = {1},
	pages = {1--43},
	title = {Licensing long-distance wh-in-situ in {Malayalam}},
	volume = {36},
	year = {2018}}

 
@incollection{Giblin-Steddy2014,
	author = {Iain Giblin and Sam Steddy},
	booktitle = {The 45th {Australian} {Linguistic} {Society} conference proceedings -- 2014},
	editor = {Mark Harvey and Alexis Antonia},
	pages = {173--191},
    address = {New South Wales, Newcastle},
	publisher = {University of Newcastle},
	title = {Where's wh-? {Prosodic} disambiguation of wh-scope},
	year = {2014}}

 
@article{Fujiwara2021,
	author = {Yoshiki Fujiwara},
	doi = {10.1162/ling_a_00379},
	journal = {Linguistic Inquiry},
	number = {3},
	pages = {627--639},
	title = {Wh-scope marking in {Japanese}: {Evidence} for indirect-dependency approach},
	volume = {52},
	year = {2021}}

 
@article{Cole-Hermon1998,
	author = {Peter Cole and Gabriella Hermon},
	doi = {10.1111/1467-9612.00009},
	journal = {Syntax},
	number = {3},
	pages = {221--258},
	title = {The typology of wh-movement: {Wh-questions} in {Malay}},
	volume = {1},
	year = {1998}}

 
@phdthesis{Sulaiman2016,
	author = {Mais Sulaiman},
	school = {Newcastle University},
 address = {Newcastle upon Tyne},
	title = {The syntax of wh-questions in {Syrian} {Arabic}},
	year = {2016}}


@incollection{Wahba1992,
	author = {Wafaa Abdel-Faheem Batran Wahba},
	booktitle = {Logical structure and linguistic structure. {Cross-linguistic} perspectives},
	doi = {10.1007/978-94-011-3472-9_9},
	editor = {C.--T. James Huang and Robert May},
	number = {40},
	pages = {253--276},
	publisher = {Springer},
    address ={Dordrecht},
	series = {Studies in Linguistics and Philosophy},
	title = {{LF} movement in {Iraqi} {Arabic}},
	year = {1992}}

 
@incollection{Adone-Vainikka1999,
	author = {Dany Adone and Anne Vainikka},
	booktitle = {Language Creation and Language Change: {Creolization}, Diachrony, and Development},
	editor = {Michael De Graff},
	pages = {75--94},
	publisher = {MIT Press},
    address = {Cambridge, MA},
	title = {Acquisition of wh-questions in {Mauritian} {Creole}},
	year = {1999}}


@phdthesis{Brandt2020,
	author = {Kathrin Brandt},
	school = {Universität zu Köln},
 address = {Köln},
	title = {{A} question of language vitality? {On} interrogatives in an endangered creole},
	year = {2020}}

 
@article{Legate2011,
	author = {Julie Anne Legate},
	doi = {10.1111/j.1467-9612.2011.00151.x},
	journal = {Syntax},
	number = {2},
	pages = {97--121},
	title = {Warlpiri wh-scope marking},
	volume = {14},
	year = {2011}}

 
@article{Bruening2006,
	author = {Benjamin Bruening},
	doi = {10.1162/002438906775321166},
	journal = {Linguistic Inquiry},
	number = {1},
	pages = {25--49},
	title = {Differences between the wh-scope-marking and wh-copy constructions in {Passamaquoddy}},
	volume = {37},
	year = {2006}}


@incollection{Vivanco2019,
	author = {Karen Vivanco},
	booktitle = {Proceedings of the workshop on the structure and constituency of languages of the {Americas} 23},
	editor = {Daniel K. E. Reisinger and Roger Yu-Hsiang Lo},
	pages = {121--133},
	publisher = {UBCWPL},
    address = {Vancouver, BC},
	title = {Clausal pied-piping in {Karitiana}},
	year = {2019}}


@article{Muller-Sternefeld1996,
	author = {Gereon Müller and Wolfgang Sternefeld},
	journal = {Linguistic Inquiry},
	number = {3},
	pages = {484--511},
	title = {{\=A}-chain formation and economy of derivation},
	volume = {27},
	year = {1996}}

 
@phdthesis{Fominyam2021,
	author = {Henry Fominyam},
	school = {Universität Potsdam},
 address = {Potsdam},
	title = {Aspects of {Awing} grammar and information structure},
	year = {2021}}


@incollection{Ferreira-Ko2000,
	author = {Marcelo Ferreira and Heejeong Ko},
	booktitle = {Studies in {Buli} grammar},
	editor = {Michael Kenstowicz and George Akanlig-Pare},
	number = {4},
	pages = {35--44},
	publisher = {MIT Press},
    address = {Cambridge, MA},
	series = {{MIT} {Working} {Papers} on {Endagered} and {Less} {Familiar} {Languages}},
	title = {Questions in {Buli}},
	year = {2000}}

 
@article{Issah2013,
	author = {Samuel Alhassan Issah},
	journal = {Ghana Journal of Linguistics},
	number = {1},
	pages = {39--62},
	title = {Focus and constituent question formation in {Dagbani}},
	volume = {2},
	year = {2013}}

 
@article{Caesar2016,
	author = {Regina Oforiwah Caesar},
	journal = {Journal of Literature, Languages and Linguistics},
	pages = {35--49},
    url = {https://iiste.org/Journals/index.php/JLLL/article/view/30129},
	title = {An analysis of interrogative constructions in {Dang\-me}},
	volume = {21},
	year = {2016}}

 
@unpublished{Schardl2013,
	author = {Anisa Schardl},
	note = {{Poster} presented at the 87th annual meeting of the {Linguistic} {Society} of {America} ({LSA}), {Boston}, {MA}, {January} 2013},
	title = {Simple partial movement and clefts},
	year = {2013}}

 
@unpublished{Schardl2012,
	author = {Anisa Schardl},
	note = {{Poster} presented at the 86th annual meeting of the {Linguistic} {Society} of {America} ({LSA}), {Portland}, {OR}, {January} 2012},
	title = {Partial wh-movement in {Dholuo}},
	year = {2012}}

 
@article{Muriungi-Mutegi-etal2014,
	author = {Peter Kinyua Muriungi and Miriam Kathomi Mutegi and Mary Karuri},
	doi = {10.4236/ojml.2014.41015},
	journal = {Open Journal of Modern Linguistics},
	number = {1},
	pages = {182--204},
	title = {The syntax of wh-questions in {Gichuka}},
	volume = {4},
	year = {2014}}

 
@article{Doherty2016,
	author = {John-Patrick Doherty},
	doi = {10.17161/1808.23232},
	journal = {Kansas Working Papers in Linguistics},
	pages = {42--58},
	title = {Pieces of the periphery: {A} glance into the carto-graphy of {Ibibio's} {CP} domain},
	volume = {37},
    number = {1},
	year = {2016}}

 
@incollection{Letsholo2006,
	author = {Rose M. Letsholo},
	booktitle = {{Selected} proceedings of the 35th annual conference on {African} linguistics: {African} languages and linguistics in broad perspectives},
	editor = {John Mugane and John P. Hutchison and Dee A. Worman},
	pages = {258--270},
    url = {http://www.lingref.com/cpp/acal/35/paper1315.pdf},
	publisher = {Cascadilla Proceedings Project},
    address = {Somerville, MA},
	title = {Wh-constructions in {Ikalanga}: {A} remnant movement analysis},
	year = {2006}}

 
@incollection{Sabel2000,
	author = {Joachim Sabel},
	booktitle = {Wh-scope marking},
	doi = {10.1075/la.37.17sab},
	editor = {Uli Lutz and Gereon Müller and Arnim von Stechow},
	number = {37},
	pages = {409--446},
	publisher = {John Benjamins},
    address = {Amsterdam},
	series = {Linguistik Aktuell/Linguistics Today},
	title = {Partial wh-movement and the typology of wh-questions},
	year = {2000}}

 
@article{Muriungi2005,
	author = {Peter Kinyua Muriungi},
	journal = {Studies in {African} {Linguistics}},
	number = {1},
	pages = {43--104},
    doi = {10.32473/sal.v34i1.107332},
	title = {Wh-questions in {Kitharaka}},
	volume = {34},
	year = {2005}}

 
@phdthesis{Wasike2006,
	author = {Aggrey Wasike},
	school = {Cornell University},
 address = {Ithaca, NY},
	title = {The left periphery, wh-in-situ and {A-bar} movement in {Lubukusu} and other {Bantu} languages},
	year = {2006}}

 
@unpublished{Rohde2006,
	author = {Hannah Rohde},
    url = {http://www.lel.ed.ac.uk/~hrohde/presentations/Rohde.acal.2006.pdf},
	note = {{Talk} and handout delivered at {ACAL} 2006},
	title = {The syntax of question in {Moro}},
	year = {2006}}

 
@phdthesis{Zentz2016,
	author = {Jason Zentz},
	school = {Yale University},
 address = {New Haven, CT},
	title = {Forming wh-questions in {Shona}: {A} comparative {Bantu} perspective},
	year = {2016}}

 
@incollection{Kandybowicz-Torrence2015,
	author = {Jason Kandybowicz and Harold Torrence},
	booktitle = {Selected proceedings of the 44th annual conference on {African} linguistics},
	editor = {Ruth Kramer and Elizabeth C. Zsiga and One Tlale Boyer},
	pages = {146--157},
    url = {http://www.lingref.com/cpp/acal/44/paper3133.pdf},
	publisher = {Cascadilla Proceedings Project},
    address = {Somerville, MA},
	title = {The prosodic licensing of wh-in-situ: {Evidence} from {Krachi} and {Wasa}},
	year = {2015}}

 
@incollection{Sabel-Zeller2006,
	author = {Joachim Sabel and Jochen Zeller},
	booktitle = {Selected proceedings of the 35th annual conference on {African} linguistics: {African} languages and linguistics in broad perspectives},
	editor = {John Mugane and John P. Hutchison and Dee A. Worman},
	pages = {271--283},
	publisher = {Cascadilla Proceedings Project},
    address = {Somerville, MA},
	title = {Wh-question formation in {Nguni}},
	year = {2006}}

 
@incollection{Torrence-Kandybowicz2013,
	author = {Harold Torrence and Jason Kandybowicz},
	booktitle = {Selected proceedings of the 43rd annual conference on {African} linguistics: {Linguistic} interfaces in {African} languages},
	editor = {Ọlanikẹ Ọla Orie and Karen W. Sanders},
	pages = {222--234},
	publisher = {Cascadilla Proceedings Project},
    address = {Somerville, MA},
	title = {Comparative {Tano} interrogative syntax: {The} view from {Krachi} and {Bono}},
	year = {2013}}

 
@book{Danckaert2012,
	author = {Lieven Danckaert},
	doi = {10.1075/la.184},
	number = {184},
	publisher = {John Benjamins},
    address = {Amsterdam},
	series = {Linguistik Aktuell/Linguistics Today},
	title = {Latin embedded clauses. {The} left periphery},
	year = {2012}}





































