@InCollection{Adams2007,
  address       = {Oxford},
  author        = {Adams, Rebecca},
  booktitle     = {Conversational interaction in second language acquisition: {A} collection of empirical studies},
  editor        = {Mackey, Alison},
  pages         = {29--51},
  publisher     = {Oxford University Press},
  title         = {Do second language learners benefit from interacting with each other?},
  year          = {2007}
}

@Book{Aikhenvald2000,
  address       = {Oxford},
  author        = {Aikhenvald, Alexandra Y.},
  publisher     = {Oxford University Press},
  title         = {Classifiers: {A} typology of noun categorization devices},
  year          = {2000}
}

@Article{Alarcón2010,
  author        = {Alarcón, Irma V.},
  journal       = {Studies in Hispanic and Lusophone Linguistics},
  number        = {2},
  pages         = {267--299},
  sortname      = {Alarcon, Irma V.},
  title         = {Gender assignment and agreement in {L2 Spanish}: {T}he effects of morphological marking, animacy, and gender},
  volume        = {3},
  year          = {2010}
}

@InCollection{Alarcón2014,
  address       = {Malden, MA},
  author        = {Alarcón, Irma V.},
  booktitle     = {The handbook of {Spanish} second language acquisition},
  editor        = {Geeslin, Kimberly L.},
  publisher     = {Wiley Blackwell},
  pages         = {202--218},
  sortname      = {Alarcon, Irma V.},
  title         = {Grammatical gender in second language {Spanish}},
  year          = {2014}
}

@Article{Alemán-BañónEtAl2014,
  author        = {Alemán Bañón, José and Fiorentino, Robert and Gabriele, Alison},
  journal       = {Second Language Research},
  number        = {3},
  pages         = {275--306},
  sortname      = {Aleman Banon, Jose and Fiorentino, Robert and Gabriele, Alison},
  title         = {Morphosyntactic processing in advanced second language {(L2)} learners: {A}n event-related potential investigation of the effects of {L1–L2} similarity and structural distance},
  volume        = {30},
  year          = {2014}
}

@Article{Alemán-BañónEtAl2017,
  author        = {Alemán Bañón, José and Miller, David and Rothman, Jason},
  journal       = {Journal of Experimental Psychology: Learning, Memory, and Cognition},
  number        = {10},
  pages         = {1509--1536},
  sortname      = {Aleman Banon, Jose and Miller, David and Rothman, Jason},
  title         = {Morphological variability in second language learners: {A}n examination of electrophysiological and production data},
  volume        = {43},
  year          = {2017}
}

@InCollection{AllenEtAl1983,
  address       = {Washington DC},
  author        = {Allen, Patrick and Fröhlich, Maria and Spada, Nina},
  booktitle     = {The question of control: {S}elected papers from the {Annual Convention of Teachers of English to Speakers of Other Languages}},
  editor        = {Handscombe, Jean and Orem, Richard A. and Taylor, Barry P.},
  publisher     = {TESOL},
  pages         = {231--252},
  sortname      = {Allen, Patrick and Frohlich, Maria and Spada, Nina},
  title         = {The communicative orientation of language teaching: {A}n observation scheme},
  year          = {1983}
}

@Article{Allwright1984,
  author        = {Allwright, Richard},
  journal       = {Applied Linguistics},
  number        = {2},
  pages         = {156--171},
  title         = {The importance of interaction in classroom language learning},
  volume        = {5},
  year          = {1984}
}

@Book{Allwright1988,
  address       = {London},
  author        = {Allwright, Richard},
  publisher     = {Longman},
  title         = {Observation in the language classroom},
  year          = {1988}
}

@Article{AmaralRoeper2014,
  author        = {Amaral, Luiz and Roeper, Tom},
  journal       = {Second Language Research},
  number        = {1},
  pages         = {3--36},
  title         = {Multiple grammars and second language representation},
  volume        = {30},
  year          = {2014}
}

@Article{AndersenShirai1994,
  author        = {Andersen, Roger W. and Shirai, Yasuhiro},
  journal       = {Studies in Second Language Acquisition},
  pages         = {133--156},
  title         = {Discourse motivations for some cognitive acquisition principles},
  volume        = {16},
  year          = {1994}
}

@Article{AnderssenBentzen2013,
  author        = {Anderssen, Merete and Bentzen, Kristine},
  journal       = {Studia Linguistica},
  number        = {1},
  pages         = {82--100},
  title         = {Cross-linguistic influence outside the syntax-pragmatics interface: {A} case study of the acquisition of definiteness},
  volume        = {67},
  year          = {2013}
}

@Article{ArdittyVasseur2005,
  author        = {Arditty, Joseph and Vasseur, Marie-Thérèse},
  journal		= {Acquisition et interaction en langue étrangère},
  number		= {22},
  pages			= {3--16},
  sortname      = {Arditty, Joseph and Vasseur, Marie-Therese},
  title         = {Interaction et diversité des conduites d’apprentissage: présentation},
  url			= {https://journals.openedition.org/aile/4567},
  year          = {2005}
}

@InCollection{Arntzen2012,
  address       = {Halden},
  author        = {Arntzen, Ragnar},
  booktitle     = {Flerspråklig oppvekst i barnehage, førskole og skole: {A}rtikler av lærere og forskere i det nordiske nettverket {TOBANO}},
  editor        = {Arntzen, Ragnar and Duek, Susanne and Hjelde, Arnstein},
  publisher     = {Østfold University College},
  pages         = {27--74},
  title         = {Tospråklige barn fra barnehage til skole: {E}t prosjekt i språkstimulering og språkkartlegging av andrespråket 2008–2011},
  year          = {2012}
}

@Article{AstésanoEtAl2004,
  author        = {Astésano, Corine and Besson, Mireille and Alter, Kai},
  journal       = {Cognitive Brain Research},
  number        = {2},
  pages         = {172--184},
  sortname      = {Astesano, Corine and Besson, Mireille and Alter, Kai},
  title         = {Brain potentials during semantic and prosodic processing in {French}},
  volume        = {18},
  year          = {2004}
}

@InCollection{Ayoun2007,
  address       = {Amsterdam},
  author        = {Ayoun, Dalila},
  booktitle     = {French applied linguistics},
  editor        = {Ayoun, Dalila},
  publisher     = {Benjamins},
  pages         = {130--170},
  title         = {The second language acquisition of grammatical gender and agreement},
  year          = {2007}
}

@InCollection{Baal2018,
  address       = {Somerville, MA},
  author        = {Baal, Yvonne van},
  booktitle     = {Selected proceedings of the 8th workshop on immigrant languages in the {Americas} ({WILA} 8)},
  editor        = {Petersen, Jan H. and Kühl, Karoline},
  publisher     = {Cascadilla Proceedings Project},
  pages         = {9--17},
  title         = {Compositional definiteness in heritage {Norwegian}: {P}roduction studied in a translation experiment},
  year          = {2018}
}

@PhDThesis{Ballinger2012,
  address       = {Montreal},
  author        = {Ballinger, Susan},
  publisher     = {McGill University},
  title         = {Towards a cross-linguistic pedagogy: {B}iliteracy and reciprocal learning strategies in {French} immersion},
  year          = {2012}
}

@InCollection{Ballinger2015,
  address       = {Cambridge},
  author        = {Ballinger, Susan},
  booktitle     = {Multilingual education: {B}etween language learning and translanguaging},
  editor        = {Cenoz, Jasone and Gorter, Durk},
  pages         = {35--60},
  publisher		= {Cambridge University Press},
  title         = {Linking content, linking students: {A} cross-linguistic pedagogical intervention},
  year          = {2015}
}

@Article{Bamgbose1998,
  author        = {Bamgbose, Ayo},
  journal       = {World Englishes},
  number        = {1},
  pages         = {1--14},
  title         = {Torn between the norms: {I}nnovations in world {Englishes}},
  volume        = {17},
  year          = {1998}
}

@Article{Bange1992,
  author        = {Bange, Pierre},
  journal       = {Acquisition et interaction en langue étrangère},
  pages         = {53--85},
  sortname      = {Bange, Pierre},
  title         = {À propos de la communication et de l’apprentissage de {L2} (notamment dans ses formes institutionnelles)},
  volume        = {1},
  year          = {1992}
}

@Article{BarberCarreiras2005,
  author        = {Barber, Horacio and Carreiras, Manuel},
  journal       = {Journal of Cognitive Neuroscience},
  number        = {1},
  pages         = {137--153},
  title         = {Grammatical gender and number agreement in {Spanish}: {A}n {ERP} comparison},
  volume        = {17},
  year          = {2005}
}

@Article{Bardovi-Harlig1992,
  author        = {Bardovi-Harlig, Kathleen},
  journal       = {Applied Psycholinguistics},
  pages         = {253--278},
  title         = {The relationship of form and meaning: {A} cross-sectional study of tense and aspect in the interlanguage of learners of {English} as a second language},
  volume        = {13},
  year          = {1992}
}

@Book{Bardovi-Harlig2000,
  address       = {Oxford},
  author        = {Bardovi-Harlig, Kathleen},
  publisher     = {Blackwell},
  title         = {Tense and aspect in second language acquisition: {F}orm, meaning and use},
  year          = {2000}
}

@Article{Bartning2000,
  author        = {Bartning, Inge},
  journal       = {Studia Linguistica},
  pages         = {225--237},
  title         = {Gender agreement in {L2 French}: {P}re-advanced vs. advanced learners},
  volume        = {54},
  year          = {2000}
}

@Article{BartningSchlyter2004,
  author        = {Bartning, Inge and Schlyter, Suzanne},
  journal       = {French Language Studies},
  pages         = {281--299},
  title         = {Itinéraires acquisitionnels et stades de développement en français {L2}},
  volume        = {14},
  year          = {2004}
}

@Article{BassettiEtAl2015,
  author        = {Bassetti, Benedetta and Escudero, Paola and Hayes-Harb, Rachel},
  journal       = {Applied Psycholinguistics},
  pages         = {1--6},
  title         = {Second language phonology at the interface between acoustic and orthographic input},
  volume        = {36},
  year          = {2015}
}

@InCollection{BasterrecheaGarcía-Mayo2013,
  address       = {Amsterdam},
  author        = {Basterrechea, María and García Mayo, María del Pilar},
  booktitle     = {Second language interaction in diverse educational contexts},
  editor        = {McDonough, Kim and Mackey, Alison},
  publisher     = {John Benjamins},
  pages         = {25--43},
  sortname      = {Basterrechea, Maria and Garcia Mayo, Maria del Pilar},
  title         = {Language-related episodes during collaborative tasks: {{A}} comparison of {CLIL} and {EFL} learners},
  year          = {2013}
}

@Article{BasterrecheaLeeser2019,
  author        = {Basterrechea, María and Leeser, Michael J.},
  journal       = {Language Awareness},
  number        = {2},
  pages         = {97--113},
  sortname      = {Basterrechea, Maria and Leeser, Michael J.},
  title         = {Language-related episodes and learner proficiency during collaborative dialogue in {CLIL}},
  volume        = {28},
  year          = {2019}
}

@Article{BatesEtAl2015,
  author        = {Bates, Douglas and Mächler, Martin and Bolker, Ben and Walker, Steve},
  journal       = {Journal of Statistical Software},
  number        = {1},
  pages         = {1--48},
  title			= {Fitting linear mixed-effects models using lme4},
  volume        = {67},
  year          = {2015}
}

@Article{BatterinkNeville2013,
  author        = {Batterink, Laura and Neville, Helen J.},
  journal       = {Journal of Cognitive Neuroscience},
  number        = {6},
  pages         = {936--951},
  title         = {Implicit and explicit second language training recruit common neural mechanisms for syntactic processing},
  volume        = {25},
  year          = {2013}
}

@Article{BaumanBriggs1990,
  author        = {Bauman, Richard and Briggs, Charles},
  journal       = {Annual Review of Anthropology},
  pages         = {59--88},
  title         = {Poetics and performance as critical perspectives on language and social life},
  volume        = {19},
  year          = {1990}
}

@PhDThesis{Bentzen2007,
  address       = {Tromsø},
  author        = {Bentzen, Kristine},
  school        = {University of Tromsø},
  title         = {Order and structure in embedded clauses in {Northern Norwegian}},
  year          = {2007}
}

@Book{BerggreenEtAl2012,
  address       = {Oslo},
  author        = {Berggreen, Harald and Sørland, Kjartan and Alver, Vigdis R.},
  publisher     = {Cappelen Damm Akademisk},
  sortname      = {Berggreen, Harald and Sorland, Kjartan and Alver, Vigdis R.},
  title         = {God nok i norsk? Språk- og skriveutvikling hos elever med norsk som andrespråk},
  year          = {2012}
}

@InCollection{BerggreenLatomaa1994,
  address       = {København},
  author        = {Berggreen, Harald and Latomaa, Sirkku},
  booktitle     = {Sprogbrug og sprogvalg blandt indvandrere i {Norden}: {B}ind 1},
  editor        = {Boyd, Sally and Holmen, Anne and Jørgensen, J. Normann.},
  publisher     = {Danmarks Lærerhøjskole},
  series        = {Københavnstudier i tosprogedhed},
  sortname      = {Boyd, Sally and Holmen, Anne and Jorgensen, J. Normann.},
  title         = {Språkbytte og språkbevaring blant vietnamesere i {Bergen} og {Helsinki}},
  year          = {1994}
}

@Article{Birdsong2006,
  author        = {Birdsong, David},
  journal       = {Language Learning},
  number        = {1},
  pages         = {9--49},
  title         = {Age and second language acquisition and processing: {{A}} selective overview},
  volume        = {56},
  year          = {2006}
}

@Article{Bley-Vroman1983,
  author        = {Bley-Vroman, Robert},
  journal       = {Language Learning},
  pages         = {1--17},
  title         = {The comparative fallacy in interlanguage studies: {{T}}he case of systematicity},
  volume        = {33},
  year          = {1983}
}

@Article{Bohnacker2006,
  author        = {Bohnacker, Ute},
  journal       = {Second Language Research},
  number        = {4},
  pages         = {443--486},
  title         = {When {Swedes} begin to learn {German}: {{F}}rom {V2} to {V2}},
  volume        = {22},
  year          = {2006}
}

@Article{Bohnacker2010,
  author        = {Bohnacker, Ute},
  journal       = {Nordic Journal of Linguistics},
  number        = {2},
  pages         = {105--143},
  title         = {The clause-initial position in {L2 Swedish} declaratives: {{W}}ord order variation and discourse pragmatics},
  volume        = {33},
  year          = {2010}
}

@InCollection{BondEtAl2011,
  address       = {Somerville, MA},
  author        = {Bond, Kristi and Gabriele, Alison and Fiorentino, Robert and Alemán Bañón, José},
  booktitle     = {{P}roceedings of the 11th {G}enerative {A}pproaches to {S}econd {L}anguage {A}cquisition {C}onference ({GASLA} 2011)},
  editor		= {Tanner, Darren and Herschensohn, Julia},
  pages         = {17--29},
  publisher     = {Cascadilla Proceedings Project},
  title         = {Individual differences and the role of the {L1 in L2} processing: {A}n {ERP} investigation},
  year          = {2011}
}

@Article{BowdenEtAl2013,
  author        = {Bowden, Harriet Wood and Steinhauer, Karsten and Sanz, Cristina and Ullman, Michael T.},
  journal       = {Neuropsychologia},
  number        = {13},
  pages         = {2492--2511},
  title         = {Native-like brain processing of syntax can be attained by university foreign language learners},
  volume        = {51},
  year          = {2013}
}

@PhDThesis{Bowers1980,
  address       = {Reading},
  author        = {Bowers, Roger},
  publisher     = {Reading University},
  title         = {Verbal behaviour in the language teaching classroom},
  year          = {1980}
}

@Article{BraineEtAl1990,
  author        = {Braine, Martin D. S. and Brody, Ruth E. and Brooks, Patricia J. and Sudhalter, Vicky and Ross, Julie A. and Catalano, Lisa and Fisch, Shalom M.},
  journal       = {Journal of Memory and Language},
  number        = {5},
  pages         = {591--610},
  title         = {Exploring language acquisition in children with a miniature artificial language: {E}ffects of item and pattern frequency, arbitrary subclasses, and correction},
  volume        = {29},
  year          = {1990}
}

@InCollection{Brammerts1996,
  address       = {Dublin},
  author        = {Brammerts, Helmut},
  booktitle     = {A guide to language learning in tandem via the {Internet (CLCS Occasional Paper} no. 46)},
  editor        = {Little, David and Brammerts, Helmut},
  publisher     = {Trinity College},
  pages         = {9--22},
  title         = {Tandem language learning via the Internet and the international email tandem network},
  year          = {1996}
}

@InCollection{BrammertsCalvert2003,
  address       = {Sheffield},
  author        = {Brammerts, Helmut and Calvert, Mike},
  booktitle     = {Autonomous language learning in tandem},
  editor        = {Lewis, Tim and Walker, Lesley},
  publisher     = {Academy Electronic Press},
  pages         = {45--59},
  title         = {Learning by communicating in tandem},
  year          = {2003}
}

@InCollection{Brebner1898,
  address       = {London},
  author        = {Brebner, Mery},
  booktitle     = {The reform movement: {Germany} and {France}},
  note          = {Reprinted in 2002},
  publisher     = {Routledge},
  pages         = {195–280},
  title         = {The method of teaching modern languages in {Germany}},
  year          = {1898}
}

@Article{BrissaudEtAl2006,
  author        = {Brissaud, Catherine and Chevrot, Jean-Pierre and Lefrançois, Pascale},
  journal       = {Langue Française},
  pages         = {74--93},
  sortname      = {Brissaud, Catherine and Chevrot, Jean-Pierre and Lefrancois, Pascale},
  title         = {Les formes verbales homophones en /{E}/ entre 8 et 15 ans: {{C}}ontraintes et conflits dans la construction des savoirs sur une difficulté orthographique},
  volume        = {151},
  year          = {2006}
}

@Article{BrissaudSandon1999,
  author        = {Brissaud, Catherine and Sandon, Jean-Michel},
  journal       = {Langue Française},
  pages         = {40--57},
  title         = {L'acquisition des formes verbales en /{{E}}/ à l'école élémentaire et au collège: {E}ntre phonographie et morphographie},
  volume        = {124},
  year          = {1999}
}

@Book{Brown1975,
  address       = {London},
  author        = {Brown, George},
  publisher     = {Methuen},
  title         = {Microteaching},
  year          = {1975}
}

@Misc{BrundellEtAl2008,
  author        = {Brundell, Patrick and Tennent, Paul and Greenhalgh, Chris and Knight, Dawn and Crabtree, Andy and O’Malley, Claire and Ainsworth, Shaaron and Clarke, David and Carter, Ronald and Adolphs, Svenja},
  sortname      = {Brundell, Patrick and Tennent, Paul and Greenhalgh, Chris and Knight, Dawn and Crabtree, Andy and O’Malley, Claire and Ainsworth, Shaaron and Clarke, David and Carter, Ronald and Adolphs, Svenja},
  title         = {Digital replay system ({DRS}): {A} tool for interaction analysis},
  url			= {http://www.cs.nott.ac.uk/~pszaxc/work/ICLS08.pdf},
  year          = {2008}
}

@Article{BusterudEtAl2019,
  author        = {Busterud, Guro and Lohndal, Terje and Rodina, Yulia and Westergaard, Marit},
  journal       = {The Journal of Comparative Germanic Linguistics},
  pages         = {141--167},
  title         = {The loss of feminine gender in {Norwegian}: {{A}} dialect comparison},
  volume        = {22},
  year          = {2019}
}



@Article{CaffarraEtAl2015,
  author        = {Caffarra, Sendy and Molinaro, Nicola and Davidson, Doug and Carreiras, Manuel},
  journal       = {Neuroscience and Biobehavioral Reviews},
  pages         = {31--47},
  title         = {Second language syntactic processing revealed through event-related potentials: {A}n empirical review},
  volume        = {51},
  year          = {2015}
}

@Article{Carlisle2003,
  author        = {Carlisle, Joanne F.},
  journal       = {Reading Psychology},
  number        = {3--4},
  pages         = {291--322},
  publisher     = {Morphology matters in learning to read: {A} commentary},
  volume        = {24},
  year          = {2003}
}

@Article{CarpenterEtAl2006,
  author        = {Carpenter, Helen and Jeon, K. Seon and MacGregor, David and Mackey, Alison},
  journal       = {Studies in Second Language Acquisition},
  number        = {2},
  pages         = {209--236},
  title         = {Learners’ interpretations of recasts},
  volume        = {28},
  year          = {2006}
}

@Article{CarrollWidjaja2013,
  author        = {Carroll, Susanne and Widjaja, Elizabeth},
  journal       = {Second Language Research},
  number        = {2},
  pages         = {201--229},
  title         = {Learning exponents of number on first exposure to an {L2}},
  volume        = {29},
  year          = {2013}
}

@InCollection{CassidySchmidt2017,
  address       = {Dordrecht},
  author        = {Cassidy, Steve and Schmidt, Thomas},
  booktitle     = {Handbook of linguistic annotation},
  editor        = {Nancy Ide and James Pustejovsky},
  pages         = {209--227},
  publisher     = {Springer},
  title         = {Tools for multimodal annotation},
  year          = {2017}
}

@Book{ChambersTrudgill1998,
  address       = {Cambridge},
  author        = {Chambers, Jack K. and Trudgill, Peter},
  publisher     = {Cambridge University Press},
  title         = {Dialectology},
  year          = {1998}
}

@Article{Chapelle1990,
  author        = {Chapelle, Carole},
  number        = {2},
  pages         = {199--225},
  journal     = {TESOL Quarterly},
  sortname      = {Chapelle, Carole},
  title         = {The discourse of computer-assisted language learning: {T}oward a context for descriptive research},
  volume        = {24},
  year          = {1990}
}

@Article{Chaudron1977,
  author        = {Chaudron, Craig},
  journal       = {Language Learning},
  number        = {1},
  pages         = {29--46},
  title         = {A descriptive model of discourse in the corrective treatment of learners' errors},
  volume        = {27},
  year          = {1977}
}

@Book{Chaudron1988,
  address       = {Cambridge},
  author        = {Chaudron, Craig},
  publisher     = {Cambridge University Press},
  title         = {Second language classrooms},
  year          = {1988}
}

@Article{ChenEtAl2007,
  author        = {Chen, Lang and Shu, Hua and Liu, Youyi and Zhao, Jingjing and Li, Ping},
  journal       = {Bilingualism: Language and Cognition},
  number        = {2},
  pages         = {161--174},
  title         = {{ERP} signatures of subject–verb agreement in {L2} learning},
  volume        = {10},
  year          = {2007}
}

@Article{ChengSybesma1998,
  author        = {Cheng, Lisa and Rint Sybesma},
  journal       = {Tsing-Hua Journal of Chinese Studies New Series},
  pages         = {385--412},
  title         = {Yi-wan tang, yi-ge {Tang}: {C}lassifiers and massifiers},
  volume        = {28},
  year          = {1998}
}

@Book{Chomsky1965,
  address       = {Cambridge, MA},
  author        = {Chomsky, Noam},
  publisher     = {MIT Press},
  title         = {Aspects of the theory of syntax},
  year          = {1965}
}

@Article{ClahsenFelser2006,
  author        = {Clahsen, Harald and Felser, Claudia},
  journal       = {Applied Psycholinguistics},
  number        = {01},
  pages         = {3--42},
  title         = {Grammatical processing in language learners},
  volume        = {27},
  year          = {2006}
}

@Article{ClahsenFelser2018,
  author        = {Clahsen, Harald and Felser, Claudia},
  journal       = {Studies in Second Language Acquisition},
  number        = {3},
  pages         = {693--706},
  title         = {Some notes on the {Shallow Structure Hypothesis}},
  volume        = {40},
  year          = {2018}
}

@Article{Clyne2000,
  author        = {Clyne, Michael},
  journal		= {Sociolinguistica},
  number		= {1},
  pages			= {83--89},
  title         = {Lingua franca and ethnolects in {Europe} and beyond},
  volume		= {14},
  year          = {2000}
}

@InCollection{ColetteEtAl1995,
  address       = {Amsterdam},
  author        = {Colette Noyau and Houdaïfa, Et-Tayeb and Vasseur, Marie-Thérèse and Véronique, Georges Daniel},
  booktitle     = {The acquisition of temporality in a second language},
  editor        = {Dietrich, Rainer and Wolfgang Klein and Colette Noyau},
  publisher     = {John Benjamins Publishing Company},
  pages         = {145--210},
  sortname      = {Noyau, Colette and Houdaifa, Et-Tayeb and Vasseur, Marie-Therese and Veronique, Georges Daniel},
  title         = {The acquisition of temporality in {French}},
  year          = {1995}
}

@Book{Cook2002,
  address       = {Clevedon},
  booktitle     = {Portraits of the {L2} user},
  editor        = {Cook, Vivian J.},
  publisher     = {Multilingual Matters},
  title         = {Portraits of the {L2} user},
  year          = {2002}
}

@Book{CookNewson2007,
  address       = {Malden, MA},
  author        = {Cook, Vivian J. and Newson, Mark},
  publisher     = {Blackwell Publishing},
  title         = {Chomsky’s universal grammar: {A}n introduction},
  year          = {2007}
}

@Article{Corder1967,
  author        = {Corder, Stephen P.},
  journal       = {International Review of Applied Linguistics},
  pages         = {161--170},
  title         = {The significance of learner errors},
  volume        = {5},
  year          = {1967}
}

@InCollection{Cornips2018,
  address       = {Amsterdam},
  author        = {Cornips, Leonie},
  booktitle     = {Bilingual cognition and language: {T}he state of the science across its subfields},
  editor        = {Miller, David and Bayram, Fatih and Rothman, Jason and Serratrice, Ludovica},
  publisher     = {John Benjamins},
  pages         = {15--36},
  title         = {Bilingual child acquisition through the lens of sociolinguistic approaches},
  year          = {2018}
}

@Book{CouncilofEurope2001,
  address       = {Cambridge},
  author		= {{Council of Europe}},
  publisher		= {Cambridge University Press},
  title         = {The {Common European Framework of Reference for Languages}},
  year          = {2001}
}

@Book{CreswellCreswell2018,
  address       = {Los Angeles, CA},
  author        = {Creswell, John. W. and Creswell, J. David},
  edition       = {5},
  publisher     = {London},
  title         = {Research design: {Qualitative}, quantitative and mixed methods approaches},
  year          = {2018}
}

@Article{Dascal1999,
  author        = {Dascal, Marcelo},
  journal       = {Journal of Pragmatics},
  pages         = {753--762},
  title         = {Introduction: {S}ome questions about misunderstanding},
  volume        = {31},
  year          = {1999}
}

@Article{DavidEtAl2006,
  author        = {David, Jacques and Guyon, Odile and Brissaud, Catherine},
  journal       = {Langue Française},
  pages         = {109--126},
  title         = {Apprendre à orthographier les verbes: {{L}}e cas de l'homophonie des finales en /{E}/},
  volume        = {151},
  year          = {2006}
}

@Misc{Davies2016,
  author        = {Davies, Mark}, 
  title         = {{Corpus del Español}: {T}wo billion words, 21 countries},
  url           = {http://www.corpusdelespanol.org/web-dial/},
  year          = {2016-}
}

@Article{DebrasEtAl2015,
  author        = {Debras, Camille and Horgues, Céline and Scheuer, Sylwia},
  editor        = {Molina-Plaza, Silvia},
  journal		= {Procedia – Social and Behavioural Sciences},
  pages         = {16--22},
  title         = {The multimodality of corrective feedback in tandem interactions},
  volume        = {212},
  year          = {2015}
}

@Article{DeLongEtAl2014,
  author        = {DeLong, Katherine A. and Quante, Laura and Kutas, Marta},
  journal       = {Neuropsychologia},
  pages         = {150--162},
  title         = {Predictability, plausibility, and two late {ERP} positivities during written sentence comprehension},
  volume        = {61},
  year          = {2014}
}

@Article{DeLongEtAl2005,
  author        = {DeLong, Katherine A. and Urbach, Thomas P. and Kutas, Marta},
  journal       = {Nature Neuroscience},
  number        = {8},
  pages         = {1117--1121},
  title         = {Probabilistic word pre-activation during language comprehension inferred from electrical brain activity},
  volume        = {8},
  year          = {2005}
}

@Article{DeteyNespoulous2008,
  author        = {Detey, Sylvain and Nespoulous, Jean-Luc},
  journal       = {Lingua},
  pages         = {66--81},
  title         = {Can orthography influence second language syllabic segmentation? {{J}}apanese epenthetic vowels and {French} consonantal clusters},
  volume        = {118},
  year          = {2008}
}

@Article{DevelotteEtAl2008,
  author        = {Develotte, Christine and Guichon, Nicolas and Nikolaev, Viorica},
  journal       = {Les dossiers de l'ingénierie éducative},
  pages         = {69--72},
  title         = {Apprendre et enseigner les langues en visioconférence},
  volume        = {63/64},
  year          = {2008}
}

@Article{Dewaele2003,
  author        = {Dewaele, Jean-Marc},
  pages         = {153--159},
  title         = {Compte rendu – hommage: l’œuvre de {L. Selinker}},
  volume        = {49},
  year          = {2003}
}

@Article{DewaeleVéronique2001,
  author        = {Dewaele, Jean-Marc and Véronique, Daniel},
  journal       = {Bilingualism: Language and Cognition},
  pages         = {275--297},
  sortname      = {Dewaele, Jean-Marc and Veronique, Daniel},
  title         = {Gender assignment and gender agreement in advanced {French} interlanguage: {{A}} cross-sectional study},
  volume        = {4},
  year          = {2001}
}

@InCollection{Dimroth2013,
  address       = {Malden, MA},
  author        = {Dimroth, Christine},
  booktitle     = {The encyclopedia of applied linguistics},
  editor        = {Chapelle, Carol A.},
  publisher     = {Blackwell},
  pages         = {3256--3263},
  title         = {Learner varieties},
  year          = {2013}
}

@Article{DimrothEtAl2013,
  author        = {Dimroth, Christine and Rast, Rebekah and Starren, Marianne and Watorek, Marzena},
  journal       = {{EuroSLA} Yearbook},
  pages         = {109--138},
  title         = {Methods for studying a new language under controlled input conditions: {{T}}he {VILLA} project},
  volume        = {13},
  year          = {2013}
}

@InCollection{Doughty2001,
  address       = {Cambridge},
  author        = {Doughty, Catherine},
  booktitle     = {Cognition and second language instruction},
  editor        = {Robinson, Peter},
  publisher     = {Cambridge University Press},
  pages         = {206--257},
  title         = {Cognitive underpinnings of focus on form},
  year          = {2001}
}

@PhDThesis{Durand2019,
  author        = {Durand, Marie},
  note          = {Saint-Denis, Université Paris 8},
  title         = {La découverte et la compréhension des profils d’apprenants classification semi-supervisée et acquisition d’une langue seconde},
  year          = {2019}
}

@Book{EideEtAl2017,
  address       = {Trondheim},
  author        = {Eide, Kristin M. and Dalen, Arnold and Jenstad, Tor Erik and Stemshaug, Ola},
  publisher     = {Museumsforlaget},
  title         = {Fosenmåla},
  year          = {2017}
}

@Article{EideSollid2011,
  author        = {Eide, Kristin M. and Sollid, Hilde},
  journal       = {Variation within and across grammars: {L}inguistic universals and language variation},
  pages         = {327--360},
  title         = {Norwegian main clause declaratives},
  volume        = {231},
  year          = {2011}
}

@Article{Eisenstein1986,
  author        = {Eisenstein, Miriam R.},
  journal       = {World Englishes},
  pages         = {31--46},
  title         = {Target language variation and second-language acquisition: {{L}}earning {English} in {New York City}},
  volume        = {5},
  year          = {1986}
}

@Article{El-Tatawy2002,
  author        = {El Tatawy, Mounira},
  journal       = {Working Papers in {TESOL} \& Applied Linguistics},
  pages         = {1--19},
  title         = {Corrective feedback in second language acquisition},
  volume        = {2},
  year          = {2002}
}

@Article{Ellis2002,
  author        = {Ellis, Nick C.},
  journal       = {Studies in Second Language Acquisition},
  pages         = {143--188},
  title         = {Frequency effects in language processing: {{A}} review with implications for theories of implicit and explicit language acquisition},
  volume        = {24},
  year          = {2002}
}

@Article{Ellis2006,
  author        = {Ellis, Rod},
  journal       = {Applied Linguistics},
  pages         = {431--463},
  title         = {Modelling learning difficulty and second language proficiency: {{T}}he differential contributions of implicit and explicit knowledge},
  volume        = {27},
  year          = {2006}
}

@InCollection{Ellis2008,
  address       = {New York NY},
  author        = {Ellis, Nick C.},
  booktitle     = {Handbook of cognitive linguistics and second language acquisition},
  editor        = {Robinson, Peter and Ellis, Nick C.},
  publisher     = {Routledge},
  pages         = {372--405},
  title         = {Usage-based and form-focused language acquisition: {{T}}he associative learning of constructions, learned-attention, and the limited {L2} end state},
  year          = {2008}
}

@InCollection{Ellis2017,
  address       = {New York},
  author        = {Ellis, Rod},
  booktitle     = {Corrective feedback in second language teaching and learning: {R}esearch, theory, applications, implications},
  editor        = {Nassaji, Hossein and Kartchava, Eva},
  publisher     = {Routledge},
  pages         = {3--18},
  title         = {Oral corrective feedback in {L2} classrooms: {{W}}hat we know so far},
  year          = {2017}
}

@Article{EllisEtAl2008,
  author        = {Ellis, Rod and Sheen, Younghee and Murakami, Mihoko and Takashima, Hide},
  journal       = {System},
  number        = {3},
  pages         = {353--371},
  title         = {The effects of focused and unfocused written corrective feedback in an {English} as a foreign language context},
  volume        = {36},
  year          = {2008}
}

@InCollection{Emilsen2019,
  address       = {Amsterdam},
  author        = {Emilsen, Linda E.},
  booktitle     = {Teachability and learnability across languages},
  editor        = {Arntzen, Ragnar and Håkansson, Gisela and Hjelde, Arnstein and Keßler, Jörg-U.},
  pages         = {163--181}, 
  publisher     = {John Benjamins},
  title         = {Acquisition of nominal morphology in {Norwegian L2}: {T}rends and tendencies},
  year          = {2019}
}

@Misc{EmilsenInPreparation,
  author        = {Emilsen, Linda E.},
  note          = {Manuscript},
  title         = {Acquiring a moving target},
  year          = {In preparation}
}

@Article{EmilsenSøfteland2018,
  author        = {Emilsen, Linda E. and Søfteland, Åshild},
  journal       = {{NOA Norsk som andrespråk}},
  pages         = {128--157},
  sortname      = {Emilsen, Linda E. and Softeland, Ashild},
  title         = {Andrespråksanalyse av barns spontantale},
  volume        = {1-2/2018},
  year          = {2018}
}

@InCollection{Erickson2004,
  address       = {Washington, DC},
  author        = {Erickson, Frederick},
  editor        = {Levine, Philip and Scollon, Ron},
  booktitle			= {Discourse and technology: {M}ultimodal discourse analysis},
  pages         = {196--207},
  publisher     = {Georgetown University Press},
  title         = {Origins: {A} brief intellectual and technological history of the emergence of multimodal discourse analysis},
  year          = {2004}
}

@Article{Eubank1993,
  author        = {Eubank, Lynn},
  journal		= {Language Acquisition},
  number		= {3},
  pages			= {183--208},
  title         = {On the transfer of parametric values in {L2} development},
  volume		= {3},
  year          = {1993}
}

@Book{FaarlundEtAl1997,
  address       = {Oslo},
  author        = {Faarlund, Jan T. and Lie, Svein and Vannebo, Kjell I.},
  publisher     = {Universitetsforlaget},
  title         = {Norsk referansegrammatikk},
  year          = {1997}
}

@InCollection{FabianiEtAl2007,
  address       = {Cambridge},
  author        = {Fabiani, Monica and Gratton, Gabriele and Federmeier, Kara D.},
  booktitle     = {Handbook of psychophysiology},
  editor        = {Cacioppo, John and Tassinary, Louis G. and Berntson, Gary G.},
  pages         = {85--119},
  publisher     = {Cambridge University Press},
  title         = {Event-related brain potentials: {M}ethods, theory, and applications},
  year          = {2007}
}

@Article{Faretta-StutenbergMorgan-Short2018,
  author        = {Far\-et\-ta-Stu\-ten\-berg, Mandy and Morgan-Short, Kara},
  journal       = {Second Language Research},
  number        = {1},
  pages         = {67--101},
  title         = {The interplay of individual differences and context of learning in behavioral and neurocognitive second language development},
  volume        = {34},
  year          = {2018}
}

@Article{FayolPacton2006,
  author        = {Fayol, Michel and Pacton, Sébastien},
  journal       = {Langue Française},
  pages         = {59--73},
  sortname      = {Fayol, Michel and Pacton, Sebastien},
  title         = {L'accord du participe passé: {E}ntre compétition de procédures et récupération en mémoire},
  volume        = {151},
  year          = {2006}
}

@Article{Federmeier2007,
  author        = {Federmeier, Kara D.},
  journal       = {Psychophysiology},
  number        = {4},
  pages         = {491--505},
  title         = {Thinking ahead: {{T}}he role and roots of prediction in language comprehension},
  volume        = {44},
  year          = {2007}
}

@Article{FedermeierKutas1999,
  author        = {Federmeier, Kara D. and Kutas, Marta},
  journal       = {Journal of Memory and Language},
  number        = {4},
  pages         = {469--495},
  title         = {A rose by any other name: {{L}}ong-term memory structure and sentence processing},
  volume        = {41},
  year          = {1999}
}

@Article{FirthWagner1997,
  author        = {Firth, Alan and Wagner, Johannes},
  journal       = {The Modern Language Journal},
  number        = {3},
  pages         = {285–300},
  title         = {On discourse, communication, and (some) fundamental concepts in {SLA} research},
  volume        = {81},
  year          = {1997}
}

@Book{Flanders1970,
  address       = {Reading Mass},
  author        = {Flanders, Ned A.},
  publisher     = {Addison-Wesley},
  title         = {Analysing teaching behavior},
  year          = {1970}
}

@Book{Flavell1977,
  address       = {Englewood Cliffs, NJ},
  author        = {Flavell, John H.},
  publisher     = {Prentice Hall},
  title         = {Cognitive development},
  year          = {1977}
}

@InCollection{Flege2009,
  address       = {Bristol},
  author        = {Flege, James E.},
  booktitle     = {Input matters in {SLA}},
  editor        = {Piske, Thorsten and Young-Scholten, Martha},
  pages         = {175--190},
  publisher     = {Multilingual Matters},
  title         = {Give input a chance!},
  year          = {2009}
}

@Article{Foster1993,
  author        = {Foster, Pauline},
  journal		= {Thames Valley University Working Papers in English Language Teaching},
  pages			= {1--32},
  title         = {Discoursal outcomes of small group work in an {EFL} classroom: {A} look at the interaction of non-native speakers},
  volume		= {2},
  year          = {1993}
}

@Article{Foster1998,
  author        = {Foster, Pauline},
  journal       = {Applied Linguistics},
  number        = {1},
  pages         = {1--23},
  title         = {A classroom perspective on the negotiation of meaning},
  volume        = {19},
  year          = {1998}
}

@Article{FoucartFrenck-Mestre2010,
  author        = {Foucart, Alice and Frenck-Mestre, Cheryl},
  journal       = {Bilingualism: Language and Cognition},
  number        = {3},
  pages         = {379--399},
  title         = {Grammatical gender processing in {L2}: {E}lectrophysiological evidence of the effect of {L1–L2} syntactic similarity},
  volume        = {14},
  year          = {2010}
}

@Article{FoucartFrenck-Mestre2012,
  author        = {Foucart, Alice and Frenck-Mestre, Cheryl},
  journal       = {Journal of Memory and Language},
  number        = {1},
  pages         = {226--248},
  title         = {Can late {L2} learners acquire new grammatical features? {E}vidence from {ERP}s and eye-tracking},
  volume        = {66},
  year          = {2012}
}

@Article{FoucartEtAl2014,
  author        = {Foucart, Alice and Martin, Clara D. and Moreno, Eva M. and Costa, Albert},
  journal       = {Journal of Experimental Psychology: Learning, Memory, and Cognition},
  number        = {5},
  pages         = {1461--1469},
  title         = {Can bilinguals see it coming? {{W}}ord anticipation in {L2} sentence reading},
  volume        = {40},
  year          = {2014}
}

@InCollection{FreywaldEtAl2015,
  address       = {Cambridge},
  author        = {Freywald, Ulrike and Cornips, Leonie and Ganuza, Natalia and Nistov, Ingvild and Opsahl, Toril},
  booktitle     = {Language, youth and identity in the 21st century: {L}inguistic practices across urban spaces},
  editor        = {Nortier, Jacomine and Svendsen, Bente A.},
  pages         = {73--92},
  publisher     = {Cambridge University Press},
  title         = {Beyond verb second: {A} matter of novel information-structure effects? {E}vidence from {Norwegian, Swedish, German and Dutch}},
  year          = {2015}
}

@Article{Friederici2002,
  author        = {Friederici, Angela D.},
  journal       = {Trends in Cognitive Sciences},
  number        = {2},
  pages         = {78--84},
  title         = {Towards a neural basis of auditory sentence processing},
  volume        = {6},
  year          = {2002}
}

@Article{FriedericiEtAl1993,
  author        = {Friederici, Angela D. and Pfeifer, Erdmut and Hahne, Anja},
  journal       = {Cognitive Brain Research},
  number        = {3},
  pages         = {183--192},
  title         = {Event-related brain potentials during natural speech processing: {E}ffects of semantic, morphological and syntactic violations},
  volume        = {1},
  year          = {1993}
}

@Misc{FromontEtAl2012,
  address       = {Cambridge, MA},
  author        = {Fromont, Lauren A. and Royle, Phaedra and Steinhauer, Karsten},
  note          = {Poster presented at the {CUNY Conference on Human Sentence Processing (CUNY 2017)}},
  title         = {On-line processing of {French} syntactic word categories in native speakers and late {L2} learners: {{A}}n {ERP} study},
  year          = {2012}
}

@PhDThesis{Fulland2016,
  address       = {Oslo},
  author        = {Fulland, Helene},
  publisher     = {University of Oslo},
  title         = {Language minority children's perspectives on being bilingual: {O}n "bilanguagers" and their sensitivity towards complexity},
  year          = {2016}
}

@InCollection{GaravitoWhite2002,
  address       = {New York},
  author        = {Bruhn de Garavito, Joyce and White, Lydia},
  booktitle     = {The acquisition of {Spanish} morphosyntax: {T}he {L1/L2} connection},
  editor        = {Pérez-Leroux, Ana Teresa and Muñoz Liceras, Juana},
  publisher     = {Bilingual Press},
  pages         = {143--160},
  title         = {The second language acquisition of {Spanish} {DP}s: {{T}}he status of grammatical features},
  year          = {2002}
}

@Article{Gass1998,
  author        = {Gass, Susan},
  journal       = {The Modern Language Journal},
  number        = {1},
  pages         = {83--90},
  title         = {Apples and oranges: {{O}}r, why apples are not orange and don’t need to be: {{A}} response to {F}irth and {W}agner},
  volume        = {82},
  year          = {1998}
}

@InCollection{Gass2003,
  address       = {Oxford},
  author        = {Gass, Susan M.},
  booktitle     = {The handbook of second language acquisition},
  editor        = {Doughty, Catherine J.},
  publisher     = {Blackwell},
  pages         = {224--255},
  title         = {Input and interaction},
  year          = {2003}
}

@Book{GassMackey2000,
  address       = {Mahwah, NJ},
  author        = {Gass, Susan M. and Mackey, Alison},
  publisher     = {Lawrence Erlbaum},
  title         = {Stimulated recall methodology in second language research},
  year          = {2000}
}

@InCollection{GassMadden1985,
  address       = {Boston, MA},
  author        = {Gass, Susan M. and Madden, Carolyn G.},
  booktitle     = {Input in Second Language Acquisition},
  editor        = {Gass, Susan M. and Madden, Carolyn G.},
  publisher     = {Heinle \& Heinle},
  pages         = {3--12},
  title         = {Introduction},
  year          = {1985}
}

@Article{Geeslin2011,
    author      = {Geeslin, Kimberly L.},
    journal     = {Studies in Hispanic and Lusophone Linguistics},
    pages       = {461--517},
    title       = {Variation in {L2 Spanish}: {T}he state of the discipline},
    volume      = {4},
    year        = {2011}
}

@InCollection{GeeslinEtAl2012,
  address       = {Somerville, MA},
  author        = {Geeslin, Kimberly L. and García-Amaya, Lorenzo and Hasler-Baker, Maria and Henriksen, Nicholas and Killam, Jason},
  booktitle     = {Selected proceedings of the {14th Hispanic Linguistics Symposium}},
  editor        = {Geeslin, Kimberly L. and Díaz-Campos, Manuel},
  pages         = {197--213},
  publisher     = {Cascadilla Press},
  title         = {The {L2} acquisition of variable perfective past time reference in {Spanish} in an overseas immersion setting},
  year          = {2012}
}

@Article{GeeslinGudmestad2008,
  author        = {Geeslin, Kimberly L. and Gudmestad, Aarnes},
  journal       = {Journal of Applied Linguistics},
  number        = {2},
  pages         = {137--157},
  title         = {The acquisition of variation in second-language {Spanish}: {{A}}n agenda for integrating studies of the {L2} sound system},
  volume        = {5},
  year          = {2008}
}

@Book{GeeslinLong2014,
  address       = {New York, NY},
  author        = {Geeslin, Kimberly. L. and Long, Avizia Yim},
  publisher     = {Routledge},
  title         = {Sociolinguistics and second language acquisition: {{L}}earning to use language in context},
  year          = {2014}
}

@Article{Gillon-DowensEtAl2011,
  author        = {Gillon-Dowens, Margaret and Guo, Taomei and Guo, Jingjing and Barber, Horacio and Carreiras, Manuel},
  journal       = {Neuropsychologia},
  number        = {7},
  pages         = {1651--1659},
  title         = {Gender and number processing in {Chinese} learners of {Spanish}: {E}vidence from event-related potentials},
  volume        = {49},
  year          = {2011}
}

@Article{Gillon-DowensEtAl2010,
  author        = {Gillon-Dowens, Margaret and Vergara, Marta and Barber, Horacio and Carreiras, Manuel},
  journal       = {Journal of Cognitive Neuroscience},
  number        = {8},
  pages         = {1870--1887},
  title         = {Morphosyntactic processing in late second-language learners},
  volume        = {22},
  year          = {2010}
}

@Article{GlahnEtAl2001,
  author        = {Glahn, Esther and Håkansson, Gisela and Hammarberg, Björn and Holmen, Anne and Hvenekilde, Anne and Lund, Karen},
  journal       = {Studies in Second Language Acquisition},
  number        = {3},
  pages         = {389--416},
  sortname      = {Glahn, Esther and Hakansson, Gisela and Hammarberg, Bjorn and Holmen, Anne and Hvenekilde, Anne and Lund, Karen},
  title         = {Processability in {Scandinavian} second language acquisition},
  volume        = {23},
  year          = {2001}
}

@InCollection{Glüer2018,
  address       = {Cambridge},
  author        = {Glüer, Michael},
  booktitle		= {The {Cambridge} handbook of group interaction analysis},
  editor        = {Brauner, Elisabeth and Boos, Margarete and Kolbe, Michaela},
  pages         = {245--274},
  publisher     = {Cambridge University Press},
  title         = {Software for coding and analyzing interaction processes},
  year          = {2018}
}

@InCollection{GoadWhite2009,
  address       = {Amsterdam},
  author        = {Goad, Heather and White, Lydia},
  booktitle     = {Second language acquisition of articles: {E}mpirical findings and theoretical implications},
  editor        = {García Mayo, María del P. and Hawkins, Roger},
  publisher     = {John Benjamins},
  pages         = {201--232},
  title         = {Articles in {Turkish}/{English} interlanguage revisited: {{I}}mplications of vowel harmony},
  year          = {2009}
}

@Article{GoldschneiderDeKeyser2001,
  author        = {Goldschneider, Jennifer M. and DeKeyser, Robert},
  journal       = {Language Learning},
  pages         = {1--50},
  title         = {Explaining the “natural order of {L2} morpheme acquisition” in {English}: {{A}} meta-analysis of multiple determinants},
  volume        = {51},
  year          = {2001}
}

@PhDThesis{Gong2010,
  address       = {Missoula, MT},
  school		= {University of Montana},
  author        = {Gong, Jiang Song},
  title          = {Comparison of {L1} child and {L2} adult development},
  year          = {2010}
}

@Article{GrandcolasSoulé-Susbielles1986,
  author        = {Grandcolas, Bernadette and Soulé-Susbielles, Nicole},
  journal       = {Studies in Second Language Acquisition},
  number        = {3},
  pages         = {293--308},
  sortname      = {Grandcolas, Bernadette and Soule-Susbielles, Nicole},
  title         = {The analysis of the foreign language classroom},
  volume        = {8},
  year          = {1986}
}

@Article{Granget2015,
  author        = {Granget, Cyrille},
  journal       = {Language, Interaction and Acquisition},
  number        = {1},
  pages         = {107--148},
  title         = {Pourquoi le présent n'est-il pas si simple d'un point de vue psycholinguistique?},
  volume        = {6},
  year          = {2015}
}

@InCollection{GretschPerdue2007,
 address	= {Oxford},
 author        = {Gretsch, Petra and Perdue, Clive},
  note 			= {Finiteness in first and second language acquisition}, 
  editor		= {Planck, F. and Nikolaeva, I.}, 
  booktitle		= {Finiteness: {T}heoretical and empirical foundations}, 
  pages			= {432--484},
  year          = {2007}
}

@Article{GreyEtAl2017,
  author        = {Grey, Sarah and Tanner, Darren and van Hell, Janet G.},
  journal       = {Brain Research},
  pages         = {27--43},
  title         = {How right is left? {{H}}andedness modulates neural responses during morphosyntactic processing},
  volume        = {1669},
  year          = {2017}
}

@InCollection{Gries2015,
  address       = {Cambridge},
  author        = {Gries, Stefan Th.},
  booktitle     = {The {Cambridge} handbook of learner corpus research},
  editor        = {Granger, Sylviane and Gilquin, Gaëtanelle and Meunier, Fanny},
  pages         = {159--181},
  publisher     = {Cambridge University Press},
  title         = {Statistics for learner corpus research},
  year          = {2005}
}

@Article{GrüterEtAl2012,
  author        = {Grüter, Theres and Lew-Williams, Casey and Fernald, Anne},
  journal       = {Second Language Research},
  number        = {2},
  pages         = {191--215},
  sortname      = {Gruter, Theres and Lew-Williams, Casey and Fernald, Anne},
  title         = {Grammatical gender in {L2}: {A} production or a real-time processing problem?},
  volume        = {28},
  year          = {2012}
}

@Article{Gudmestad2012,
  author        = {Gudmestad, Aarnes},
  journal       = {Language Learning},
  pages         = {373--402},
  title         = {Acquiring a variable structure: {{A}}n interlanguage analysis of second language mood use in {Spanish}},
  volume        = {62},
  year          = {2012}
}

@Article{GudmestadEtAl2019,
  author        = {Gudmestad, Aarnes and Edmonds, Amanda and Metzger, Thomas},
   journal       = {Language Learning},
  pages         = {911--949},
  title         = {Using variationism and learner corpus research to investigate grammatical gender marking in additional-language {Spanish}},
  volume        = {69},
  year          = {2019}
}


@Article{Gudmundson2013,
  author        = {Gudmundson, Anna},
  journal       = {Language, Interaction and Acquisition},
  number        = {2},
  pages         = {232--255},
  title         = {Acquisition of grammatical gender and number agreement in {Swedish} learners of {L2} {Italian}: {{R}}egularity and frequency effects},
  volume        = {4},
  year          = {2013}
}

@Article{GujordEtAl2018,
  author        = {Gujord, Ann-Kristin H. and Neteland, Randi and Selås, Magnhild},
  journal       = {{NOA Norsk som andrespråk}},
  pages         = {93--127},
  sortname      = {Gujord, Ann-Kristin H. and Neteland, Randi and Selas, Magnhild},
  title         = {Framvekst av morfologi, syntaks og ordforråd i tidleg andrespråksutvikling: {E}in longitudinell kasusstudie},
  volume        = {1-2/2018},
  year          = {2018}
}

@Article{GullbergEtAl2010,
  author        = {Gullberg, Marianne and Roberts, Leah and Dimroth, Christine and Veroude, Kim and Indefrey, Peter},
  journal       = {Language Learning},
  pages         = {5--24},
  title         = {Adult language learning after minimal exposure to an unknown natural language},
  volume        = {60},
  year          = {2010}
}

@Article{GullbergEtAl2012,
  author        = {Gullberg, Marianne and Roberts, Leah and Dimroth, Christine},
  journal       = {International Review of Applied Linguistics in Language Teaching},
  number        = {4},
  pages         = {239--276},
  title         = {What word-level knowledge can adult learners acquire after minimal exposure to a new language?},
  volume        = {50},
  year          = {2012}
}

@Article{GunterEtAl2000,
  author        = {Gunter, Thomas C. and Friederici, Angela D. and Schriefers, Herbert},
  journal       = {Journal of Cognitive Neuroscience},
  number        = {4},
  pages         = {556--568},
  title         = {Syntactic gender and semantic expectancy: {ERP}s reveal early autonomy and late interaction},
  volume        = {12},
  year          = {2000}
}

@Article{GuoEtAl2009,
  author        = {Guo, Jingjing and Guo, Taomei and Yan, Yan and Jiang, Nan and Peng, Danling},
  journal       = {Journal of Neurolinguistics},
  number        = {2},
  pages         = {123--134},
  title         = {{ERP} evidence for different strategies employed by native speakers and {L2} learners in sentence processing},
  volume        = {22},
  year          = {2009}
}

@InCollection{Hagen2001,
  address       = {Oslo},
  author        = {Hagen, Jon E.},
  booktitle     = {Andrespråk, tospråklighet, norsk: Festskrift til {Anne Hvenekilde}},
  editor        = {Golden, Anne and Uri, Helene},
  publisher     = {Unipub},
  pages         = {45--57},
  title         = {Finittkategoriens kritiske karakter i norsk som andrespråk},
  year          = {2001}
}

@InCollection{Hagen2005,
  address       = {Oslo},
  author        = {Hagen, Jon E.},
  booktitle     = {Fra grammatikk til språkpolitikk: {U}tdrag fra {Jon Erik Hagens} forfatterskap},
  editor        = {Nordanger, Marte and Ragnhildstveit, Silje and Vikøy, Aasne},
  publisher     = {Novus},
  pages         = {156–174},
  sortname      = {Hagen, Jon E.},
  title         = {Refleksjoner gjennom andrespråksprismet},
  year          = {2005}
}

@Article{HahneEtAl2006,
  author        = {Hahne, Anja and Mueller, Jutta L. and Clahsen, Harald},
  journal       = {Journal of Cognitive Neuroscience},
  number        = {1},
  pages         = {121--134},
  title         = {Morphological processing in a second language: {{B}}ehavioral and event-related brain potential evidence for storage and decomposition},
  volume        = {18},
  year          = {2006}
}

@Article{HakutaEtAl2003,
  author        = {Hakuta, Kenji and Bialystok, Ellen and Wiley, Edward},
  journal       = {Psychological Science},
  number        = {1},
  pages         = {31--38},
  title         = {Critical evidence},
  volume        = {14},
  year          = {2003}
}

@Article{HalberstadtEtAl2018,
  author        = {Halberstadt, Lauren and Valdés Kroff, Jorge R. and Dussias, Paola E.},
  journal       = {Journal of Second Language Studies},
  number        = {1},
  pages         = {5--30},
  sortname      = {Halberstadt, Lauren and Valdes Kroff, Jorge R. and Dussias, Paola E.},
  title         = {Grammatical gender processing in {L2} speakers of {Spanish}: {{T}}he role of cognate status and gender transparency},
  volume        = {1},
  year          = {2018}
}

@Article{HanLiu2013,
  author        = {Han, Zhao-Hong and Liu, Zehua},
  journal       = {Second Language Research},
  number        = {2},
  pages         = {145–164},
  sortname      = {Han, Zhao-Hong and Liu, Zehua},
  title         = {Input processing of {Chinese} {ab initio} learners},
  volume        = {29},
  year          = {2013}
}

@InCollection{HanTarone2014,
  address       = {Amsterdam},
  author        = {Han, ZhaoHong and Tarone, Elaine},
  booktitle     = {Interlanguage: {F}orty years later},
  editor        = {Z. Han, E. Tarone},
  publisher     = {John Benjamins Publishing Company},
  pages         = {1--6},
  title         = {Introduction},
  year          = {2014}
}

@Article{Hawkins2004,
  author        = {Hawkins, Roger},
  journal       = {French Language Studies},
  pages         = {233--255},
  title         = {The contribution of the theory of Universal Grammar to our understanding of the acquisition of {French} as a second language},
  volume        = {14},
  year          = {2004}
}

@InCollection{HawkinsFranceschina2004,
  address       = {Amsterdam},
  author        = {Hawkins, Roger and Franceschina, Florencia},
  booktitle     = {The acquisition of {French} in different contexts: {F}ocus on functional categories},
  editor        = {Prévost, Philippe and Paradis, Johanne},
  pages         = {175--205},
  publisher     = {John Benjamins},
  title         = {Explaining the acquisition and non-acquisition of determiner–noun gender concord in {French} and {Spanish}},
  year          = {2004}
}

@Article{Heide2017,
  author        = {Heide, Eldar},
  journal       = {Norsklæreren},
  pages         = {16--27},
  title         = {Det norske språkmangfaldet og opplæringa i norsk som andrespråk},
  volume        = {3},
  year          = {2017}
}

@Article{HellTokowicz2010,
  author        = {van Hell, Janet G. and Tokowicz, Natasha},
  journal       = {Second Language Research},
  number        = {1},
  pages         = {43--74},
  title         = {Event-related brain potentials and second language learning: {{S}}yntactic processing in late {L2} learners at different {L2} proficiency levels},
  volume        = {26},
  year          = {2010}
}

@Article{Hendrickson1978,
  author        = {Hendrickson, James M.},
  journal       = {The Modern Language Journal},
  number        = {8},
  pages         = {387--398},
  title         = {Error correction in foreign language teaching: {{R}}ecent theory, research, and practice},
  volume        = {62},
  year          = {1978}
}

@Article{Hendriks1998,
  author        = {Hendriks, Henriëtte},
  journal       = {Acquisition et Interaction en Langue Étrangère},
  pages         = {147--190},
  title         = {Comment il monte le chat? en grimpant!},
  url           = {https://journals.openedition.org/aile/1454},
  volume        = {11},
  year          = {1998}
}

@Article{Herschensohn2001,
  author        = {Herschensohn, Julia},
  journal       = {Second Language Research},
  number        = {3},
  pages         = {273--305},
  title         = {Missing inflection in second language {French}: {{A}}ccidental infinitives and other verbal deficits},
  volume        = {17},
  year          = {2001}
}

@PhDThesis{Hickmann1982,
  address       = {Chicago, IL},
  author        = {Hickmann, Maya},
  school        = {University of Chicago},
  title         = {The development of narrative skills: {P}ragmatic and metapragmatic aspects of discourse cohesion},
  year          = {1982}
}

@Article{HickmannEtAl1998,
  author        = {Hickmann, Maya and Hendriks, Henriëtte and Roland, Françoise},
  journal       = {Langue Française},
  pages         = {104--123},
  sortname      = {Hickmann, Maya and Hendriks, Henriette and Roland, Francoise},
  title         = {Référence spatiale dans les récits d'enfants français: {{P}}erspective inter-langue},
  volume        = {118},
  year          = {1998}
}

@Misc{HickmannEtAl2011,
  author        = {Hickmann, Maya and Hendriks, Henriëtte and Demagny, Annie-Claude and Engemann, Helen and Iakovleva, Tatiana and Ji, Yinglin and Ochsenbauer, Anna-Katharina and Soroli, Efstathia},
  note          = {Manuel de codage},
  publisher     = {{CNRS} \& University of Paris 8},
  title         = {La représentation de l'espace - études expérimentales et translinguistiques},
  year          = {2011}
}

@Book{Hilton2008,
  address       = {Chambéry},
  author        = {Hilton, Heather E.},
  publisher     = {Université de Savoie},
  title         = {Manuel de transcription, Corpus {PAROLE}},
  year          = {2008}
}

@InCollection{Hilton2014,
  address       = {Bristol},
  author        = {Hilton, Heather E.},
  booktitle     = {Measuring {L2} proficiency: {{P}}erspectives from {SLA}},
  editor        = {Leclercq, Pascale and Edmonds, Amanda and Hilton, Heather E.},
  publisher     = {Multilingual Matters},
  pages         = {27--53},
  title         = {Oral fluency and spoken proficiency: {C}onsiderations for research and testing},
  year          = {2014}
}

@InCollection{Hilton2017,
  address       = {Bristol},
  author        = {Hilton, Heather E.},
  booktitle     = {Researching the complexity of early language learning in instructed contexts},
  editor        = {Enever, Janet and Lundgren, Eva},
  publisher     = {Multilingual Matters},
  pages         = {127--144},
  title         = {Individual differences and {English} {L2} learning in two primary classrooms in {France}},
  year          = {2017}
}

@Article{HiltonEtAl2016,
  author        = {Hilton, Heather E. and Lenart, Ewa and Zoghlami, Naouel},
  journal       = {Revue française de linguistique appliquée},
  number        = {2},
  pages         = {65--80},
  title         = {Compréhension et production en anglais {L2} à l’école primaire},
  volume        = {XXI},
  year          = {2016}
}

@Article{HiltonRoyer2014,
  author        = {Hilton, Heather E. and Royer, Carine},
  journal       = {{EUROSLA} Yearbook},
  pages         = {65--78},
  title         = {An analysis of complexity in primary school {L2} {English} learning},
  volume        = {14},
  year          = {2014}
}

@Article{HinzEtAl2013,
  author        = {Hinz, Johanna and Krause, Carina and Rast, Rebekah and Shoemaker, Ellenor and Watorek, Marzena},
  journal       = {{EUROSLA} Yearbook},
  pages         = {39--175},
  title         = {Initial processing of morphological marking in nonnative language acquisition: {{E}}vidence from {French} and {German} learners of {Polish}},
  volume        = {13},
  year          = {2013}
}

@Article{HorguesScheuer2014,
  author        = {Horgues, Céline and Scheuer, Sylwia},
  journal       = {Research in Language},
  number        = {2},
  pages         = {145--161},
  sortname      = {Horgues, Celine and Scheuer, Sylwia},
  title         = {“{I} understood you, but there was this pronunciation thing…”: {{L}}2 pronunciation feedback in {English}/{French} tandem interactions},
  volume        = {12},
  year          = {2014}
}

@InCollection{HorguesScheuer2015,
  address       = {Basingstoke},
  author        = {Horgues, Céline and Scheuer, Sylwia},
  booktitle     = {Investigating {English} pronunciation: {T}rends and directions},
  editor        = {Mompeán, Jose A. and Fouz-González, Jonás},
  pages         = {47--82},
  publisher     = {Palgrave Macmillan},
  title         = {Why some things are better done in tandem?},
  year          = {2015}
}

@InCollection{HorguesScheuer2018Pronunciation,%2018a
  address       = {Newcastle upon Tyne},
  author        = {Horgues, Céline and Scheuer, Sylwia},
  booktitle     = {Pronunciation of {English} by speakers of other languages},
  editor        = {Volín, Jan and Skarnitzl, Radek},
  publisher     = {Cambridge Scholars Publishing},
  pages         = {260--286},
  sortname      = {Horgues, Celine and Scheuer, Sylwia},
  title         = {L2 pronunciation feedback in {English}-{French} tandem conversations},
  year          = {2018}
}

@InCollection{HorguesScheuer2018Breakdown,%2018b
  address       = {Chania},
  author        = {Horgues, Céline and Scheuer, Sylwia},
  booktitle     = {Crosslinguistic research in monolingual and bilingual speech},
  editor        = {Babatsouli, Elena},
  publisher     = {Institute of Monolingual and Bilingual Speech},
  pages         = {129--146},
  sortname      = {Horgues, Celine and Scheuer, Sylwia},
  title         = {“{W}hat are you not understanding?” {M}anaging communication breakdowns in native/non-native {English}/{French} tandem interactions},
  year          = {2018}
}

@Book{HorguesScheuer2018Miscommunication,%2018c
  address       = {Coming to an understanding},
  author        = {Horgues, Céline and Scheuer, Sylwia},
  note          = {Paper presented at {EuroSLA, Münster, 4–8 September 2018}},
  publisher     = {Miscommunication management in the course of {English/French} tandem interactions},
  sortname      = {Horgues, Celine and Scheuer, Sylwia},
  year          = {2018}
}

@Book{HorguesTardieu2015,
  address       = {Paris}, 
  author        = {Horgues, Céline and Tardieu, Claire}, 
  url           = {https://halshs.archives-ouvertes.fr/halshs-01249735}, 
  publisher     = {Association des chercheurs et enseignants didacticiens des langues étrangères {ACEDLE}},
  sortname      = {Horgues, Celine and Tardieu, Claire},
  title         = {Positionnement correctif dans les interactions orales en tandem anglais-français},
  year          = {2015}
}

@Article{Hulstijn1997,
  author        = {Hulstijn, Jan},
  journal       = {Studies in Second Language Acquisition},
  number        = {2},
  title         = {{Second Language Acquisition} research in the laboratory: {P}ossibilities and limitations},
  volume        = {19},
  year          = {1997}
}

@Book{HulstijnDeKeyser1997,
  editor        = {Hulstijn, Jan and DeKeyser, Robert},
  note       = {Studies in Second Language Acquisition [Special issue], 19(2).},
  title         = {Testing {SLA} Theory in the Research Laboratory},
  year          = {1997}
}

@Article{Husby2009,
  author        = {Husby, Olaf},
  number        = {2},
  pages         = {9--40},
  publisher     = {{NOA norsk som andrespråk}},
  title         = {Talt bokmål: {M}ålspråk for andrespråksstudenter?},
  volume        = {25},
  year          = {2009}
}

@Article{Hårstad2009,
  author        = {Hårstad, Stian},
  journal       = {Norsk Lingvistisk Tidsskrift},
  number        = {1},
  pages         = {133--143},
  sortname      = {Harstad, Stian},
  title         = {Kommer ikke alt godt fra oven? {E}t forsøk på å se utviklingstrekk i trønderske talemål i et standardiseringsperspektiv},
  volume        = {27},
  year          = {2009}
}

@Article{Ichikawa2014,
  author        = {Ichikawa, Shingo},
  journal       = {Journal of Nagoya Gakuin University},
  number        = {2},
  pages         = {25--37},
  title         = {The role of morphological awareness in {L2} vocabulary development in logographic languages},
  volume        = {25},
  year          = {2014}
}

@InCollection{Isel2017,
  address       = {Paris},
  author        = {Isel, Frédéric},
  booktitle     = {Atypies langagières de l’enfance à l’âge adulte: {A}pport de la psycholinguistique et des neurosciences cognitives},
  editor        = {Bogliotti, Caroline and Isel, Frédéric and Lacheret-Dujour, Anne},
  pages         = {149--192},
  publisher     = {De Boeck Supérieur},
  title         = {{A}pport de l’électro-encéphalographie à l’étude des atypies du traitement du langage},
  year          = {2017}
}

@Article{IselEtAl2007,
  author        = {Isel, Frédéric and Hahne, Anja and Maess, Burkhard and Friederici, Angela D.},
  journal       = {Biological Psychology},
  number        = {3},
  pages         = {337--346},
  sortname      = {Isel, Frederic and Hahne, Anja and Maess, Burkhard and Friederici, Angela D.},
  title         = {Neurodynamics of sentence interpretation: {ERP} evidence from {French}},
  volume        = {74},
  year          = {2007}
}

@Article{IselKail2018,
  author        = {Isel, Frédéric and Kail, Michèle},
  journal       = {Journal of Neurolinguistics},
  pages         = {23--36},
  sortname      = {Isel, Frederic and Kail, Michele},
  title         = {Morphosyntactic integration in {French} sentence processing: {E}vent-related brain potentials evidence},
  volume        = {46},
  year          = {2018}
}

@Article{Jaffré2006,
  author        = {Jaffré, Jean-Pierre},
  journal       = {Langue Française},
  pages         = {25--40},
  sortname      = {Jaffre, Jean-Pierre},
  title         = {Pourquoi distinguer les homophones?},
  volume        = {151},
  year          = {2006}
}

@Book{Jahr1990,
  address       = {Oslo},
  author        = {Jahr, Ernst H.},
  publisher     = {Novus},
  title         = {Den store dialektboka},
  year          = {1990}
}

@Book{Jahr1992,
  address       = {Oslo},
  author        = {Jahr, Ernst H.},
  publisher     = {Novus},
  title         = {Innhogg i nyare norsk språkhistorie},
  year          = {1992}
}

@Misc{JanssonEtAl2017,
  author        = {Jansson, Benthe K. and Bjerke, Christian B. and Søfteland, Åshild and Stjernholm, Karine},
  note          = {Presentation at {SON E-konferansen2017} – “{S}pråk og skole”, {NTNU} {Trondheim}, {April} 2017},
  sortname      = {Jansson, Benthe K. and Bjerke, Christian B. and Softeland, Ashild and Stjernholm, Karine},
  title         = {Dialekt og skole i Østfold: {K}va seier lærarar på barnesteget om tilnærming til lokal dialekt i klasserommet},
  year          = {2017}
}

@Article{Jarvis1968,
  author        = {Jarvis, Gilbert A.},
  journal       = {Modern Language Journal},
  pages         = {335--341},
  title         = {A behavioral observation system for classroom foreign language skill acquisition activities},
  volume        = {52},
  year          = {1968}
}

@InCollection{Jefferson1972,
  address       = {New York},
  author        = {Jefferson, Gail},
  booktitle     = {Studies in social interaction},
  editor        = {Sudnow, David N.},
  publisher     = {Free Press},
  pages         = {294--33},
  title         = {Side sequences},
  year          = {1972}
}

@Article{Jefferson1983,
  author        = {Jefferson, Gail},
  journal       = {Tilburg Papers in Language and Literature},
  pages         = {1--12},
  title         = {Issues in the transcription of naturally-occurring talk: {{C}}aricature versus capturing pronunciational particulars},
  volume        = {34},
  year          = {1983}
}

@Article{Jefferson1996,
  author        = {Jefferson, Gail},
  journal       = {Journal of Pragmatics},
  number        = {2},
  pages         = {159--170},
  title         = {A case of transcriptional stereotyping},
  volume        = {26},
  year          = {1996}
}

@InCollection{Jefferson2004,
  address       = {Amsterdam},
  author        = {Jefferson, Gail},
  booktitle     = {Conversation analysis: {S}tudies from the first generation},
  editor        = {Lerner, Gene},
  publisher     = {Benjamins},
  pages         = {13--31},
  title         = {Glossary of transcript symbols with an introduction},
  year          = {2004}
}

@Book{Jenkins2000,
  address       = {Oxford},
  author        = {Jenkins, Jennifer},
  publisher     = {Oxford University Press},
  title         = {The phonology of {English} as an international language},
  year          = {2000}
}

@PhDThesis{Jin2007,
  address       = {Trondheim},
  author        = {Jin, Fufen},
  school        = {The Norwegian University of Science and Technology},
  title         = {Second language acquistion and processing of {Norwegian} {DP} internal agreement},
  year          = {2007}
}

@InCollection{JinEtAl2009,
  address       = {Amsterdam},
  author        = {Jin, Fufen and Åfarli, Tor A. and van Dommelen, Wim A.},
  booktitle     = {Second language acquisition of articles: {E}mpirical findings and theoretical implications},
  editor        = {García Mayo, María del P. and Hawkins, Roger},
  publisher     = {John Benjamins},
  pages         = {175--200},
  sortname      = {Jin, Fufen and Afarli, Tor A. and van Dommelen, Wim A.},
  title         = {Variability in the {L2} acquisition of {Norwegian} {DP}s: {{A}}n evaluation of some current {SLA} models},
  year          = {2009}
}

@InCollection{Johannessen2017,
  address       = {Dordrecht},
  author        = {Johannessen, Janne B.},
  booktitle     = {Handbook of linguistic annotation},
  editor        = {Ide, Nancy and Pustejovsky, James},
  pages         = {1303--1321},
  publisher     = {Springer},
  title         = {Annotations in the {Nordic Dialect Corpus}},
  year          = {2017}
}

@InCollection{JohannessenEtAl2009,
  author        = {Johannessen, Janne B. and Priestley, Joel J. and Hagen, Kristin and Åfarli, Tor A. and Vangsnes, Øystein A},
  booktitle     = {Proceedings of the {17th Nordic Conference of Computational Linguistics (NODALIDA 2009)}},
  editor        = {Jokinen, Kristiina and Bick, Eckhard},
  series        = {{NEALT} Proceedings Series Volume 4},
  title         = {The {Nordic} dialect corpus: {A}n advanced research tool},
  year          = {2009}
}

@Article{JohannessenLarsson2015,
  author        = {Johannessen, Janne B. and Larsson, Ida},
  journal       = {Frontiers in Psychology},
  pages         = {1842},
  title         = {Complexity matters: {{O}}n gender agreement in heritage {Scandinavian}},
  volume        = {6},
  year          = {2015}
}

@InCollection{Jones2013,
  address       = {London},
  author        = {Jones, Rodney H.},
  booktitle     = {The {Bloomsbury} companion to discourse analysis},
  editor        = {Hyland, Ken and Paltridge, Brian},
  publisher     = {Bloomsbury},
  pages         = {9--21},
  sortname      = {Jones, Rodney},
  title         = {Data collection and transcription in discourse analysis: {{A}} technological history},
  year          = {2013}
}

@Book{Julien2005,
  address       = {Amsterdam},
  author        = {Julien, Marit},
  publisher     = {John Benjamins},
  series        = {Linguistik aktuell / Linguistics Today 87},
  title         = {Nominal phrases from a {Scandinavian} perspective},
  year          = {2005}
}

@Article{Kaan2007,
  author        = {Kaan, Edith},
  journal       = {Language and Linguistics Compass},
  number        = {6},
  pages         = {571--591},
  title         = {Event-related potentials and language processing: {{A}} brief overview},
  volume        = {1},
  year          = {2007}
}

@Article{KarlsenLykkenborg2012,
  author        = {Karlsen, Jannicke and Lykkenborg, Marta},
  journal       = {{NORDAND} Nordisk tidsskrift for andrespråksforskning},
  number        = {1},
  pages         = {53--83},
  title         = {Språkbruksmønstre i norsk-pakistanske familier},
  volume        = {7},
  year          = {2012}
}

@Book{Kartchava2019,
  address       = {Lanham},
  title         = {Noticing oral corrective feedback in the second language classroom: {B}ackground and evidence},
  author        = {Kartchava, Eva},
  publisher     = {Lexington Books},
  year          = {2019}
}

@Article{KartchavaAmmar2014,
  author        = {Kartchava, Eva and Ammar, Ahlem},
  journal       = {Language Teaching Research},
  number        = {4},
  pages         = {428--452},
  title         = {The noticeability and effectiveness of corrective feedback in relation to target type},
  volume        = {18},
  year          = {2014}
}

@Article{Kasper1997,
  author        = {Kasper, Gabriele},
  journal       = {The Modern Language Journal},
  number        = {3},
  pages         = {307--312},
  title         = {“{A}” stands for acquisition: {A} response to {Firth} and {Wagner}},
  volume        = {81},
  year          = {1997}
}

@Article{Keysar2007,
  author        = {Keysar, Boaz},
  journal       = {Intercultural Pragmatics},
  number        = {1},
  pages         = {71--84},
  title         = {Communication and miscommunication: {{T}}he role of egocentric processes},
  volume        = {4},
  year          = {2007}
}

@Article{KeysarEtAl2003,
  author        = {Keysar, Boaz and Lin, Shuhong and Barr, Dale J.},
  journal       = {Cognition},
  pages         = {25--41},
  title         = {Limits on theory of mind use in adults},
  volume        = {89},
  year          = {2003}
}

@Article{KimEtAl2018,
  author        = {Kim, Albert E. and Oines, Leif and Miyake, Akira},
  journal       = {Journal of Experimental Psychology: Learning, Memory, and Cognition},
  number        = {3},
  pages         = {406--420},
  title         = {Individual differences in verbal working memory underlie a tradeoff between semantic and structural processing difficulty during language comprehension: {{A}}n {ERP} investigation},
  volume        = {44},
  year          = {2018}
}

@InCollection{Kipp2014,
  address       = {Oxford},
  author        = {Kipp, Michael},
  booktitle     = {Handbook of corpus phonology},
  editor        = {Durand, Jacques and Gut, Ulrike and Kristofferson, Gjert},
  publisher     = {Oxford University Press},
  pages         = {420–436},
  title         = {{ANVIL}: {A} universal video research tool},
  year          = {2014}
}

@Book{Klein1994,
  address       = {London},
  author        = {Klein, Wolfgang},
  note          = {Routledge},
  title         = {Time in language},
  year          = {1994}
}

@Article{Klein1998,
  author        = {Klein, Wolfgang},
  journal       = {Language Learning},
  pages         = {527--550},
  title         = {The contribution of second language acquisition research},
  volume        = {48},
  year          = {1998}
}

@InCollection{Klein2006,
  address       = {Dordrecht},
  author        = {Klein, Wolfgang},
  booktitle     = {Semantics in acquisition},
  editor        = {Van Geenhoven, Veerle},
  pages         = {245--272},
  publisher		= {Springer},
  title         = {On finiteness},
  year          = {2006}
}

@InCollection{KleinPerdue1989,
  address       = {Cambridge},
  author        = {Klein, Wolfgang and Perdue, Clive},
  booktitle     = {The cross-linguistic study of sentence processing},
  editor		= {Bates, Elizabeth and MacWhinney, Brian},
  pages         = {292--327},
  publisher     = {Cambridge University Press},
  title         = {The learner’s problem of arranging words},
  year          = {1989}
}

@Article{KleinPerdue1997,
  author        = {Klein, Wolfgang and Perdue, Clive},
  journal       = {Second Language Research},
  number        = {4},
  pages         = {301--347},
  title         = {The basic variety ({O}r: {C}ouldn't natural languages be much simpler?)},
  volume        = {13},
  year          = {1997}
}

@InCOllection{KnudsenFjeld2013,
  address       = {Oslo},
  author        = {Knudsen, Rune L. and Fjeld, Ruth V.},
  booktitle     = {{Proceedings of the Workshop on Lexical Semantic Resources for NLP} {(NODALIDA)}},
  editor        = {Borin, Lars and Fjeld, Ruth Vatvedt and Forsberg, Markus and Nimb, Sanni and Nugues, Pierre and Pedersen, Bolette Sandford},
  series        = {{NEALT} Proceedings Series Volume 19},
  title         = {{LBK2013}: {A} balanced, annotated national corpus for {Norwegian Bokmål}},
  url           = {https://www.ep.liu.se/ecp/088/ecp13088.pdf},
  year          = {2013}
}

@Article{Kong2012,
  author        = {Kong, Stano},
  journal       = {Journal of Chinese Linguistics},
  number        = {2},
  pages         = {442--477},
  title         = {Adult {English} speakers' acquisition of {Chinese} count-mass classifiers},
  volume        = {40},
  year          = {2012}
}

@Book{Kormos2006,
  address       = {Mahwah, NJ},
  author        = {Kormos, Judit},
  publisher     = {Lawrence Erlbaum},
  title         = {Speech production and Second Language Acquisition},
  year          = {2006}
}

@Article{Kotz2009,
  author        = {Kotz, Sonja A.},
  journal       = {Brain and Language},
  number        = {2--3},
  pages         = {68--74},
  title         = {A critical review of {ERP} and f{MRI} evidence on {L2} syntactic processing},
  volume        = {109},
  year          = {2009}
}

@Article{KotzEtAl2008,
  author        = {Kotz, Sonja A. and Holcomb, Phillip J. and Osterhout, Lee},
  journal       = {Acta Psychologica},
  number        = {3},
  pages         = {514--527},
  title         = {{ERP}s reveal comparable syntactic sentence processing in native and non-native readers of {English}},
  volume        = {128},
  year          = {2008}
}

@Book{Kouloughli2007,
  address       = {Paris},
  author        = {Kouloughli, Djamel Eddine},
  publisher     = {Presses Universitaires de France - PUF},
  title         = {L’arabe},
  year          = {2007}
}

@Article{KuAnderson2003,
  author        = {Ku, Yu-Min and Anderson, Richard. C.},
  journal       = {Reading and Writing: An Interdisciplinary Journal},
  pages         = {399–422},
  title         = {Development of morphological awareness in {Chinese} and {English}},
  volume        = {16},
  year          = {2003}
}

@Book{Kulbrandstad1997,
  address       = {Vallset},
  author        = {Kulbrandstad, Lars A.},
  publisher     = {Oplandske Bokforlag},
  title         = {Språkportretter. Studier av tolv minoritetselevers språkbruksmønstre, språkholdninger og språkferdigheter},
  year          = {1997}
}

@Article{KupischEtAl2013,
  author        = {Kupisch, Tanja and Akpınar, Deniz and Stöhr, Antje},
  journal       = {Linguistic Approaches to Bilingualism},
  number        = {2},
  pages         = {150--179},
  sortname      = {Kupisch, Tanja and Akpinar, Deniz and Stohr, Antje},
  title         = {Gender assignment and gender agreement in adult bilinguals and second language learners of {French}},
  volume        = {3},
  year          = {2013}
}

@InCollection{KutasEtAl2011,
  address       = {Oxford},
  author        = {Kutas, Marta and DeLong, Katherine A. and Smith, Nathaniel J.},
  booktitle     = {Predictions in the brain: {U}sing our past to generate a future},
  editor        = {Bar, Moshe},
  publisher     = {Oxford University Press},
  pages         = {190--207},
  title         = {A look around at what lies ahead: {{P}}rediction and predictability in language processing},
  year          = {2011}
}

@Article{KutasHillyard1980,
  author        = {Kutas, Marta and Hillyard, Steven A.},
  journal       = {Biological Psychology},
  number        = {2},
  pages         = {99--116},
  title         = {Event-related brain potentials to semantically inappropriate and surprisingly large words},
  volume        = {11},
  year          = {1980}
}

@Article{Lardière1998,
  author        = {Lardière, Donna},
  journal		= {Second Language Research},
  number		= {4},
  pages			= {359--375},
  sortname      = {Lardiere, Donna},
  title         = {Dissociating syntax from morphology in a divergent {L2} end-stage grammar},
  volume		= {14},
  year          = {1998}
}

@InCollection{Lardiere2012,
  address       = {Oxon},
  author        = {Lardière, Donna},
  booktitle     = {The {Routledge} handbook of Second Language Acquisition},
  editor        = {Gass, Susan M. and Mackey, Alison},
  publisher     = {Routledge},
  pages         = {106--126},
  sortname      = {Lardiere, Donna},
  title         = {Linguistic approaches to second language morphosyntax},
  year          = {2012}
}

@Article{Larsen-Freeman2010,
  author        = {Larsen-Freeman, Diane},
  journal       = {Language Learning},
  number        = {1},
  pages         = {221--230},
  title         = {Not so fast: {{A}} discussion of {L2} morpheme processing},
  volume        = {60},
  year          = {2010}
}

@Article{Larsen-HallPlonsky2015,
  author        = {Larsen-Hall, Jenifer and Plonsky, Luke},
  journal       = {Language Learning},
  number        = {S1},
  pages         = {127--159},
  title       = {Reporting and interpreting quantitative research findings: {{W}}hat gets reported and recommendations for the field},
  volume        = {65},
  year          = {2015}
}

@Article{LausbergSloetjes2009,
  author        = {Lausberg, Hedda. and Sloetjes, Han},
  journal       = {Behavior Research Methods, Instruments, \& Computers},
  number        = {3},
  pages         = {841--849},
  title         = {Coding gestural behavior with the {NEUROGES}-{ELAN} system},
  volume        = {41},
  year          = {2009}
}

@Misc{Leclercq2011,
  author        = {Leclercq, Pascale},
  note          = {Paper presented at the {EUROSLA} 21 conference, {Stockholm}, 8-10 {September} 2011},
  title         = {How do learners of {French} and {English} include space and time reference in narratives?},
  year          = {2011}
}

@Article{LeivadaEtAl2017,
  author        = {Leivada, Evelina and Papadopoulou, Elena and Kambanaros, Maria and Grohmann, Kleanthes K.},
  issue         = {Article 205},
  journal       = {Frontiers in Psychology},
  pages         = {205},
  title         = {The influence of bilectalism and non-standardization on the perception of native grammatical variants},
  volume        = {8},
  year          = {2017}
}

@Article{LenartPerdue2004,
  author        = {Lenart, Ewa and Perdue, Clive},
  journal       = {Acquisition et Interaction en Langue Etrangère},
  pages         = {85--121},
  title         = {L’approche fonctionnaliste: {S}tructure interne et mise en œuvre du syntagme nominal},
  volume        = {21},
  year          = {2004}
}

@Misc{Lenth2019,
  author        = {Lenth, Russel},
  note          = {R package version 1.4.1.},
  title         = {{e}mmeans: {E}stimated marginal means, aka least-square means},
  url           = {https://CRAN.R-project.org/package=emmeans},
  year          = {2019}
}

@Article{LeowMorgan-Short2004,
  author        = {Leow, Ronald P. and Morgan-Short, Kara},
  journal       = {Studies in Second Language Acquisition},
  number        = {1},
  pages         = {35--57},
  title         = {To think aloud or not to think aloud: {T}he issue of reactivity in {SLA} research methodology},
  volume        = {26},
  year          = {2004}
}

@Article{Li1999,
  author        = {Li, Yen-hui Audrey},
  journal       = {Journal of East Asian Linguistics},
  number        = {1},
  pages         = {75--99},
  title         = {Plurality in a classifier language},
  volume        = {8},
  year          = {1999}
}

@Article{Li2010,
  author        = {Li, Shaofeng},
  journal       = {Language Learning},
  number        = {2},
  pages         = {309–365},
  title         = {The effectiveness of corrective feedback in {SLA}: {{A}} meta-analysis},
  volume        = {60},
  year          = {2010}
}

@InCollection{Liang2008,
  address       = {Columbus, OH},
  author        = {Liang, Neal Szu-Yen},
  booktitle     = {Proceedings of the {20th North American Conference on Chinese Linguistics (NACCL-20)}},
  editor        = {Chan, Marjorie K. M. and Kang, Hana},
  note 			= {Volume 1},
  pages         = {309--326},
  publisher     = {The Ohio State University},
  title         = {The acquisition of {Chinese} shape classifiers by {L2} adult learners},
  year          = {2008}
}

@Book{Lier1988,
  address       = {London},
  author        = {van Lier, Leo},
  publisher     = {Longman},
  title         = {The classroom and the language learner},
  year          = {1988}
}

@InCollection{LindstadEtAl2009,
  author        = {Lindstad, Arne M. and Nøklestad, Anders and Johannessen, Janne B. and Vangsnes, Øystein A.},
  booktitle     = {Proceedings of the {17th Nordic Conference of Computational Linguistics (NODALIDA 2009)}},
  editor        = {Jokinen, Kristiina and Bick, Eckhard},
  publisher     = {Northern European Association for Language Technology {(NEALT)}},
  series        = {{NEALT} Proceedings Series Volume 4},
  title         = {The {Nordic} dialect database: {M}apping microsyntactic variation in the {Scandinavian} languages},
  url           = {http://dspace.utlib.ee/dspace/handle/10062/9206},
  year          = {2009}
}

@InCollection{Loewen2018,
  address       = {Hoboken, NJ},
  author        = {Loewen, Shawn},
  booktitle     = {The {TESOL} encyclopedia of {English} language teaching},
  editor        = {Liontas, John I.},
  pages         = {2750--2755},
  publisher     = {John Wiley and Sons, Inc.},
  title         = {Focus on form versus focus on forms},
  year          = {2018}
}

@InCollection{Long1991,
  address       = {Amsterdam},
  author        = {Long, Michael H.},
  booktitle     = {Foreign language research in cross-cultural perspective},
  editor        = {De Bot, Kees and Ginsberg, Ralph and Kramsch, Claire},
  publisher     = {John Benjamins},
  pages         = {39--52},
  title         = {Focus on form: {{A}} design feature in language teaching methodology},
  year          = {1991}
}

@Article{Long1997,
  author        = {Long, Michael},
  journal       = {The Modern Language Journal},
  number        = {3},
  pages         = {318--323},
  title         = {Construct validity in {SLA} research: {{A}} response to {Firth and Wagner}},
  volume        = {81},
  year          = {1997}
}

@Misc{LovdataND,
  author        = {Lovdata},
  title         = {Talemålsparagrafen},
  url           = {https://lovdata.no/dokument/NL/lov/},
  year          = {No date}
}

@Book{Luck2014,
  address       = {Cambridge, MA},
  author        = {Luck, Steven J.},
  note          = {2\textsuperscript{nd} edition},
  publisher     = {MIT Press},
  title         = {An introduction to the event-related potential technique},
  year          = {2014}
}

@Article{LysterRanta1997,
  author        = {Lyster, Roy and Ranta, Leila},
  journal       = {Studies in Second Language Acquisition},
  number        = {1},
  pages         = {37--66},
  title         = {Corrective feedback and learner uptake: {{N}}egotiation of form in communicative classrooms},
  volume        = {19},
  year          = {1997}
}

@Article{LysterSaito2010,
  author        = {Lyster, Roy and Saito, Kazuya},
  journal       = {Studies in Second Language Acquisition},
  number        = {2},
  pages         = {265--302},
  title         = {Oral feedback in classroom {SLA}},
  volume        = {32},
  year          = {2010}
}

@Article{LysterEtAl2013,
  author        = {Lyster, Roy and Saito, Kazuya and Sato, Masatoshi},
  journal       = {Language Teaching},
  number        = {1},
  pages         = {1--40},
  title         = {Oral corrective feedback in second language classrooms},
  volume        = {46},
  year          = {2013}
}

@InCollection{López-PregoGabriele2012,
  address       = {Somerville, MA},
  author        = {López Prego, Beatriz and Gabriele, Alison},
  booktitle     = {Proceedings of the {36\textsuperscript{th} Annual {Boston} University Conference on Language Development}},
  editor        = {Biller, Alia K. and Chung, Esther Y. and Kimball, Amelia E.},
  publisher     = {Cascadilla Press},
  pages         = {315--327},
  sortname      = {Lopez Prego, Beatriz and Gabriele, Alison},
  title         = {Examining the nature of variability in gender and number agreement in native and non-native {Spanish}},
  year          = {2012}
}

@Article{Lødrup2011,
  author        = {Lødrup, Helge},
  journal       = {Maal og Minne},
  pages         = {120–136},
  sortname      = {Lodrup, Helge},
  title         = {Hvor mange genus er det i Oslo-dialekten? [’How many genders does the Oslo dialect have?’]},
  volume        = {2},
  year          = {2011}
}

@Book{MacWhinney2000,
  address       = {Mahwah, NJ},
  author        = {MacWhinney, Brian},
  publisher     = {Lawrence Erlbaum},
  title         = {The {CHILDES} project: {T}ools for analysing talk},
  year          = {2000}
}

@InCollection{MacWhinney2010,
  address       = {Amsterdam},
  author        = {MacWhinney, Brian},
  booktitle     = {Language acquisition across linguistic and cognitive systems},
  editor        = {Kail, Michèle and Hickmann, Maya},
  publisher     = {Benjamins},
  pages         = {17--32},
  title         = {A tale of two paradigms},
  year          = {2010}
}

@Article{Mackey2006,
  author        = {Mackey, Alison},
  journal       = {Applied Linguistics},
  number        = {3},
  pages         = {405--430},
  title         = {Feedback, noticing and instructed second language learning},
  volume        = {27},
  year          = {2006}
}

@Book{MackeyGass2012,
  address       = {Chichester},
  author        = {Mackey, Alison and Gass, Susan M.},
  publisher     = {Blackwell Publishing},
  title         = {Research methods in Second Language Acquisition: {A} practical guide},
  year          = {2012}
}

@Article{MackeyEtAl2000,
  author        = {Mackey, Alison and Gass, Susan M. and McDonough, Kim},
  journal       = {Studies in Second Language Acquisition},
  number        = {4},
  pages         = {471--497},
  title         = {How do learners perceive interactional feedback?},
  volume        = {22},
  year          = {2000}
}

@Article{MackeyEtAl2003,
  author        = {Mackey, Alison and Oliver, Rhonda and Leeman, Jennifer},
  journal       = {Language Learning},
  number        = {1},
  pages         = {35--66},
  title         = {Interactional input and the incorporation of feedback: {{A}}n exploration of {NS}-{NNS} and {NNS}-{NNS} adult and child dyads},
  volume        = {53},
  year          = {2003}
}

@Article{Mancilla-MartinezKieffer2010,
  author        = {Mancilla-Martinez, Jeannette and Kieffer, Michael J.},
  journal       = {Educational Researcher},
  number        = {7},
  pages         = {545--546},
  title         = {Language minority learners’ home language use is dynamic},
  volume        = {39},
  year          = {2010}
}

@Book{Markee2000,
  address       = {Mahwah NJ},
  author        = {Markee, Numa},
  publisher     = {Lawrence Erlabaum},
  title         = {Conversation analysis},
  year          = {2000}
}

@Misc{MarsdenEtAl2002,
  author        = {Marsden, Emma and Mitchell, Rosamond and Rule, Sarah and Myles, Florence},
  note			= {Occasional Paper No. 58},
  publisher		= {Southampton University, Centre for Language Education},
  title         = {Oral {French} interlanguage corpora: {T}ools for data management and analysis},
  year          = {2002}
}

@Article{MarsdenEtAl2018Reports,
  author        = {Marsden, Emma and Morgan-Short, Kara and Trofimovich, Pavel and Ellis, Nick C.},
  journal       = {Language Learning},
  pages         = {309--320},
  title         = {Introducing registered reports at Language Learning: {{P}}romoting transparency, replication, and a synthetic ethic in the language sciences [Editorial]},
  volume        = {68},
  year          = {2018}
}

@Article{MarsdenEtAl2018Replication,
  author        = {Marsden, Emma and Morgan-Short, Kara and Thompson, Sophie and Abugaber, David},
  journal       = {Language Learning},
  number        = {2},
  pages         = {321--391},
  title         = {Replication in second language research: {{N}}arrative and systematic reviews and recommendations for the field},
  volume        = {68},
  year          = {2018}
}

@InCollection{MarsdenPlonsky2018,
  address       = {Amsterdam},
  author        = {Marsden, Emma and Plonsky, Luke},
  booktitle     = {Critical reflections on data in second language acquisition},
  editor        = {Gudmestad, Aarnes and Edmonds, Amanda},
  publisher     = {Benjamins},
  pages         = {219--228},
  title         = {Conclusion: {{D}}ata, open science, and methodological reform in second language acquisition research},
  year          = {2018}
}

@Article{Martín-LoechesEtAl2005,
  author        = {Martín-Loeches, Manuel and Muñoz, Francisco and Casado, Pilar and Melcón, A. and Fernández-Frías, C.},
  journal       = {Psychophysiology},
  number        = {5},
  pages         = {508--519},
  sortname      = {Martin-Loeches, Manuel and Munoz, Francisco and Casado, Pilar and Melcon, A. and Fernandez-Frias, C.},
  title         = {Are the anterior negativities to grammatical violations indexing working memory?},
  volume        = {42},
  year          = {2005}
}

@InCollection{Mary2014,
  address       = {Umeå},
  author        = {Mary, Latisha},
  booktitle     = {Conference Proceedings from early language learning: Theory and practice},
  editor        = {Enever, Janet and Lindgreen, Eva and Ivanov, Sergij},
  publisher     = {Institutionen för sprakstudier},
  pages         = {86--90},
  title         = {Pre-service primary teachers’ self-evaluations of language proficiency and self-efficacy for teaching {English} to young learners},
  year          = {2014}
}

@Article{Mauranen2006,
  author        = {Mauranen, Anna},
  journal       = {International Journal of the Sociology of Language},
  pages         = {123--150},
  title         = {Signaling and preventing misunderstanding in {English} as a lingua franca communication},
  volume        = {177},
  year          = {2006}
}

@Book{McKay2002,
  address       = {Oxford},
  author        = {McKay, Sandra L.},
  publisher     = {Oxford University Press},
  title         = {Teaching {English} as an international language},
  year          = {2002}
}

@Article{McLaughlinEtAl2004,
  author        = {McLaughlin, Judith and Osterhout, Lee and Kim, Albert},
  journal       = {Nature Neuroscience},
  pages         = {703--704},
  title         = {Neural correlates of second-language word learning: {{M}}inimal instruction produces rapid change},
  volume        = {7},
  year          = {2004}
}

@Article{McLaughlinEtAl2010,
  author        = {McLaughlin, Judith and Tanner, Darren and Pitkänen, Ilona and Frenck-Mestre, Cheryl and Inoue, Kayo and Valentine, Geoffrey and Osterhout, Lee},
  journal       = {Language Learning},
  pages         = {123--150},
  sortname      = {McLaughlin, Judith and Tanner, Darren and Pitkanen, Ilona and Frenck-Mestre, Cheryl and Inoue, Kayo and Valentine, Geoffrey and Osterhout, Lee},
  title         = {Brain potentials reveal discrete stages of {L2} grammatical learning},
  volume        = {60},
  year          = {2010}
}

@Article{MeerendonkEtAl2009,
  author        = {van de Meerendonk, Nan and Kolk, Herman H. J. and Chwilla, Dorothee J. and Vissers, Constance Th. W. M.},
  journal       = {Language and Linguistics Compass},
  number        = {5},
  pages         = {1211--1224},
  title         = {Monitoring in language perception},
  volume        = {3},
  year          = {2009}
}

@Article{MehravariEtAl2017,
  author        = {Mehravari, Alison S. and Emmorey, Karen and Prat, Chantel S. and Klarman, Lindsay and Osterhout, Lee},
  journal       = {Neuropsychologia},
  pages         = {153--168},
  title         = {Brain-based individual difference measures of reading skill in deaf and hearing adults},
  volume        = {101},
  year          = {2017}
}

@InCollection{Meisel1987,
  address       = {Rowley, MA},
  author        = {Meisel, Jürgen M.},
  booktitle     = {First and second language acquisition processes},
  editor        = {Pfaff, Wollman C.},
  pages         = {206--224},
  publisher		= {Newbury House},
  title         = {Reference to past events and actions in the development of natural second language acquisition},
  year          = {1987}
}

@Article{MeulmanEtAl2015,
  author        = {Meulman, Nienke and Wieling, Martijn and Sprenger, Simone A. and Stowe, Laurie A. and Schmid, Monika S.},
  journal       = {{PloS One}},
  number        = {12},
  title         = {Age effects in {L2} grammar processing as revealed by {ERP}s and how (not) to study them},
  volume        = {10},
  year          = {2015}
}

@Book{MitchellEtAl2017,
  address       = {New York, NY},
  author        = {Mitchell, Rosamond and Tracy-Ventura, Nicole and McManus, Kevin},
  publisher     = {Routledge},
  title         = {Anglophone students abroad: {I}dentity, social relationships, and language learning},
  year          = {2017}
}

@Article{MolinaroEtAl2011,
  author        = {Molinaro, Nicola and Barber, Horacio A. and Carreiras, Manuel},
  journal       = {Cortex},
  number        = {8},
  pages         = {908--930},
  sortname      = {Molinaro, Nicola and Barber, Horacio A. and Carreiras, Manuel},
  title         = {Grammatical agreement processing in reading: {{{E}}}{RP} findings and future directions},
  volume        = {47},
  year          = {2011}
}

@Article{MolinaroEtAl2008,
  author        = {Molinaro, Nicola and Vespignani, Francesco and Job, Remo},
  journal       = {Brain Research},
  pages         = {161--176},
  title         = {A deeper reanalysis of a superficial feature: {{A}}n {ERP} study on agreement violations},
  volume        = {1228},
  year          = {2008}
}

@Article{Mondada2000,
  author        = {Mondada, Lorenza},
  journal       = {Linx},
  pages         = {131--146},
  title         = {Les effets théoriques des pratiques de transcription},
  volume        = {42},
  year          = {2000}
}

@Article{Mondada2002,
  author        = {Mondada, Lorenza},
  journal       = {Cahiers de Praxématique},
  pages         = {45--75},
  title         = {Transcrire l’interaction},
  volume        = {39},
  year          = {2002}
}

@Article{Mondada2007,
  author        = {Mondada, Lorenza},
  journal       = {Discourse Studies},
  number        = {6},
  pages         = {809–821},
  title         = {Commentary: {{T}}ranscript variations and the indexicality of transcribing practices},
  volume        = {9},
  year          = {2007}
}

@Article{MontrulEtAl2008,
  author        = {Montrul, Silvina and Foote, Rebecca and Perpiñán, Silvia},
  journal       = {Language Learning},
  pages         = {503--553},
  sortname      = {Montrul, Silvina and Foote, Rebecca and Perpinan, Silvia},
  title         = {Gender agreement in adult second language learners and {Spanish} heritage speakers: {{T}}he effects of age and context of acquisition},
  volume        = {58},
  year          = {2008}
}

@InCollection{Morgan-ShortEtAl2015,
  address       = {Amsterdam},
  author        = {Morgan-Short, Kara and Faretta-Stutenberg, Mandy and Bartlett-Hsu, Laura},
  booktitle     = {Implicit and explicit learning of languages},
  editor        = {Rebuschat, Patrick},
  publisher     = {John Benjamins},
  pages         = {349--384},
  title         = {Contributions of event-related potential research to issues in explicit and implicit second language acquisition},
  year          = {2015}
}

@Article{Morgan-ShortEtAl2010,
  author        = {Morgan-Short, Kara and Sanz, Cristina and Steinhauer, Karsten and Ullman, Michael T.},
  journal       = {Language Learning},
  number        = {1},
  pages         = {154–193},
  title         = {Second language acquisition of gender agreement in explicit and implicit training conditions: {{A}}n event-related potential study},
  volume        = {60},
  year          = {2010}
}

@Article{Morgan-ShortEtAl2012,
  author        = {Mor\-gan-Short, Kara and Steinhauer, Karsten and Sanz, Cristina and Ullman, Michael T.},
  journal       = {Journal of Cognitive Neuroscience},
  number        = {4},
  pages         = {933–947},
  title         = {Explicit and implicit second language training differentially affect the achievement of native-like brain activation patterns},
  volume        = {24},
  year          = {2012}
}

@Article{Mori2007,
  author        = {Mori, Junko},
  journal       = {The Modern Language Journal},
  pages         = {849--862},
  title         = {Border crossings? {{{E}}}xploring the intersection of {Second Language Acquisition, Conversation Analysis}, and foreign language pedagogy},
  volume        = {91},
  year          = {2007}
}

@Article{Mosfjeld2017,
  author        = {Mosfjeld, Inger M.},
  journal       = {{NOA Norsk som andrespråk}},
  pages         = {65--87},
  title         = {Startalder og andrespråkstilegnelse av finitthet},
  volume        = {2},
  year          = {2017}
}

@Article{Moskowitz1976,
  author        = {Moskowitz, Gertrude},
  journal       = {Foreign Language Annals},
  number        = {2},
  pages         = {135--157},
  title         = {The classroom interaction of outstanding language teachers},
  volume        = {9},
  year          = {1976}
}

@Article{MuellerEtAl2007,
  author        = {Mueller, Jutta L. and Hirotani, Masako and Friederici, Angela D.},
  note          = {{BMC} Neuroscience},
  number        = {1},
  pages         = {18},
  title         = {{ERP} evidence for different strategies in the processing of case markers in native speakers and non-native learners},
  volume        = {8},
  year          = {2007}
}

@Article{MylesEtAl1998,
  author        = {Myles, Florence and Hooper, Janet and Mitchell, Rosamond},
  journal       = {Language Learning},
  number        = {3},
  pages         = {323--364},
  title         = {Rote or rule? {{{E}}}xploring the role of formulaic language in classroom foreign language learning},
  volume        = {48},
  year          = {1998}
}

@Article{Mæhlum2009,
  author        = {Mæhlum, Brit},
  journal       = {Norsk Lingvistisk Tidsskrift},
  number        = {1},
  pages         = {7–26},
  sortname      = {Maehlum, Brit},
  title         = {Standardtalemål? {{N}}aturligvis! {{{E}}}n argumentasjon for eksistensen av et norsk standardtalemål},
  volume        = {27},
  year          = {2009}
}

@Book{MæhlumRøyneland2012,
  address       = {Oslo},
  author        = {Mæhlum, Brit and Røyneland, Unn},
  publisher     = {Cappelen Damm Akademisk},
  sortname      = {Maehlum, Brit and Royneland, Unn},
  title         = {Det norske dialektlandskapet: {I}nnføring i norske dialekter},
  year          = {2012}
}

@Article{NakanoEtAl2010,
  author        = {Nakano, Hiroko and Saron, Clifford and Swaab, Tamara Y.},
  journal       = {Journal of Cognitive Neuroscience},
  number        = {12},
  pages         = {2886--2898},
  title         = {Speech and span: {{W}}orking memory capacity impacts the use of animacy but not of world knowledge during spoken sentence comprehension},
  volume        = {22},
  year          = {2010}
}

@Book{NassajiKartchava2017,
  address       = {New York/London},
  author        = {Nassaji, Hossein and Kartchava, Eva},
  publisher     = {Routledge},
  title         = {Corrective feedback in second language teaching and learning: {R}esearch, theory, applications, implications},
  year          = {2017}
}

@Book{NassajiKartchavaInPress,
  address       = {Cambridge},
  editor        = {Nassaji, Hossein and Kartchava, Eva},
  title         = {The {Cambridge} handbook of corrective feedback in language learning and teaching},
  publisher		= {Cambridge University Press},
  year          = {in press}
}

@Article{NewmanEtAl2012,
  author        = {Newman, Aaron J. and Tremblay, Antoine and Nichols, Emily S. and Neville, Helen J. and Ullman, Michael T.},
  journal       = {Journal of Cognitive Neuroscience},
  number        = {5},
  pages         = {1205--1223},
  title         = {The influence of language proficiency on lexical semantic processing in native and late learners of {English}},
  volume        = {24},
  year          = {2012}
}

@Article{NewmanEtAl2007,
  author        = {Newman, Aaron J. and Ullman, Michael T. and Pancheva, Roumyana and Waligura, Diane L. and Neville, Helen J.},
  journal       = {NeuroImage},
  number        = {1},
  pages         = {435--445},
  title         = {An {ERP} study of regular and irregular {English} past tense inflection},
  volume        = {34},
  year          = {2007}
}

@Article{Nickerson1999,
  author        = {Nickerson, Raymond S.},
  journal       = {Psychological Bulletin},
  number        = {6},
  pages         = {737--759},
  title         = {How we know - and sometimes misjudge - what others know: {{I}}mputing one's own knowledge to others},
  volume        = {25},
  year          = {1999}
}

@Article{NimzKhattab2019,
  author        = {Nimz, Katharina and Khattab, Ghada},
  journal       = {Second Language Research},
  pages         = {387--413},
  title         = {On the role of orthography in {L2} vowel production: {T}he case of {Polish} learners of {German}},
  volume        = {28},
  year          = {2019}
}

@PhDThesis{Nishio2000,
  address       = {Lyon},
  author        = {Nishio, Sumikazu},
  publisher     = {Université Lumière Lyon 2},
  title         = {Classificateurs numéraux en japonais: constructions et catégories},
  year          = {2000}
}

@InCollection{NorrisOrtega2012,
  address       = {Oxon},
  author        = {Norris, John M. and Ortega, Lourdes},
  booktitle     = {The {Routledge} Handbook of Second Language Acquisition},
  editor        = {Gass, Susan M. and Mackey, Alison},
  publisher     = {Routledge},
  pages         = {573--589},
  title         = {Assessing learner knowledge},
  year          = {2012}
}

@Book{Nunan1989,
  address       = {Hemel Hempstead},
  author        = {Nunan, David},
  publisher     = {Prentice Hall},
  title         = {Understanding language classrooms},
  year          = {1989}
}

@Article{Ochs1979,
  author        = {Ochs, Elinor},
  journal       = {Developmental pragmatics},
  number        = {1},
  pages         = {43--72},
  title         = {Transcription as theory},
  volume        = {10},
  year          = {1979}
}

@Article{OjimaEtAl2005,
  author        = {Ojima, Shiro and Nakata, Hiroki and Kakigi, Ryusuke},
  journal       = {Journal of Cognitive Neuroscience},
  number        = {8},
  pages         = {1212--1228},
  title         = {An {ERP} study of second language learning after childhood: {E}ffects of proficiency},
  volume        = {17},
  year          = {2005}
}

@InCollection{OpsahlNistov2010,
  address       = {Bristol},
  author        = {Opsahl, Toril and Nistov, Ingvild},
  booktitle     = {Multilingual urban {Scandinavia}: {N}ew linguistic practices},
  editor        = {Quist, Pia and Svendsen, Bente A.},
  publisher     = {Multilingual Matters},
  pages         = {49--64},
  title         = {On some structural aspects of {Norwegian} spoken among adolescents in multilingual settings in {Oslo}},
  year          = {2010}
}

@Article{Ortega2005,
  author        = {Ortega, Lourdes},
  journal       = {The Modern Language Journal},
  pages         = {317--327},
  title         = {Methodology, epistemology, and ethics in instructed {SLA} research: {{A}}n introduction},
  volume        = {89},
  year          = {2005}
}


@Article{Ortega2019,
  author        = {Ortega, Lourdes},
  journal       = {The Modern Language Journal},
  pages         = {23--38},
  title         = {{SLA} and the study of equitable multilingualism},
  volume        = {103},
  year          = {2019}
}

@Article{Osterhout1997,
  author        = {Osterhout, Lee},
  journal       = {Brain and Language},
  number        = {3},
  pages         = {494--522},
  title         = {On the brain response to syntactic anomalies: {{M}}anipulations of word position and word class reveal individual differences},
  volume        = {59},
  year          = {1997}
}

@Article{OsterhoutHolcomb1992,
  author        = {Osterhout, Lee and Holcomb, Phillip J.},
  journal       = {Journal of Memory and Language},
  number        = {6},
  pages         = {785--806},
  title         = {Event-related brain potentials elicited by syntactic anomaly},
  volume        = {31},
  year          = {1992}
}

@InCollection{OsterhoutEtAl2004,
  address       = {New York, NY},
  author        = {Osterhout, Lee and McLaughlin, Judith and Kim, Albert and Greenwald, Ralf and Inoue, Kayo},
  booktitle     = {The on-line study of sentence comprehension: {E}yetracking, {ERP}, and beyond},
  editor		= {Carreiras, Manuel and Clifton Jr., Charles},
  pages         = {271--308},
  publisher     = {Psychology Press},
  title         = {Sentences in the brain: {E}vent-related potentials as real-time reflections of sentence comprehension and language learning},
  year          = {2004}
}

@Article{OsterhoutEtAl2006,
  author        = {Osterhout, Lee and Mclaughlin, Judy and Pitkänen, Ilona and Frenck-Mestre, Cheryl and Molinaro, Nicola},
  journal       = {Language Learning},
  pages         = {199--230},
  sortname      = {Osterhout, Lee and Mclaughlin, Judy and Pitkanen, Ilona and Frenck-Mestre, Cheryl and Molinaro, Nicola},
  title         = {Novice learners, longitudinal designs, and event-related potentials: {{A}} means for exploring the neurocognition of second language processing},
  volume        = {56},
  year          = {2006}
}

@Article{O’DowdRitter2006,
  author        = {O’Dowd, Robert and Ritter, Markus},
  journal       = {{CALICO} Journal},
  number        = {3},
  pages         = {623--642},
  sortname      = {O’Dowd, Robert and Ritter, Markus},
  title         = {Understanding and working with ‘failed communication’ in telecollaborative exchanges},
  volume        = {23},
  year          = {2006}
}

@Article{O’Rourke2005,
  author        = {O’Rourke, Breffni},
  journal       = {{CALICO} Journal},
  number        = {3},
  pages         = {433--466},
  sortname      = {O’Rourke, Breffni},
  title         = {Form-focused interaction in online tandem learning},
  volume        = {22},
  year          = {2005}
}

@Book{Packard2000,
  address       = {Cambridge},
  author        = {Packard, Jerome L.},
  publisher     = {Cambridge University Press},
  title         = {The morphology of {Chinese}: {A} linguistic and cognitive approach},
  year          = {2000}
}

@Article{PakulakNeville2010,
  author        = {Pakulak, Eric and Neville, Helen J.},
  journal       = {Journal of Cognitive Neuroscience},
  number        = {12},
  pages         = {2728--2744},
  title         = {Proficiency differences in syntactic processing of monolingual native speakers indexed by event-related potentials},
  volume        = {22},
  year          = {2010}
}

@Article{Pallotti2009,
  author        = {Pallotti, Gabriele},
  journal       = {Applied Linguistics},
  number        = {4},
  pages         = {590--601},
  title         = {{CAF}: {D}efining, refining and differentiating constructs},
  volume        = {30},
  year          = {2009}
}



@Article{Pallotti2017,
  author        = {Pallotti, Gabriele},
  journal       = {International Review of Applied Linguistics},
  number        = {4},
  pages         = {393--412},
  title         = {Applying the interlanguage approach to language teaching},
  volume        = {55},
  year          = {2017}
}

@Book{Paradis2009,
  address       = {Amsterdam},
  author        = {Paradis, Michel},
  publisher     = {John Benjamins},
  title         = {Declarative and procedural determinants of second languages},
  year          = {2009}
}

@Book{Passy1885,
  address       = {Paris},
  author        = {Passy, Paul},
  publisher     = {Charles Delagrave},
  title         = {L'Instruction primaire aux {Etats-Unis}: {R}apport présenté au {Ministère de l'Instruction} publique},
  year          = {1885}
}

@Article{Pekarek-Doehler2000,
  author        = {Pekarek Doehler, Simona},
  journal       = {Acquisition et interaction en langue étrangère},
  pages         = {1--18},
  title         = {Approches interactionnistes de l’acquisition des langues étrangères: {{C}}oncepts, recherches, perspectives},
  volume        = {12},
  year          = {2000}
}

@Book{Perdue1993,
  address       = {Cambridge},
  editor        = {Perdue, Clive},
  note          = {Volumes I and II},
  publisher     = {Cambridge University Press},
  title         = {Adult language acquisition: {C}ross-linguistic perspectives},
  year          = {1993}
}

@Article{PerdueEtAl2002,
  author        = {Perdue, Clive and Benazzo, Sandra and Giuliano, Patrizia},
  journal       = {Linguistics},
  number        = {4},
  pages         = {849--890},
  title         = {When finiteness gets marked: {{T}}he relation between morphosyntactic development and use of scopal items in adult language acquisition},
  volume        = {40},
  year          = {2002}
}

@InCollection{PhakitiEtAl2018,
  author        = {Phakiti, Aek and DeCosta, Peter and Plonsky, Luke and Starfield, Sue},
  address       = {New York, NY},
  booktitle     = {The Palgrave handbook of applied linguistics research methodology},
  editor        = {Phakiti, Aek and De Costa, Peter and Plonsky, Luke and Starfield, Sue},
  publisher     = {Palgrave},
  pages         = {5--29},
  title         = {Applied linguistics research: {{C}}urrent issues, methods and trends},
  year          = {2018}
}

@Article{Picallo2008,
  author        = {Picallo, M. Carme},
  journal       = {Lingue e linguaggio},
  number        = {1},
  pages         = {47--66},
  title         = {Gender and number in {Romance}},
  volume        = {7},
  year          = {2008}
}

@InCollection{PietroEtAl1989,
  address       = {Strasbourg},
  author        = {de Pietro, Jean-François and Matthey, Marinette and Py, Bernard},
  booktitle     = {Actes du troisième colloque régional de linguistique},
  editor        = {Weil, Dominique and Fugier, Huguette},
  publisher     = {Université des Sciences Humaines et Université Louis Pasteur},
  pages         = {99--124},
  sortname      = {de Pietro, Jean-Francois and Matthey, Marinette and Py, Bernard},
  title         = {Acquisition et contrat didactique : {{L}}es séquences potentiellement acquisitionnelles dans la conversation exolingue},
  year          = {1989}
}

@Book{PiskeYoung-Scholten2009,
  address       = {Bristol},
  editor        = {Piske, Thorsten and Young-Scholten, Martha},
  publisher     = {Multilingual Matters},
  title         = {Input matters in {SLA}},
  year          = {2009}
}

@Book{Plonsky2015,
  address       = {New York, NY},
  editor        = {Plonsky, Luke},
  publisher     = {Routledge},
  title         = {Advancing quantitative methods in second language acquisition},
  year          = {2015}
}


@Book{PorteMcManus2018,
  address       = {New York, NY},
  author        = {Porte, Graeme and McManus, Kevin},
  publisher     = {Routledge},
  title         = {Doing replication research in applied linguistics},
  year          = {2018}
}

@Article{Poulisse1997,
  author        = {Poulisse, Nanda},
  journal       = {The Modern Language Journal},
  number        = {3},
  pages         = {324--328},
  title         = {Some words in defence of the psycholinguistic approach: {{A}} response to {Firth and Wagner}},
  volume        = {81},
  year          = {1997}
}

@Article{Prévost2007French,%2007a
  author        = {Prévost, Philippe},
  journal       = {French Language Studies},
  pages         = {49--80},
  sortname      = {Prevost, Philippe},
  title         = {L'influence du paradigme verbal de la langue maternelle sur la variabilité morphologique en acquisition du français {L2} par des apprenants adultes},
  volume        = {17},
  year          = {2007}
}

@InCollection{Prévost2007English,%2007b
  address       = {Mahwah, NJ},
  author        = {Prévost, Philippe},
  editor          = {Liceras, Juana M. and Zobl, Helmut and Goodluck, Helen},
  pages         = {353--377},
  publisher     = {Lawrence Erlbaum},
  sortname      = {Prevost, Philippe},
  title         = {Knowledge of morphology and syntax in early adult {L2} French: {E}vidence for the missing surface inflection hypothesis},
  booktitle		= {The role of formal features in second language acquisition},
  year          = {2007}
}

@Article{PrévostWhite2000,
  author        = {Prévost, Philippe and White, Lydia},
  journal       = {Second Language Research},
  number        = {2},
  pages         = {103--133},
  sortname      = {Prevost, Philippe and White, Lydia},
  title         = {Missing surface inflection or impairment in second language? {E}vidence from tense and agreement},
  volume        = {16},
  year          = {2000}
}

@Article{QiEtAl2017,
  author        = {Qi, Zhenghan and Beach, Sara D. and Finn, Amy S. and Minas, Jennifer and Goetz, Calvin and Chan, Brian and Gabrieli, John D. E.},
  journal       = {Neuropsychologia},
  pages         = {177--191},
  title         = {Native-language {N400} and {P600} predict dissociable language-learning abilities in adults},
  volume        = {98},
  year          = {2017}
}

@PhDThesis{Ragnhildstveit2017,
  address       = {Bergen},
  author        = {Ragnhildstveit, Silje},
  school        = {University of Bergen},
  title         = {Genus og transfer når norsk er andrespråk: {T}re korpusbaserte studier},
  year          = {2017}
}

@Book{Rast2008,
  address       = {Clevedon},
  author        = {Rast, Rebekah},
  publisher     = {Multilingual Matters},
  title         = {Foreign language input: {I}nitial processing},
  year          = {2008}
}

@Book{Rast2017,
  address       = {Grenoble},
  author        = {Rast, Rebekah},
  publisher        = {Université Grenoble Alpes},
  title         = {L’apprentissage et l’enseignement d’une langue étrangère: de l’exposition initiale aux premières productions [{F}oreign language learning and teaching: {F}rom first exposure to first productions]},
  note          = {Habilitation à diriger des recherches},
  year          = {2017}
}

@Misc{RastEtAl2017,
  author        = {Rast, Rebekah and Dimroth, Christine and Starren, Marianne and Watorek, Marzena},
  note          = {Presented at the panel “{Consolidating} and sustaining a principled replication effort in {SLA} research” during the {European Second Language Association Conference 25}, {Reading}, {UK}, 31 {August} 2017},
  title         = {Replicating input-based studies, contextual factors, and ecological validity},
  year          = {2017}
}

@InCollection{RastEtAl2014,
  address       = {Cambridge},
  author        = {Rast, Rebekah and Watorek, Marzena and Hilton, Heather E. and Shoemaker, Ellenor},
  booktitle     = {First exposure to a second language: {L}earners’ initial input processing},
  editor        = {Han, Zhao-Hong and Rast, Rebekah},
  publisher     = {Cambridge University Press},
  pages         = {64--106},
  title         = {Initial processing and use of inflectional markers: {E}vidence from {French} adult learners of {Polish}},
  year          = {2014}
}

@Article{Reber1967,
  author        = {Reber, Arthur. S.},
  journal       = {Journal of Verbal Learning and Verbal Behavior},
  pages         = {317--327},
  title         = {Implicit learning of artificial grammars},
  volume        = {77},
  year          = {1967}
}

@InCollection{Revesz2012,
  address       = {Chichester},
  author        = {Revesz, Andrea},
  booktitle     = {Research methods in {Second Language Acquisition}: {A} practical guide},
  editor        = {Mackey, Alison and Gass, Susan M.},
  pages         = {203--221},
  publisher     = {Blackwell Publishing},
  title         = {Coding second language data validly and reliably},
  year          = {2012}
}

@Article{Robison1995,
  author        = {Robison, Richard E.},
  journal       = {Applied Linguistics},
  pages         = {344--370},
  title         = {The aspect hypothesis revisited: {{A}} cross-sectional study of tense and aspect marking in interlanguage},
  volume        = {16},
  year          = {1995}
}

@Article{RodinaWestergaard2013,
  author        = {Rodina, Yulia and Westergaard, Marit},
  journal       = {Studia Linguistica},
  number        = {1},
  pages         = {47--67},
  title         = {The acquisition of gender and declension class in a nontransparent system: {{M}}onolinguals and bilinguals},
  volume        = {67},
  year          = {2013}
}

@Article{RodinaWestergaard2015Germanic,
  author        = {Rodina, Yulia and Westergaard, Marit},
  journal       = {Journal of Germanic Linguistics},
  number        = {2},
  pages         = {145–187},
  title         = {Grammatical gender in {Norwegian}: {L}anguage acquisition and language change},
  volume        = {27},
  year          = {2015}
}

@Article{RodinaWestergaard2015Bilingualism,
  author        = {Rodina, Yulia and Westergaard, Marit},
  number        = {1},
  pages         = {197--214}, 
  publisher     = {Bilingualism: Language and Cognition},
  title         = {Grammatical gender in bilingual {Norwegian}-{Russian} acquisition: {{T}}he role of input and transparency},
  volume        = {20},
  year          = {2015}
}

@InCollection{Roehr-Brackin2015,
  address       = {Amsterdam},
  author        = {Roehr-Brackin, Karen},
  booktitle     = {Implicit and explicit learning of languages},
  editor        = {Rebuschat, Patrick},
  publisher     = {John Benjamins},
  pages         = {117--138},
  title         = {Explicit knowledge about language in {L2} learning: {{A}} usage-based perspective},
  year          = {2015}
}

@Article{Rohde1996,
  author        = {Rohde, Andrea},
  journal       = {Linguistics},
  pages         = {1115--1137},
  title         = {The aspect hypothesis and the emergence of tense distinction in naturalistic {L2} acquisition},
  volume        = {34},
  year          = {1996}
}

@InCollection{RoseEtAl2006,
  address       = {Somerville, MA},
  author        = {Rose, Yvan and MacWhinney, Brian and Byrne, Rodrigue and Hedlund, Gregory and Maddocks, Keith and O’Brien, Philip and Wareham, Todd},
  booktitle     = {Proceedings of the {30th Annual Boston University Conference on Language Development}},
  editor        = {Bamman, David and Magnitskaia, Tatiana and Zaller, Colleen},
  publisher     = {Cascadilla Press},
  pages         = {489--500},
  sortname      = {Rose, Yvan and MacWhinney, Brian and Byrne, Rodrigue and Hedlund, Gregory and Maddocks, Keith and O’Brien, Philip and Wareham, Todd},
  title         = {Introducing {Phon}: {A} software solution for the study of phonological acquisition},
  year          = {2006}
}

@Article{RossiEtAl2006,
  author        = {Rossi, Sonja and Gugler, Manfred F. and Friederici, Angela D. and Hahne, Anja},
  journal       = {Journal of Cognitive Neuroscience},
  number        = {12},
  pages         = {2030--2048},
  title         = {The impact of proficiency on syntactic second-language processing of {German} and {Italian}: {{{E}}}vidence from event-related potentials},
  volume        = {18},
  year          = {2006}
}

@Article{Rott1999,
  author        = {Rott, Susanne},
  journal       = {Studies in Second Language Acquisition},
  pages         = {589--619},
  title         = {The effect of exposure frequency on intermediate language learners' incidental vocabulary acquisition and retention through reading},
  volume        = {21},
  year          = {1999}
}

@Book{Rouveret2016,
  address       = {Lyon},
  author        = {Rouveret, Alain},
  publisher     = {ENS Éditions},
  title         = {Arguments minimalistes: une présentation du {Programme Minimaliste} de {Noam Chomsky}},
  year          = {2016}
}

@Book{Ryding2005,
  address       = {Cambridge},
  author        = {Ryding, Karin C.},
  publisher     = {Cambridge University Press},
  title         = {A reference grammar of {Modern Standard Arabic}},
  year          = {2005}
}

@Article{Røyneland2009,
  author        = {Røyneland, Unn},
  journal       = {International Journal of the Sociology of Language},
  pages         = {7--30},
  sortname      = {Royneland, Unn},
  title         = {Dialects in {Norway}: {C}atching up with the rest of {Europe}?},
  volume        = {196/197},
  year          = {2009}
}

@Article{SacksEtAl1974,
  author        = {Sacks, Harvey and Schegloff, Emanuel and Jefferson, Gail},
  journal       = {Language},
  number        = {4},
  pages         = {696--735},
  title         = {A simplest systematics for the organization of turn-taking for conversation},
  volume        = {50},
  year          = {1974}
}

@InCollection{SaitoInPress,
  address       = {Cambridge},
  author        = {Saito, Kazuya},
  booktitle     = {The {Cambridge} handbook of corrective feedback in language learning and teaching},
  editor        = {Nassaji, Hossein and Kartchava, Eva},
  publisher		= {Cambridge University Press},
  title         = {Corrective feedback and the development of {L2} pronunciation},
  year          = {in press}
}

@Article{SaitoLyster2012,
  author        = {Saito, Kazuya and Lyster, Roy},
  journal       = {{TESOL} Quarterly},
  number        = {2},
  pages         = {387--398},
  title         = {Investigating the pedagogical potential of recasts for {L2} vowel acquisition},
  volume        = {46},
  year          = {2012}
}

@Article{Sandøy2009,
  author        = {Sandøy, Helge},
  journal       = {Norsk Lingvistisk Tidsskrift},
  number        = {1},
  pages         = {27--47},
  sortname      = {Sandoy, Helge},
  title         = {Standartalemål? {J}a, men…!},
  volume        = {27},
  year          = {2009}
}

@InCollection{Sandøy2011,
  address       = {Oslo},
  author        = {Sandøy, Helge},
  booktitle     = {Standard languages and language standards in a changing {Europe}},
  editor        = {Coupland, Nikolas and Kristiansen, Tore},
  pages         = {119--126},
  publisher     = {Novus},
  sortname      = {Sandoy, Helge},
  title         = {Language culture in {Norway}: {A} tradition of questioning standard language norms},
  volume        = {27},
  year          = {2009}
}

@Book{Saniei2011,
  address       = {Singapore},
  author        = {Saniei, Andisheh},
  publisher     = {IACSIT Press},
  title         = {Who is an ideal native speaker?! {2011 International Conference on Languages, Literature and Linguistics {IPEDR}}},
  volume        = {26},
  year          = {2011}
}

@Article{SassenhagenEtAl2014,
  author        = {Sassenhagen, Jona and Schlesewsky, Matthias and Bornkessel-Schlesewsky, Ina},
  journal       = {Brain and Language},
  pages         = {29--39},
  title         = {The {P600-as-P3} hypothesis revisited: {{S}}ingle-trial analyses reveal that the late {EEG} positivity following linguistically deviant material is reaction time aligned},
  volume        = {137},
  year          = {2014}
}

@InCollection{Sato2017,
  address       = {New York/London},
  author        = {Sato, Masatoshi},
  booktitle     = {Corrective feedback in second language teaching and learning: {R}esearch, theory, applications, implications},
  editor        = {Nassaji, Hossein and Kartchava, Eva},
  publisher     = {Routledge},
  pages         = {19--34},
  title         = {Oral peer corrective feedback},
  year          = {2017}
}

@InCollection{SatoInPress,
  address       = {Clevedon},
  author        = {Sato, Masatoshi},
  booktitle     = {Using tasks in diverse contexts},
  editor        = {Lambert, Craig and Oliver, Rhonda},
  publisher		= {Multilingual Matters},
  title         = {Metacognitive instruction for collaborative interaction: {T}he process and product of self-regulated learning in the {Chilean EFL} context},
  year          = {in press}
}

@Article{SatoLoewen2018,
  author        = {Sato, Masatoshi and Loewen, Shawn},
  journal       = {Language Learning},
  number        = {2},
  pages         = {507--545},
  title         = {Metacognitive instruction enhances the effectiveness of corrective feedback: {{V}}ariable effects of feedback types and linguistic targets},
  volume        = {68},
  year          = {2018}
}

@InCollection{SatoLoewen2019,
  address       = {Amsterdam},
  author        = {Sato, Masatoshi and Loewen, Shawn},
  booktitle     = {Doing {SLA} research with implications for the classroom: Reconciling methodological demands and pedagogical applicability},
  editor        = {DeKeyser, Robert M. and Prieto Botana, Goretti},
  publisher     = {John Benjamins},
  pages         = {31--54},
  title         = {Methodological strengths, challenges, and joys of classroom-based quasi-experimental research: {{M}}etacognitive instruction and corrective feedback},
  year          = {2019}
}

@Article{SatoLyster2012,
  author        = {Sato, Masatoshi and Lyster, Roy},
  journal       = {Studies in Second Language Acquisition},
  number        = {4},
  pages         = {591--626},
  title         = {Peer interaction and corrective feedback for accuracy and fluency development: {{M}}onitoring, practice, and proceduralization},
  volume        = {34},
  year          = {2012}
}

@InCollection{Saturno2015,
  address       = {Milano},
  author        = {Saturno, Jacopo},
  booktitle     = {Il parlato in (italiano) {L2}: {A}spetti pragmatici e prosodici. [{I}talian {L2} spoken discourse: {P}ragmatic and prosodic aspects]},
  editor        = {Chini, Marina},
  publisher     = {FrancoAngeli},
  pages         = {117--138},
  title         = {La trascrizione di varietà di apprendimento iniziali},
  year          = {2015}
}

@PhDThesis{Saturno2017,
  address       = {Bergamo / Paris},
  author        = {Saturno, Jacopo},
  school        = {Università degli studi di Bergamo \& University of Paris 8},
  title         = {Inflectional morphology and utterance structure in initial varieties of {Polish} {L2}},
  year          = {2017}
}

@InCollection{Schegloff1982,
  address       = {Washington, DC},
  author        = {Schegloff, Emanuel},
  booktitle     = {Analyzing discourse: {T}ext and talk},
  editor        = {Tannen, Deborah},
  note 			= {{Georgetown University Round Table on Languages and Linguistics 1981}},
  pages         = {229--249},
  publisher     = {Georgetown University Press},
  title         = {Discourse as an interactional achievement: {S}ome uses of ‘uh uh’ and other things that come between sentences},
  year          = {1982}
}

@Article{Schegloff2000,
  author        = {Schegloff, Emanuel},
  journal       = {Applied Linguistics},
  number        = {2},
  pages         = {205--43},
  title         = {When ‘others’ initiate repair},
  volume        = {21},
  year          = {2000}
}

@Article{SchegloffEtAl1977,
  author        = {Schegloff, Emanuel and Jefferson, Gail and Sacks, Harvey},
  journal       = {Language},
  number        = {2},
  pages         = {361--382},
  title         = {The preference for self-correction in the organization of repair in conversation},
  volume        = {53},
  year          = {1977}
}

@InCollection{ScheuerHorgues2020,
  address       = {New York, NY},
  author        = {Scheuer, Sylwia and Horgues, Céline},
  booktitle     = {Redefining tandem language and culture learning in higher education},
  editor        = {Tardieu, Claire and Horgues, Céline},
  publisher     = {Routledge},
  pages         = {147--160},
  sortname      = {Scheuer, Sylwia and Horgues, Celine},
  title         = {Corrective feedback in {English}/{French} spoken tandem interactions},
  year          = {2020}
}

@PhDThesis{Schmidt2011,
  address       = {Bloomington},
  author        = {Schmidt, Lauren B.},
  school        = {Indiana University},
  title         = {Acquisition of dialectal variation in a second language: {L2} perception of aspiration of {Spanish} /s/},
  year          = {2011}
}

@InCollection{SchmidtWörner2014,
  address       = {Oxford},
  author        = {Schmidt, Thomas and Wörner, Kai},
  booktitle     = {The {Oxford} handbook on corpus phonology},
  editor        = {Durand, Jacques and Gut, Ulrike and Kristoffersen, Gjert},
  url 	         = {http://www.exmaralda.org/},
  publisher     = {Oxford University Press},
  pages         = {402--419},
  title         = {{EXMAR}a{LDA}},
  year          = {2014}
}

@Article{SchneiderEtAl2016,
  author        = {Schneider, Julie M. and Abel, Alyson D. and Ogiela, Diane A. and Middleton, Anna E. and Maguire, Mandy J.},
  journal       = {Developmental Cognitive Neuroscience},
  pages         = {19--30},
  title         = {Developmental differences in beta and theta power during sentence processing},
  volume        = {19},
  year          = {2016}
}

@Article{SchwartzSprouse1996,
  author        = {Schwartz, Bonnie D. and Sprouse, Rex A.},
  journal		= {Second Language Research},
  number		= {1},
  pages			= {40--72},
  title         = {L2 cognitive states and the full transfer/full access model},
  volume		= {12},
  year          = {1996}
}

@Book{Seedhouse2004,
  address       = {Oxford},
  author        = {Seedhouse, Paul},
  publisher     = {Blackwell},
  title         = {The interactional architecture of the language classroom: {A} conversation analysis perspective},
  year          = {2004}
}

@Article{Seedhouse2005,
  author        = {Seedhouse, Paul},
  journal       = {Language Teaching},
  number        = {4},
  pages         = {165--187},
  title         = {Conversation Analysis and language learning},
  volume        = {38},
  year          = {2005}
}

@Article{Seedhouse2010,
  author        = {Seedhouse, Paul},
  journal       = {Classroom Discourse},
  number        = {1},
  pages         = {4--24},
  title         = {Locusts, snowflakes and recasts: {C}omplexity theory and spoken interaction},
  volume        = {1},
  year          = {2010}
}

@InCollection{Seedhouse2015,
  address       = {Malden, MA},
  author        = {Seedhouse, Paul},
  booktitle     = {The handbook of classroom discourse and interaction},
  editor        = {Markee, Numa},
  pages			= {373--389},
  publisher     = {Wiley-Blackwell},
  title         = {{L2} classroom interaction as a complex adaptive system},
  year          = {2015}
}

@Book{Segalowitz2010,
  address       = {New York, NY},
  author		= {Segalowitz, Norman},
  publisher		= {Routledge},
  title         = {Cognitive bases of second language fluency},
  year          = {2010}
}

@Book{SeligerLong1983,
  address       = {Rowley, MA},
  editor        = {Seliger, Herbert and Long, Michael},
  publisher     = {Newbury House},
  title         = {Classroom oriented research in {Second Language Acquisition}},
  year          = {1983}
}

@Article{Selinker1972,
  author        = {Selinker, Larry},
  journal       = {International Review of Applied Linguistics},
  pages         = {209--231},
  title         = {Interlanguage},
  volume        = {10},
  year          = {1972}
}

@Article{Sheen2006,
  author        = {Sheen, Younghee},
  journal       = {Language Teaching Research},
  number        = {4},
  pages         = {361--392},
  title         = {Exploring the relationship between characteristics of recasts and learner uptake},
  volume        = {10},
  year          = {2006}
}

@InCollection{SheenEllis2011,
  address       = {New York/London},
  author        = {Sheen, Younghee and Ellis, Rod},
  booktitle     = {The handbook of research in second language teaching and learning},
  editor        = {Hinkel, Eli},
  publisher     = {Routledge},
  pages         = {593--610},
  title         = {Corrective feedback in language teaching},
  year          = {2011}
}

@Book{Shibatani1990,
  address       = {Cambridge},
  author        = {Shibatani, Masayoshi},
  publisher     = {Cambridge University Press},
  title         = {The languages of {Japan}},
  year          = {1990}
}

@Book{SinclairCoulthard1975,
  address       = {Oxford},
  author        = {Sinclair, John and Coulthard, Malcolm},
  publisher     = {Oxford University Press},
  title         = {Towards an analysis of discourse},
  year          = {1975}
}

@Article{SippelJackson2015,
  author        = {Sippel, Lieselotte and Jackson, Carrie N.},
  journal       = {Foreign Language Annals},
  number        = {4},
  pages         = {688--705},
  title         = {Teacher vs. peer oral corrective feedback in the German language classroom},
  volume        = {48},
  year          = {2015}
}

@Book{Slabakova2016,
  address       = {Oxford},
  author        = {Slabakova, Roumyana},
  publisher     = {Oxford University Press},
  title         = {Second language acquisition},
  year          = {2016}
}

@InCollection{Slobin1985,
  address       = {Hillsdale, NJ},
  author        = {Slobin, Dan I.},
  booktitle     = {The crosslinguistic study of language acquisition: {{T}}he data},
  editor        = {Slobin, Dan I.},
  publisher     = {Lawrence Erlbaum Associates},
  pages         = {3--24},
  title         = {Introduction},
  volume        = {1},
  year          = {1985}
}

@Article{SmithMcKenna2013,
  author        = {Smith, Thomas J. and McKenna, Cornelius M.},
  journal       = {Multiple Linear Regression Viewpoints},
  number        = {2},
  pages         = {17--26},
  title         = {A comparison of logistic regression pseudo {{{R}}\textsuperscript{2}} indices},
  volume        = {39},
  year          = {2013}
}

@Article{SmithNelson1985,
  author        = {Smith, Larry E. and Nelson, Cecil L.},
  journal       = {World Englishes},
  number        = {3},
  pages         = {333--342},
  title         = {International intelligibility of {English}: {{D}}irections and resources},
  volume        = {4},
  year          = {1985}
}

@Article{Sollid2014,
  author        = {Sollid, Hilde},
  journal       = {Ottar – Populærvitenskapelig tidsskrift fra Tromsø museum – Universitetsmuseet},
  pages         = {41--47},
  title         = {Kvensk påvirkning på norsk i Nord-Troms},
  volume        = {5-2014},
  year          = {2014}
}

@Book{Starren2001,
  address       = {Utrecht},
  author        = {Starren, Marianne},
  publisher     = {LOT},
  title         = {The second time: {T}he acquisition of temporality in {Dutch} and {French} as a second language},
  year          = {2001}
}

@Article{Steinhauer2014,
  author        = {Steinhauer, Karsten},
  journal       = {Applied Linguistics},
  number        = {4},
  pages         = {393–417},
  title         = {Event-related potentials ({ERP}s) in second language research: {{A}} brief introduction to the technique, a selected review, and an invitation to reconsider critical periods in {L}2},
  volume        = {35},
  year          = {2014}
}

@Article{SteinhauerEtAl2009,
  author        = {Steinhauer, Karsten and White, Erin J. and Drury, John E.},
  journal       = {Second Language Research},
  number        = {1},
  pages         = {13--41},
  title         = {Temporal dynamics of late second language acquisition: {{{E}}}vidence from event-related brain potentials},
  volume        = {25},
  year          = {2009}
}

@PhDThesis{Stjernholm2013,
  address       = {Oslo},
  author        = {Stjernholm, Karine},
  school        = {University of Oslo},
  title         = {Stedet velger ikke lenger deg, du velger et sted: {T}re artikler om språk i {Oslo}},
  year          = {2013}
}

@Article{StjernholmSøfteland2019,
  author        = {Stjernholm, Karine and Søfteland, Åshild},
  journal       = {Ideologi, struktur og praksis. {Målbryting}},
  pages         = {101--131},
  sortname      = {Stjernholm, Karine and Softeland, Ashild},
  title         = {Talemål i Sør-Østfold},
  volume        = {10},
  year          = {2019}
}

@Article{Storch1998,
  author        = {Storch,Neomy},
  journal       = {{ELT} Journal},
  number        = {4},
  pages         = {119--158},
  title         = {A classroom-based study: {{I}}nsights from a collaborative text reconstruction task},
  volume        = {52},
  year          = {1998}
}

@Article{Storch2002,
  author        = {Storch, Neomy},
  journal       = {Language Learning},
  number        = {1},
  pages         = {291--300},
  title         = {Patterns of interaction in {ESL} pair work},
  volume        = {52},
  year          = {2002}
}

@Article{StorchAldosari2012,
  author        = {Storch, Neomy and Aldosari, Ali},
  journal       = {Language Teaching Research},
  number        = {1},
  pages         = {31--48},
  title         = {Pairing learners in pair work activity},
  volume        = {17},
  year          = {2012}
}

@Article{Sun2008,
  author        = {Sun, Yayun A.},
  journal       = {Working Papers in {TESOL} \& Applied Linguistics},
  number        = {1},
  title     = {Input processing in second language acquisition: {A} discussion of four input processing models},
  volume        = {8},
  year          = {2008}
}

@Article{SvendsenRøyneland2008,
  author        = {Svendsen, Bente A. and Røyneland, Unn},
  journal       = {International Journal of Bilingualism},
  pages         = {63--83},
  sortname      = {Svendsen, Bente A. and Royneland, Unn},
  title         = {Multiethnolectal facts and functions in {Oslo}, {Norway}},
  volume        = {12},
  year          = {2008}
}

@Article{SwainLapkin1995,
  author        = {Swain, Merrill and Lapkin, Sharon},
  journal       = {Applied Linguistics},
  number        = {3},
  pages         = {371--391},
  title         = {Problems in output and the cognitive processes they generate: {{A}} step towards second language learning},
  volume        = {16},
  year          = {1995}
}

@Article{SwainLapkin1998,
  author        = {Swain, Merrill and Lapkin, Sharon},
  journal       = {Modern Language Journal},
  number        = {3},
  pages         = {320--337},
  title         = {Interaction and second language learning: {{T}}wo adolescent {French} immersion students working together},
  volume        = {82},
  year          = {1998}
}

@Article{Søfteland2018,
  author        = {Søfteland, Åshild},
  journal       = {{Nordiques}},
  pages         = {95--115},
  sortname      = {Softeland, Ashild},
  title         = {Nordisk dialektkorpus: {I}ntroduction aux recherches sur les parlers dans le {Norden}},
  volume        = {35},
  year          = {2018}
}

@Article{Tanner2019,
  author        = {Tanner, Darren},
  journal       = {Cortex},
  pages         = {210–237},
  title         = {Robust neurocognitive individual differences in grammatical agreement processing: {{A}} latent variable approach},
  volume        = {111},
  year          = {2019}
}

@Article{TannerEtAl2013,
  author        = {Tanner, Darren and Mclaughlin, Judith and Herschensohn, Julia and Osterhout, Lee},
  journal       = {Bilingualism: Language and Cognition},
  number        = {2},
  pages         = {367--382},
  title         = {Individual differences reveal stages of {L2} grammatical acquisition: {ERP} evidence},
  volume        = {16},
  year          = {2013}
}

@Article{TannerHell2014,
  author        = {Tanner, Darren and van Hell, Janet G.},
  journal       = {Neuropsychologia},
  number        = {1},
  pages         = {289--301},
  title         = {{ERP}s reveal individual differences in morphosyntactic processing},
  volume        = {56},
  year          = {2014}
}



@Misc{TannerEtAl2012,
  author        = {Tanner, Darren and Inoue, Kayo and Osterhout, Lee},
  note          = {Manuscript},
  school        = {Pennsylvania State University},
  title         = {Brain-based individual differences in on-line {L2} sentence comprehension},
  year          = {2012}
}


@article{TannerEtAl2014,
	author = {Tanner, Darren and Inoue, Kayo and Osterhout, Lee},
	journal = {Bilingualism: Language and Cognition},
	number = {2},
	pages = {277–293},
	title = {Brain-based individual differences in online {L2} grammatical comprehension},
	volume = {17},
	year = {2014}
}

@InCollection{TannerEtAl2009,
  address       = {Boston, MA},
  author        = {Tanner, Darren and Osterhout, Lee and Herschensohn, Julia},
  booktitle     = {{BUCLD 33: Proceedings of the 33rd Annual
Boston University Conference on Language Development}},
  editor        = {Chandlee, Jane and Franchini, Michelle and Lord, Sandy and Rheiner, Gudrun-Marion},
  pages         = {528--539},
  publisher     = {Cascadilla Press},
  title         = {Snapshots of grammaticalization: {D}ifferential electrophysiological responses to grammatical anomalies with increasing {L2} exposure},
  year          = {2009}
}

@Misc{RCoreTeam2018,
  address       = {Vienna},
  author        = {{R Core Team}},
  publisher     = {R Foundation for Statistical Computing},
  title         = {R: {A} language and environment for statistical computing},
  url           = {https://www.R-project.org/},
  year          = {2018},
  options       = {indexing=false}
}

@Misc{RCoreTeam2019,
  address       = {Vienna},
  author        = {{R Core Team}},
  publisher     = {R Foundation for Statistical Computing},
  title         = {R: {A} language and environment for statistical computing. ({V}ersion 3.6.1.)},
  year          = {2019}
}

@Article{TeschnerRussell1984,
  author        = {Teschner, Richard, V. and Russell, William. M.},
  journal       = {Hispanic Linguistics},
  pages         = {115--132},
  title         = {The gender patterns of {Spanish} nouns: {{A}}n inverse dictionary-based analysis},
  volume        = {1},
  year          = {1984}
}

@article{TheDouglasFirGroup2016,
	author = {{The Douglas Fir Group}},
	sortname = {{Douglas Fir Group}},
	journal = {The Modern Language Journal},
	volume = {100},
	pages = {19-47},
	title = {A transdisciplinary framework for {SLA} in a multilingual world},
	year = {2016}
}


@Book{Tognini-Bonelli2001,
  address       = {Amsterdam},
  author        = {Tognini-Bonelli, Elena},
  publisher     = {John Benjamins},
  title         = {Corpus linguistics at work},
  year          = {2001}
}

@Article{TokowiczMacWhinney2005,
  author        = {Tokowicz, Natasha and MacWhinney, Brian},
  journal       = {Studies in Second Language Acquisition},
  number        = {2},
  pages         = {173--204},
  title         = {Implicit and explicit measures of sensitivity to violations in second language grammar: {{A}}n event-related potential investigation},
  volume        = {27},
  year          = {2005}
}

@Article{TokowiczEtAl2004,
  author        = {Tokowicz, Natasha and Michael, Erica B. and Kroll, Judith F.},
  journal       = {Bilingualism: Language and Cognition},
  number        = {3},
  pages         = {255–272},
  title         = {The roles of study-abroad experience and working-memory capacity in the types of errors made during translation},
  volume        = {7},
  year          = {2004}
}

@Book{Tomasello2003,
  address       = {Cambridge, MA},
  author        = {Tomasello, Michael},
  publisher     = {Harvard University Press},
  title         = {Constructing a language: {A} usage-based theory of language acquisition},
  year          = {2003}
}

@Article{Trenkic2007,
  author        = {Trenkic, Danijela},
  journal       = {Second Language Research},
  number        = {3},
  pages         = {289--327},
  title         = {Variability in second language article production: {{B}}eyond the representational deficit vs. processing constraints debate},
  volume        = {23},
  year          = {2007}
}

@InCollection{Trenkic2009,
  address       = {Amsterdam},
  author        = {Trenkic, Danijela},
  booktitle     = {Second language acquisition of articles: {E}mpirical findings and theoretical implications},
  editor        = {García Mayo, María del P. and Hawkins, Roger},
  publisher     = {John Benjamins},
  pages         = {115--143},
  title         = {Accounting for patterns of article omissions and substitutions in second language production},
  year          = {2009}
}

@Book{Trudgill2002,
  address       = {Edinburgh},
  author        = {Trudgill, Peter},
  publisher     = {Edinburgh University Press},
  title         = {Sociolinguistic variation and change},
  year          = {2002}
}

@InCollection{Trudgill2005,
  address       = {Frankfurt am Main},
  author        = {Trudgill, Peter},
  booktitle     = {English pronunciation models: {A} changing scene},
  editor        = {Dziubalska-Kołaczyk, Katarzyna and Przedlacka, Joanna},
  pages         = {77--98},
  publisher     = {Peter Lang},
  title         = {Native-speaker segmental phonological models and the {English Lingua Franca Core}},
  year          = {2005}
}

@Book{UllmannGeva1982,
  address       = {Toronto},
  author        = {Ullmann, Rebecca and Geva, Esther},
  publisher     = {Ontario Institute for Studies in Education},
  title         = {The target language observation scheme ({TALOS}): {York} {R}egion {B}oard of {E}ducation, {C}ore {French} {E}valuation {P}roject},
  year          = {1982}
}

@InCollection{UllmannGeva1984,
  address       = {Oxford},
  author        = {Ullmann, Rebecca and Geva, Esther},
  booktitle     = {Language issues and education policies: {E}xploring {Canada}'s multilingual resources},
  editor        = {Allen, Patrick and Swain, Merrill},
  pages         = {113--128},
  publisher     = {Pergamon},
  series        = {{ELT} Documents 119},
  title         = {Approaches to observation in second language classes},
  year          = {1984}
}

@Article{VainikkaYoung-Scholten1996,
  author        = {Vainikka, Anne and Young-Scholten, Martha},
  journal		= {Second Language Research},
  number		= {1},
  pages			= {7--39},
  title         = {Gradual development of {L2} phrase structure},
  volume		= {12},
  year          = {1996}
}

@InCollection{VainikkaYoung-Scholten1998Acquisition,%1998a
  address		= {Mahwah, NJ},
  author        = {Vainikka, Anne and Young-Scholten, Martha},
  booktitle		= {The generative study of second language acquisition},
  editor		= {Flynn, Suzanne and Martohardjono, Gita and O'Neil, Wayne},
  pages			= {17--34},
  publisher		= {Laurence Erlbaum},
  title         = {The initial state in the {L2} acquisition of phrase structure},
  year          = {1998}
}

@InCollection{VainikkaYoung-Scholten1998Triggers,%1998b
  address		= {Amsterdam},
  author        = {Vainikka, Anne and Young-Scholten, Martha},
  booktitle		= {Morphology and its interfaces in second language knowledge},
  editor		= {Beck, Maria-Luise},
  pages			= {89--114},
  publisher		= {John Benjamins},
  title         = {Morphosyntactic triggers in adult {SLA}},
  year          = {1998}
}

@InCollection{VangsnesWestergaard2014,
  address       = {Oslo},
  author        = {Vangsnes, Øystein A. and Westergaard, Marit},
  booktitle     = {Språk i Norge og nabolanda: Ny forsking om talespråk},
  editor        = {Johannessen, Janne B. and Hagen, Kristin},
  publisher     = {Novus},
  pages         = {133--151},
  sortname      = {Vangsnes, Oystein A. and Westergaard, Marit},
  title         = {Ka korpuse fortæll? {O}m ordstilling i hv-spørsmål i norske dialekter},
  year          = {2014}
}

@Article{VaronisGass1985,
  author        = {Varonis, Evangeline M. and Gass, Susan},
  journal       = {Language in Society},
  number        = {3},
  pages         = {327--343},
  title         = {Miscommunication in native/nonnative conversation},
  volume        = {14},
  year          = {1985}
}

@Article{Vasseur1989,
  author        = {Vasseur, Marie-Thérèse},
  journal		= {Langage et Sociéte},
  number		= {50--51},
  pages			= {67--85},
  sortname		= {Vasseur, Marie-Therese},
  title         = {Observables et réalité de l’acquisition d’une langue étrangère: Séquences de négociation et processus d’acquisition},
  year          = {1989}
}

@Article{Véronique1992,
  author        = {Véronique, Daniel},
  journal       = {{AILE}},
  pages         = {5–35},
  sortname      = {Veronique, Daniel},
  title         = {Recherches sur l'acquisition des langues secondes: {U}n état des lieux et quelques perspectives},
  volume        = {1},
  year          = {1992}
}

@Article{Véronique2004,
  author        = {Véronique, Daniel},
  journal       = {French Language Studies},
  pages         = {257--280},
  sortname      = {Veronique, Daniel},
  title         = {The development of referential activities and clause-combining as aspects of the acquisition of discourse in {French} as {L}2},
  volume        = {14},
  year          = {2004}
}

@PhDThesis{Wampler2017,
  address       = {Seattle, WA},
  author        = {Wampler, Emma K.},
  school        = {University of Washington},
  title         = {Individual differences in grammatical error processing},
  year          = {2017}
}

@Misc{WamplerEtAl2014,
  address       = {Amsterdam},
  author        = {Wampler, Emma K. and Mclaughlin, Judith and Osterhout, Lee},
  note          = {Poster presented at the {Sixth Annual Society for the Neurobiology of Language Conference} (SNL 2014)},
  title         = {How gender, handedness, and {L1} processing strategy influence {L2} grammatical processing},
  year          = {2014}
}

@Article{WareO’Dowd2008,
  author        = {Ware, Paige D. and O’Dowd, Robert},
  journal       = {Language Learning \& Technology},
  number        = {1},
  pages         = {43--63},
  sortname      = {Ware, Paige D. and O’Dowd, Robert},
  title         = {Peer feedback on language form in telecollaboration},
  volume        = {12},
  year          = {2008}
}

@Article{Watorek2004,
  author        = {Watorek, Marzena},
  journal       = {Acquisition et Interaction en Langue Etrangère},
  pages         = {129--171},
  title         = {Construction du discours par des apprenants de langues, enfants et adultes},
  volume        = {20},
  year          = {2004}
}

@Article{WatorekEtAl2016,
  author        = {Watorek, Marzena and Durand, Marie and Starosciak, Katarzyna},
  journal       = {Discours},
  title         = {L’impact de l’input et du type de tâche sur la production de la morphologie nominale en polonais par des apprenants francophones débutants},
  volume        = {18},
  year          = {2016}
}

@Article{Weber-FoxNeville1996,
  author        = {Weber-Fox, C. and Neville, Helen J.},
  journal       = {Journal of Cognitive Neuroscience},
  pages         = {231--256},
  title         = {Maturational constraints on functional specializations for language processing: {ERP} and behavioral evidence in bilingual speakers},
  volume        = {8},
  year          = {1996}
}

@Article{WeissEtAl2005,
  author        = {Weiss, Sabine and Mueller, Horst M. and Schack, Baerbel and King, Jonathan W. and Kutas, Martha and Rappelsberger, Peter},
  journal       = {International Journal of Psychophysiology},
  number        = {2},
  pages         = {129--141},
  title         = {Increased neuronal communication accompanying sentence comprehension},
  volume        = {57},
  year          = {2005}
}

@Article{Westergaard2008,
  author        = {Westergaard, Marit},
  journal       = {Lingua},
  number        = {12},
  pages         = {1841–1863},
  title         = {Acquisition and change: {O}n the robustness of the triggering experience for word order cues},
  volume        = {118},
  year          = {2008}
}

@Article{White2003,
  author        = {White, Lydia},
  journal       = {Bilingualism: Language and Cognition},
  pages         = {129–41},
  title         = {Fossilization in steady state {L2} grammars: {{P}}ersistent problems with inflectional morphology},
  volume        = {6},
  year          = {2003}
}

@Article{WhiteEtAl2012,
  author        = {White, Erin Jacquelyn and Genesee, Fred and Steinhauer, Karsten},
  journal          = {{PloS One}},
  number        = {12},
  issue         = {e52318},
  title         = {Brain responses before and after intensive second language learning: {P}roficiency based changes and first language background effects in adult learners},
  volume        = {7},
  year          = {2012}
}

@Article{Williams2005,
  author        = {Williams, John N.},
  journal       = {Studies in Second Language Acquisition},
  number        = {2},
  pages         = {269--304},
  title         = {Learning without awareness},
  volume        = {27},
  year          = {2005}
}

@Thesis{Willis1981,
  author        = {Willis, Jane},
  school		= {University of Birmingham},
  title         = {Spoken discourse in the {E.L.T.} classroom: {A} system of analysis and a description},
  type			= {{MA}},
  url			= {https://core.ac.uk/download/pdf/77102.pdf},
  year          = {1981}
}

@InCollection{WittenburgEtAl2006,
  author        = {Wittenburg, Peter and Brugman, Hennie and Russel, Albert and Klassmann, Alex and Sloetjes, Han},
  booktitle     = {Proceedings of the {Fifth International Conference on Language Resources and Evaluation} ({LREC} 2006)},
  pages         = {1556--1559},
  title         = {{ELAN}: {A} professional framework for multimodality research},
  url           = {http://hdl.handle.net/11858/00-001M-0000-0013-1E7E-4},
  year          = {2006}
}

@Article{Wragg1970,
  author        = {Wragg, Edward},
  journal       = {Modern Language Journal},
  number        = {2},
  pages         = {116--120},
  title         = {Interaction analysis in the foreign language classroom},
  volume        = {54},
  year          = {1970}
}

@Article{XueEtAl2013,
  author        = {Xue, Jin and Yang, Jie and Zhang, Jie and Qi, Zhenhai and Bai, Chen and Qiu, Yinchen},
  journal       = {Neuroscience Letters},
  pages         = {258--263},
  title         = {An {ERP} study on {Chinese} natives’ second language syntactic grammaticalization},
  volume        = {534},
  year          = {2013}
}

@InCollection{YoungMary2010,
  address       = {Brussels},
  author        = {Young, Andrea and Mary, Latisha},
  booktitle     = {Langue et intégration: {D}imensions institutionnelle, socio-professionnelle et universitaire},
  editor        = {Cadet, Lucile and Goes, Jan and Mangiante, Jean-Marc},
  publisher     = {Peter Lang},
  pages         = {349--354},
  sortname      = {Young, Andrea and Mary, Latisha},
  title         = {Une formation des professeurs des écoles en phase avec le 21\textsuperscript{e} siècle},
  year          = {2010}
}

@Article{ZawiszewskiEtAl2011,
  author        = {Zawiszewski, Adam and Gutiérrez, Eva and Fernández, Beatriz and Laka, Itziar},
  journal       = {Bilingualism: Language and Cognition},
  number        = {03},
  pages         = {400--411},
  sortname      = {Zawiszewski, Adam and Gutierrez, Eva and Fernandez, Beatriz and Laka, Itziar},
  title         = {Language distance and non-native syntactic processing: {E}vidence from event-related potentials},
  volume        = {14},
  year          = {2011}
}

@Article{Zhang2007,
  author        = {Zhang, Hong},
  journal       = {Journal of East Asian Linguistics},
  number        = {1},
  pages         = {43--59},
  title         = {Numeral classifiers in {Mandarin} {Chinese}},
  volume        = {16},
  year          = {2007}
}

@Article{ZhangKoda2014,
  author        = {Zhang, Dongbo and Koda, Keiko},
  journal       = {International Journal of Bilingual Education and Bilingualism},
  number        = {1},
  pages         = {55--73},
  title         = {Awareness of derivation and compounding in {Chinese}-{English} biliteracy acquisition},
  volume        = {17},
  year          = {2014}
}

@Article{ZhangEtAl2016,
  author        = {Zhang, Dongbo and Koda, Keiko and Leong, Che Kan},
  journal       = {Reading and Writing},
  number        = {3},
  pages         = {383–407},
  title         = {Morphological awareness and bilingual word learning: {{A}} longitudinal Structural Equation Modeling study},
  volume        = {29},
  year          = {2016}
}



@article{Byrnes2013,
	author = {Byrnes, Heidi},
	journal = {The Modern Language Journal},
	number = {4},
	pages = {825--827},
	title = {Notes from the editor},
	volume = {97},
	year = {2013}
}


@book{ChoiRichards2016,
	author = {Choi, Seongsook and Richards, Keith. (eds.)},
	note = {Applied Linguistics [Special issue], 37(1).},
	title = {Innovation in research methods},
	year = {2016}
}


@book{DeCostaEtAl2017,
	editor = {De Costa, Peter and I. Rawal, Hima and Zaykovskaya, Irina},
	note = {System [Special issue], 71.},
	title = {Study abroad in contemporary times: {{T}}oward greater methodological diversity and innovation},
	year = {2017}
}





@article{DuffByrnes2019,
	title = {{SLA} across disciplinary borders: {{N}}ew perspectives, critical questions, and research possibilities},
	author = {Duff, Patricia A. and Byrnes, Heidi},
	journal = {The Modern Language Journal},
	volume = {103  (Suppl. 1)},
	year = {2019}
}


@incollection{EdmondsGudmestad2018,
	address = {Amsterdam},
	author = {Edmonds, Amanda and Gudmestad, Aarnes},
	booktitle = {Critical reflections on data in second language acquisition},
	editor = {Gudmestad, Aarnes and Edmonds, Amanda},
	pages = {125--148},
	publisher = {Benjamins},
	title = {Operationalizing variables: {{T}}he case of future-time expression in {L2} {French}},
	year = {2018}
}


@book{EdmondsEtAlinpress,
	editor = {Edmonds, Amanda and Leclercq, Pascale and Auger, Nathalie},
	note = {Journal of French Language Studies (30) [Special issue]},
	title = {Methodological challenges in {SLA}: {{A}} focus on {French}},
	year = {forthcoming}
}


@book{GudmestadEdmonds2018,
	address = {Amsterdam},
	booktitle = {Critical reflections on data in second language acquisition},
	editor = {Gudmestad, Aarnes and Edmonds, Amanda},
	publisher = {Benjamins},
	title = {Critical reflections on data in second language acquisition},
	year = {2018}
}




@article{KingMackey2016,
	title = {Research methodology in second language studies: {Trends}, concerns, and new directions},
	author = {King, Kendall A. and Mackey, Alison},
	journal = {The Modern Language Journal},
	volume = {100},
	number = {Suppl.},
	pages = {209--227},
	year = {2016}
}


@book{LeclercqEtAl2014,
	address = {Clevedon, UK},
	booktitle = {Measuring {L2} proficiency: {{P}}erspectives from {SLA}},
	editor = {Leclercq, Pascale and Edmonds, Amanda and Hilton, Heather E.},
	publisher = {Multilingual Matters},
	title = {Measuring {L2} proficiency: {{P}}erspectives from {SLA}},
	year = {2014}
}


@incollection{LeeserSunderman2016,
	address = {Amsterdam},
	author = {Leeser, Michael J. and Sunderman, Gretchen L.},
	booktitle = {Cognitive individual differences in second language processing and acquisition},
	editor = {Granena, Gisela and Jackson, Daniel O. and Yilmaz, Yucel},
	pages = {89--104},
	publisher = {Benjamins},
	title = {Methodological implications of working memory tasks for {L2} processing research},
	year = {2016}
}


@incollection{MarsdenEtAl2016,
	address = {New York},
	author = {Marsden, Emma and Mackey, Alison and Plonsky, Luke},
	booktitle = {Advancing methodology and practice: {{T}}he {IRIS} Repository of Instruments for Research into Second Languages},
	editor = {Mackey, Alison and Marsden, Emma},
	pages = {1--21},
	publisher = {Routledge},
	title = {The {IRIS} Repository: {{A}}dvancing research practice and methodology},
	year = {2016}
}


@book{NorrisEtAl2015,
	editor = {Norris, John M. and Ross, Steven J. and Schoonen, Rob},
	note = {Language Learning [Special issue], 65, S1},
	title = {Improving and extending quantitative reasoning in second language research},
	year = {2015}
}


@book{Ortega2013,
	title = {{SLA} for the 21st century: {{D}}isciplinary progress, transdisciplinary relevance, and the bi/multilingual turn},
	author = {Ortega, Lourdes},
	journal = {Language Learning},
	volume = {63},
	number = {Suppl. 1},
	pages = {1-24},
	year = {2013}
}


@incollection{Ortega2014ways,
	address = {New York},
	author = {Ortega, Lourdes},
	booktitle = {The multilingual turn: {{I}}mplications for {SLA}, {TESOL}, and bilingual education},
	editor = {S. May},
	pages = {32--53},
	publisher = {Routledge},
	title = {Ways forward for a bi/multilingual turn in {SLA}},
	year = {2014}
}

@InCollection{Ortega2014trying,
  address       = {Amsterdam},
  author        = {Ortega, Lourdes},
  booktitle     = {Interlanguage: {F}orty years later},
  editor        = {Han, Zhao-Hong and Tarone, Elaine},
  publisher     = {Benjamins},
  pages         = {173--201},
  title         = {Trying out theories on interlanguage: {{D}}escription and explanation over 40 years of {L2} negation research},
  year          = {2014}
}





@article{Plonsky2014,
	author = {Plonsky, Luke},
	title = {Study quality in quantitative {L2} research (1990-2010): {{A}} methodological synthesis and call for reform},
	journal = {Modern Language Journal},
	pages = {450--470},
	volume = {98},
	year = {2014}
}


@article{PlonskyOswald2017,
	author = {Plonsky, Luke and Oswald, Frederick L.},
	journal = {Studies in Second Language Acquisition},
	volume = {39},
	pages = {579-592},
	title = {Multiple regression as a flexible alternative to {ANOVA} in {L2} research},
	year = {2017}
}




@incollection{Römer2019,
	address = {Berlin},
	author = {Römer, Ute},
	booktitle = {Corpus linguistics, context and culture},
	editor = {Wiegand, Viola and Mahlberg, Michaela},
	pages = {467--481},
	publisher = {De Gruyter},
	sortname = {Romer, Ute},
	title = {Corpus research for {SLA}: {{T}}he importance of mixing methods},
	year = {2019}
}


@article{SantosEtAl2008,
	author = {Santos, Denise and Graham, Suzanne and Vanderplank, Robert},
	journal = {Evaluation \& Research in Education},
	number = {2},
	pages = {111--133},
	title = {Second language listening strategy research: {{M}}ethodological challenges and perspectives},
	volume = {21},
	year = {2008}
}


@incollection{Solon2018,
	address = {Amsterdam},
	author = {Solon, Megan},
	booktitle = {Critical reflections on data in second language acquisition},
	editor = {Gudmestad, Aarnes and Edmonds, Amanda},
	pages = {89--124},
	publisher = {Benjamins},
	title = {Novel sounds: {{W}}hat {L2} phonetic data might be telling us that we do not always hear},
	year = {2018}
}




@incollection{Young2018,
	address = {New York},
	author = {Young, Richard F.},
	booktitle = {The {Palgrave} handbook of applied linguistics research methodology},
	editor = {Phakiti, Aek and De Costa, Peter and Plonsky, Luke and Starfield, Sue},
	pages = {31--53},
	publisher = {Palgrave Macmillan},
	title = {Habits of mind: {{H}}ow do we know what we know?},
	year = {2018}
}
