% Include entries that you actually cite. Do not copy here your whole bib-file.

@InCollection{abels01,
  author    = {Abels, Klaus},
  booktitle = {Formal Approaches to {Slavic} Linguistics ({FASL}) 9},
  title     = {The predicate cleft construction in {Russian}},
  editor    = {Franks, Steven and Tracy Holloway King and Michael Yadroff},
  publisher = {Michigan Slavic Publications},
  address   = {Ann Arbor, MI},
  pages     = {9-19},
 year      = {2001},
}

@Book{abels-phases,
  author    = {Abels, Klaus},
  title     = {Phases: {An} Essay on Cyclicity in Syntax},
  publisher = {de Gruyter},
  address   = {Berlin},
  year      = {2012},
}

@InProceedings{acquaviva09,
  author    = {Acquaviva, Paolo},
  booktitle = {York-{Essex} Morphology Meeting 2},
  title     = {Roots and lexicality in {Distributed} {Morphology}},
  editor    = {Galani, Alexandra and Daniel Redinger and Norman Yeo},
publisher = {University of York},
address = {York},
  pages     = {1-21},
  year      = {2009},
}

@Book{arreginevins12,
  author    = {Arregi, Karlos and Andrew Nevins},
  title     = {Morphotactics: {Basque} auxiliaries and the structure of spellout},
  publisher = {Springer},
  address   = {Dordrecht},
  year      = {2012},
}

@Article{arsenijevic-honorific,
  author    = {Arsenijevi\'{c}, Boban},
  title     = {The agreement of adjectives with the honorific pronoun in {Serbo-Croatian}},
  number    = {6},
  pages     = {39-50},
  volume    = {VI},
  journal   = {Philologia Mediana},
  year      = {2014},
}

@InCollection{arsenijevicnominalstructure,
  author    = {Arsenijevi\'{c}, Boban},
  booktitle = {Godi\v{s}njak za srpski jezik},
  title     = {What the prosody of {Serbian} short and long form adjectives tells us about the nominal structure},
  editor    = {Djigi\'{c}, Gordana and Sofija Miloradovi\'{c}},
  pages     = {9-21},
  publisher = {Faculty of Philosophy, University of Ni\v{s}},
  address   = {Ni\v{s}},
  year      = {2017},
}

@Article{arsenijevic21,
  author  = {Arsenijevi\'{c}, Boban},
  title   = {No Gender in ``Gender Agreement'': {On} Declension Classes and Gender in {Serbo-Croatian}},
  doi     = {10.30687/BES/0/2021/01/001},
  number  = {1},
  pages   = {11-46},
  volume  = {1},
  journal = {Balcania et Slavia},
  year    = {2021},
}

@Unpublished{arsenijevicetalhybrid,
  author = {Arsenijevi\'{c}, Boban and Ivana Miti\'{c} and Zorica Pu\v{s}kar-Gallien},
  title  = {\textit{Judge} vs. \textit{fool}: {Restrictive} use of a noun predicts hybrid agreement},
  note   = {Talk presented at the Formal Approaches to Slavic Linguistics 31, 22.06.2022},
  year   = {2022},
}

@Article{baker-mirror85,
  author  = {Baker, Mark},
  title   = {The Mirror Principle and Morphosyntactic Explanation},
  pages   = {373-415},
  volume  = {16},
  number  = {3},
  journal = {Linguistic Inquiry},
  year    = {1985},
  url     = {https://www.jstor.org/stable/4178442},
}

@Book{baker03,
  author    = {Baker, Mark C.},
  title     = {Lexical categories: {Verbs}, nouns and adjectives},
  publisher = {Cambridge University Press},
  address   = {Cambridge},
  year      = {2003},
}

@Book{barany17book,
  author    = {B\'{a}r\'{a}ny, Andr\'{a}s},
  title     = {Person, Case, and Agreement: {The} morphosyntax of inverse agreement and global case splits},
  publisher = {Oxford University Press},
address = {Oxford},
  year      = {2017},
}

@Article{bejarrezac09,
  author    = {B\'{e}jar, Susana and Milan \v{R}ez\'{a}\v{c}},
  title     = {Cyclic {Agree}},
  pages     = {35-73},
  number    = {1},
  volume    = {40},
  journal   = {Linguistic Inquiry},
  year      = {2009},
  url       = {https://www.jstor.org/stable/40071465},
}

@PhdThesis{bernstein-thesis,
  author    = {Bernstein, Judy},
  title     = {Topics in the syntax of nominal structure across {Romance} and {Germanic} languages},
  address   = {New York, NY},
  school    = {City University of New York},
  year      = {1993},
}

@Article{beslinNPDP,
  author  = {Be\v{s}lin, Ma\v{s}a},
  title   = {{DP} in a model {NP} language: {Evidence} from {Serbo-Croatian} personal pronouns},
  journal = {MIT Working Papers in Linguistics},
  year    = {in press},
}

@Article{bittnerhale96,
  author    = {Bittner, Maria and Ken Hale},
  title     = {The structural determination of case and agreement},
  pages     = {1-68},
  volume    = {27},
  number    = {1},
  journal   = {Linguistic Inquiry},
  year      = {1996},
  url       = {https://www.jstor.org/stable/4178925},
}

@Book{borer05vol1,
  author    = {Borer, Hagit},
  title     = {Structuring sense. {Volume 1: In name only}},
  publisher = {Oxford University Press},
  address   = {Oxford},
  year      = {2005},
}

@Book{boskovic01book,
  author    = {Bo\v{s}kovi\'{c}, \v{Z}eljko},
  title     = {On the Nature of the Syntax-Phonology Interface: Cliticization and Related Phenomena},
  publisher = {Elsevier},
address = {Amsterdam},
  series    = {North Holland Linguistic Series: Linguistic Variations},
  number    = {60},
  year      = {2001},
}
@Article{boskovic04,
  author  = {Bo\v{s}kovi\'{c}, \v{Z}eljko},
  title   = {Clitic placement in {South} {Slavic}},
  pages   = {37-90},
  volume  = {12},
  number  = {1/2},
  journal = {Journal of Slavic Linguistics},
  year    = {2004},
  url     = {https://www.jstor.org/stable/24599868},
}

@InCollection{boskovic08,
  author    = {Bo\v{s}kovi\'{c}, \v{Z}eljko},
  booktitle = {Proceedings of the {North} {East} {Linguistic} {Society} 37},
  title     = {What will you have, {DP} or {NP}?},
  editor    = {Elfner, Emily and Martin Walkow},
  pages     = {101-114},
  publisher = {University of Massachusetts},
  address   = {Amherst, MA},
  year      = {2008},
}

@Article{brody00,
  author  = {Brody, Michael},
  title   = {Mirror Theory: {Syntactic} Representation in Perfect Syntax},
  pages   = {29-56},
  volume  = {31},
  number  = {1},
  journal = {Linguistic Inquiry},
  year    = {2000},
  doi     = {10.1162/002438900554280},
}

@Article{brodyszabolcsi,
  author  = {Brody, Michael and Anna Szabolcsi},
  title   = {Overt scope in {Hungarian}},
  pages   = {19-51},
  volume  = {6},
  number  = {1},
  journal = {Syntax},
  year    = {2003},
  doi     = {10.1111/1467-9612.00055},
}

@InCollection{browne74,
  author    = {Browne, Wayles},
  booktitle = {Slavic Transformational Syntax},
  title     = {On the problem of enclitic placement in {Serbo-Croatian}},
  editor    = {Brecht, Richard D. and Catherine V. Chvany},
  series    = {Michigan Slavic Materials},
  publisher = {University of Michigan},
  number    = {10},
  address   = {Ann Arbor, MI},
  year      = {1974},
pages = {36-52},
}

@PhdThesis{cahadiss,
  author = {Caha, Pavel},
  title  = {The nanosyntax of case},
  school = {University of Troms{\o}},
  address = {Troms√∏},
  year   = {2009},
}

@Article{caha21,
  author  = {Caha, Pavel},
  title   = {Modeling declensions without declension features: {The} case of {Russian}},
  doi     = {10.1556/2062.2021.00433},
  number  = {4},
  pages   = {385-425},
  volume  = {68},
  journal = {Acta Linguistica Academica},
  year    = {2021},
}

@InCollection{cardinalettistarke,
  author    = {Cardinaletti, Anna and Michal Starke},
  booktitle = {Clitics in the Languages of {Europe}},
  title     = {The typology of structural deficiency: {A} case study of the three classes of pronouns},
  editor    = {van Riemsdijk, Henk},
  pages     = {145-233},
  publisher = {Mouton de Gruyter},
  address   = {Berlin},
  year      = {1999},
}

@Book{cooper83,
  author    = {Robin Cooper},
  title     = {Quantification and Syntactic Theory},
  publisher = {Reidel},
  address   = {Dordrecht},
  year      = {1983},
}

@Article{corbett97,
  author    = {Corbett, Greville G.},
  title     = {The Agreement Hierarchy},
  pages     = {203-224},
  volume    = {15},
  number    = {2},
  journal   = {Journal of Linguistics},
  year      = {1979},
  url       = {https://www.jstor.org/stable/4175494}
}

@Article{dechainewiltschko,
  author  = {D\'{e}chaine, Rose-Marie and Martina Wiltschko},
  title   = {Decomposing pronouns},
  number  = {3},
  pages   = {409-442},
  volume  = {33},
  journal = {Linguistic Inquiry},
  year    = {2002},
  doi     = {10.1162/002438902760168554},
}

@PhdThesis{despic11,
  author = {Despi\'{c}, Miloje},
  title  = {Syntax in the absence of {Determiner} {Phrase}},
  school = {University of Connecticut}, 
  address = {Storrs, CT},
  year   = {2011},
}

@Article{despic-hybrid,
  author    = {Despi\'{c}, Miloje},
  title     = {Investigations in mixed agreement: {Polite} plurals, hybrid nouns and coordinate structures},
  number    = {3},
  pages     = {253-310},
  volume    = {27},
  journal   = {Morphology},
  year      = {2017},
  doi       = {10.1007/s11525-017-9301-3}
}

@Article{dvorak07,
  author  = {Dvo\v{r}ak, Bo\v{s}tjan},
  title   = {Slovenian Clitic Pronouns and What is so Special about Them},
  doi     = {10.17161/SLS.1808.4408},
  volume  = {6},
  pages   = {209-233},
  journal = {Slovenski jezik / Slovene Linguistic Studies},
  year    = {2007},
}

@Book{elbourne05,
  author    = {Elbourne, Paul},
  title     = {Situations and individuals},
  publisher = {MIT Press},
  address   = {Cambridge, MA},
  year      = {2005},
}



@Article{vankoppen12,
  author  = {van Koppen, Marjo},
  title   = {The distribution of phi-features in pronouns},
  number  = {1},
  pages   = {135-177},
  volume  = {30},
  journal = {Natural Language \& Linguistic Theory},
  year    = {2012},
  doi     = {10.1007/s11049-011-9159-8},
}

@InProceedings{branko14,
  author    = {Stankovi\'{c}, Branimir},
  booktitle = {Nominal structures: {All} in complex {DPs}},
  title     = {Arguments for {DP}-analysis of {Serbo-Croatian} nominal expressions},
  editor    = {Veselovsk\'{a}, Ludmila and Mark\'{e}ta Janebov\'{a}},
  pages     = {29-48},
  publisher = {Palack\'{y} University},
  address   = {Olomouc},
  owner     = {USER},
  timestamp = {2015.04.21},
  year      = {2014},
}

@article{vanalem22,
  author = {van Alem, Astrid},
  title  = {Complementizer agreement is clitic doubling: {Evidence} from intervention effects in {Frisian} and {Limburgian}},
  journal   = {Natural Language \& Linguistic Theory},
  year   = {2025},
volume = {43},
pages = {115--149},
  doi = {https://doi.org/10.1007/s11049-024-09621-9},
}

@Article{franks13,
  author  = {Franks, Steven},
  title   = {Orphans, Doubling, Coordination, and Phases: {On} Nominal Structure in {Slovenian}},
  pages   = {55-92},
  volume  = {9},
  journal = {Slovenski jezik / Slovene Linguistic Studies},
  year    = {2013},
}

@article{smithetal18,
  title = {Case and number suppletion in pronouns},
  author = {Smith, Peter W. and Beata Moskal and Ting Xu and Jungmin Kang and Jonathan David Bobaljik}, 
volume = {37},
pages = {1029-1101},
journal  = {Natural Language \& Linguistic Theory},
year   = {2019},
doi = {10.1007/s11049-018-9425-0},
}

@Article{moskal15,
  author  = {Moskal, Beata},
  title   = {Limits on allomorphy: {A} case study in nominal suppletion},
  number  = {2},
  pages   = {363-375},
  volume  = {46},
  journal = {Linguistic Inquiry},
  year    = {2015},
  doi     = {10.1162/LING_a_00185},
}

@Article{lochbihleretal21,
  author  = {Lochbihler, Bethany and Will Oxford and Nicholas Welch},
  title   = {The person-animacy connection: {Evidence from Algonquian and Dene}},
  doi     = {10.1017/cnj.2021.14},
  number  = {3},
  pages   = {432-442},
  volume  = {66},
  journal = {Canadian Journal of Linguistics / Revue canadienne de linguistique},
  year    = {2021},
}

@Article{foleytoosarvandani22,
  author  = {Foley, Steven and Maziar Toosarvandani},
  title   = {Extending the Person-Case Constraint to Gender: {Agreement}, Locality, and the Syntax of Pronouns},
  doi     = {10.1162/ling_a_00395},
  number  = {1},
  pages   = {1-40},
  volume  = {53},
  journal = {Linguistic Inquiry},
  year    = {2022},
}

@Article{steriopolo18russianhybrid,
  author  = {Steriopolo, Olga},
  title   = {Mixed gender agreement in the case of {Russian} hybrid nouns},
  doi     = {10.2478/qal-2018-0001},
number = {2},
volume = {5},
pages = {91-105},
  journal = {Questions and Answers in Linguistics},
  year    = {2018},
}

@Book{harbour16,
  author    = {Harbour, Daniel},
  title     = {Impossible persons},
  publisher = {MIT Press},
  address   = {Cambrigde, MA},
  year      = {2016},
}

@InProceedings{murphyetal-fdslexperiment,
  author    = {Murphy, Andrew and Zorica Pu\v{s}kar and Mat\'{i}as Guzm\'{a}n Naranjo},
  booktitle = {Advances in formal {Slavic} linguistics 2016},
  title     = {The structure of hybrid nouns in {Bosnian/Croatian/Serbian: Experimental} evidence from ellipsis},
  editor    = {Lenertov\'{a}, Denisa and Roland Meyer and Radek \v{S}im√≠k and Luka Szucsich},
  pages     = {357-379},
  publisher = {Language Science Press},
  address   = {Berlin},
  year      = {2018},
  doi       = {10.5281/zenodo.2545533},
}

@Article{talic18,
  author  = {Tali\'{c}, Aida},
  title   = {Spelling out enclitics and giving their tone a voice: {Cyclic} clitic incorporation in {BCS} and breaking the cycle},
  doi     = {10.1515/tlr-2017-0026},
  number  = {2},
  pages   = {307-370},
  volume  = {35},
  journal = {The Linguistic Review},
  year    = {2018},
}

@Article{mcfadden18,
  author  = {McFadden, Thomas},
  title   = {{*ABA} in Stem-allomorphy and the Emptiness of the Nominative},
  number  = {1},
  pages   = {8},
  volume  = {3},
  journal = {Glossa: a journal of general linguistics},
doi = {10.5334/gjgl.373},
  year    = {2018},
}

@InCollection{fassifehri2000,
  author    = {Fassi Fehri, Abdelkader},
  booktitle = {Research in {Afroasiatic} Grammar},
  title     = {Distributing features and affixes in {Arabic} subject verb agreement paradigms},
  editor    = {Lecarme, Jacqueline and Jean Lowenstamm and Ur Shlonsky},
  pages     = {79-100},
  publisher = {John Benjamins},
  address   = {Amsterdam},
  year      = {2000},
}

@article{sauerland13,
  author    = {Sauerland, Uli},
  journal = {Proceedings of {SALT}},
volume = {23},
  title     = {Presuppositions and the alternative tier},
  doi       = {10.3765/salt.v23i0.2673},
  pages     = {156-173},
  year      = {2013},
}

@Article{harleyritter02,
  author    = {Harley, Heidi and Elizabeth Ritter},
  title     = {Person and number in pronouns: {A} feature-geometric analysis},
  number    = {3},
  pages     = {482-526},
  volume    = {78},
  journal   = {Language},
  owner     = {USER},
  timestamp = {2015.04.11},
  year      = {2002},
}

@Article{ruda21sloppy,
  author  = {Ruda, Marta},
  title   = {Strict and Sloppy Readings of Pronominal Objects in {Polish}},
  doi     = {10.4467/23005920SPL.21.006.13960},
  number  = {2},
  pages   = {121-144},
  volume  = {16},
  journal = {Studies in Polish Linguistics},
  year    = {2021},
}

@Book{harbour08,
  author    = {Harbour, Daniel},
  title     = {Morphosemantic number: {From Kiowa noun classes to UG}},
  publisher = {Springer},
  address   = {Dordrecht},
  owner     = {USER},
  timestamp = {2015.04.12},
  year      = {2008},
}

@Article{landau06,
  author  = {Landau, Idan},
  title   = {Chain resolution in {Hebrew V(P)} fronting},
  pages   = {32-66},
  volume  = {9},
  journal = {Syntax},
  year    = {2006},
doi = {10.1111/j.1467-9612.2006.00084.x},
}

@Book{pesetsky14,
  author    = {Pesetsky, David},
  title     = {Russian case morphology and the syntactic categories},
  publisher = {MIT Press},
  address   = {Cambridge, MA},
  owner     = {USER},
  timestamp = {2015.10.04},
  year      = {2013},
}

@PhdThesis{noyer-diss,
  author    = {Noyer, Rolf},
  title     = {Features, positions, and affixes in autonomous morphological structure},
  address   = {Cambridge, MA},
  owner     = {USER},
  school    = {MIT},
  timestamp = {2018.03.22},
  year      = {1992},
}

@Article{steriopolo18Russian,
  author  = {Steriopolo, Olga},
  title   = {Morphosyntax of gender in {Russian} sex-differentiable nouns},
  number  = {1},
  volume  = {26},
  journal = {Journal of Slavic Linguistics},
  year    = {2018},
url = {https://www.jstor.org/stable/26742398},
}

@InCollection{trommer02,
  author    = {Trommer, Jochen},
  booktitle = {Yearbook of Morphology 2002},
  title     = {The interaction of morphology and syntax in affix order},
  editor    = {Booij, Geert and Jaap van Marle},
  pages     = {283-324},
  publisher = {Kluwer},
  address   = {Dordrecht},
  year      = {2002},
}

@Article{puskarglossapredicate,
  author  = {Pu\v{s}kar-Gallien, Zorica},
  title   = {Resolving polite conflicts in predicate agreement},
  doi     = {10.5334/gjgl.587},
  number  = {1},
  pages   = {33},
  volume  = {4},
  journal = {Glossa: a journal of general linguistics},
  year    = {2019},
}

@InProceedings{steriopolowiltschko,
  author    = {Steriopolo, Olga and Martina Wiltschko},
  booktitle = {Formal Studies in {Slavic} Linguistics: {Proceedings of FDSL 7.5}},
  title     = {Distributed GENDER hypothesis},
  editor    = {Zybatow, Gerhild and Philip Dudchuk and Serge Minor and Ekaterina Pschehotskaya},
  pages     = {155-172},
  publisher = {Peter Lang},
  address   = {New York},
  owner     = {USER},
  timestamp = {2015.08.15},
  year      = {2010},
}

@InCollection{harbour08phi,
  author    = {Harbour, Daniel},
  booktitle = {Phi-Theory: {Phi}-Features across Modules and Interfaces},
  title     = {Discontinuous agreement and the syntax-morphology interface},
  editor    = {Harbour, Daniel and David Adger and Susana B\'{e}jar},
  pages     = {185-220},
  publisher = {Oxford University Press},
  address   = {Oxford},
  year      = {2008},
}

@Article{landau15,
  author    = {Landau, Idan},
  title     = {{DP-internal semantic agreement: A configurational analysis}},
  doi       = {10.1007/s11049-015-9319-3},
  number    = {3},
  pages     = {975-1020},
  volume    = {34},
  journal   = {Natural Language \& Linguistic Theory},
  owner     = {USER},
  timestamp = {2015.05.13},
  year      = {2016},
}

@InCollection{milicevbeslin19,
  author    = {Mili\'{c}ev, Tanja and Ma\v{s}a Be\v{s}lin},
  booktitle = {Jezik, knji≈æevnost, teorija},
  title     = {{Instrumental case: Why it is absent from the clitic system in Serbian/Croatian}},
  editor    = {Lopi\v{c}i\'{c}, Vesna and Biljana Mi\v{s}i\'{c} Ili\'{c}},
  pages     = {153-168},
  publisher = {Faculty of Philosophy},
  address   = {Ni\v{s}},
  year      = {2019},
}

@Article{jovovic22,
  author  = {Jovovi\'{c}, Ivana},
  title   = {Condition {B} and Other Conditions on Pronominal Licensing in {Serbo-Croatian}},
  doi     = {10.1162/ling_a_00475},
  journal = {Linguistic Inquiry},
volume = {55},
number = {2},
pages = {402--421},
  year    = {2024},
}

@InCollection{zecinkelas91,
  author    = {Zec, Draga and Sharon Inkelas},
  booktitle = {Proceedings of the 10th {West Coast Conference on Formal Linguistics}},
  title     = {The place of clitics in the prosodic hierarchy},
  editor    = {Bates, Dawn},
  pages     = {505-519},
  publisher = {CSLI Publications},
  address   = {Stanford, CA},
  year      = {1991},
}

@PhdThesis{branko-diss,
  author    = {Stankovi\'{c}, Branimir},
  title     = {Sintaksa i semantika odredjenog i neodredjenog pridevskog vida u srpskom jeziku},
  address   = {Kragujevac},
  owner     = {USER},
  school    = {University of Kragujevac},
  timestamp = {2015.04.21},
  year      = {2014},
}

@Article{picallo91,
  author    = {Picallo, M. Carme},
  title     = {Nominals and nominalization in {Catalan}},
  number    = {3},
  pages     = {279-316},
  volume    = {3},
  journal   = {Probus},
  owner     = {USER},
  timestamp = {2015.04.12},
  year      = {1991},
}

@Article{merchant14,
  author    = {Merchant, Jason},
  title     = {Gender Mismatches under Nominal Ellipsis},
  pages     = {9-32},
  volume    = {151},
  journal   = {Lingua},
  owner     = {USER},
  timestamp = {2016.06.13},
  year      = {2014},
doi = {10.1016/j.lingua.2014.01.008},
}

@InCollection{stojanovic97,
  author    = {Stojanovi\'{c}, Danijela},
  booktitle = {Clitics, pronouns and movement},
  title     = {Object shift in {Serbo-Croatian}},
  editor    = {Black, James R. and Virginia Motapanyane},
  pages     = {301‚Äì320},
  publisher = {John Benjamins},
  address   = {Amsterdam/Philadelphia},
  year      = {1997},
}

@PhdThesis{godjevac2000,
  author = {Godjevac, Svetlana},
  title  = {Intonation, Word Order and Focus Projection in {Serbo-Croatian}},
  school = {The Ohio State University},
address = {Columbus, OH},
  year   = {2000},
}

@InCollection{heim08,
  author    = {Heim, Irene},
  booktitle = {Phi Theory: {Phi}-Features Across Modules and Interfaces},
  title     = {Features on bound pronouns},
  editor    = {Harbour, Daniel and David Adger and Susana Bejar},
  pages     = {35-56},
  publisher = {Oxford University Press},
  address   = {Oxford},
  owner     = {USER},
  timestamp = {2017.05.11},
  year      = {2008},
}

@Unpublished{stegovec19,
  author = {Stegovec, Adrian},
  title  = {Crop to fit: {Pronoun} size and its relation to strict/sloppy identity},
  note   = {Handout from a talk presented at the 93rd Annual Meeting of the Linguistic Society of America (LSA), New York, NY, January 3‚Äì6},
  year   = {2019},
url = {https://drive.google.com/file/d/1H4ip3kRCqr9cVwblyi1nuMfdEYDU4cxR/view},
}

@InCollection{kratzer07,
  author    = {Kratzer, Angelika},
  booktitle = {Event structures in linguistic form and interpretation},
  title     = {On the plurality of verbs},
  editor    = {Tatjana Heyde-Zybatow \& Johannes D\"{o}lling},
  pages     = {269-299},
  publisher = {Mouton de Gruyter},
address = {Berlin, Boston},
  owner     = {USER},
  timestamp = {2015.04.12},
  year      = {2007},
}

@Article{kratzer09,
  author    = {Angelika Kratzer},
  title     = {Making a Pronoun: {Fake} Indexicals as Windows into the Properties of Pronouns},
  number    = {2},
  pages     = {187--237},
  volume    = {40},
  journal   = {Linguistic Inquiry},
  owner     = {Birigt},
  timestamp = {2016.01.20},
  year      = {2009},
}

@PhdThesis{runic14,
  author = {Runi\'{c}, Jelena},
  title  = {A New Look at Clitics, Clitic Doubling, and Argument Ellipsis: {Evidence from Slavic}},
  school = {University of Connecticut},
address = {Storrs, CT},
  year   = {2014},
}

@Article{kucerova17,
  author    = {Ku\v{c}erov\'{a}, Ivona},
  title     = {Phi-features at the syntax-semantics interface: {Evidence} from nominal inflection},
  number    = {4},
  pages     = {813-845},
  volume    = {49},
  journal   = {Linguistic Inquiry},
  owner     = {USER},
  timestamp = {2017.06.11},
  year      = {2018},
doi = {10.1162/ling_a_00290},
}

@Article{trenkic04,
  author  = {Trenki\'{c}, Danijela},
  title   = {Definiteness in {Serbian/Croatian/Bosnian} and some implications for the general structure of the nominal phrase},
  pages   = {1401-1427},
  volume  = {114},
  journal = {Lingua},
  year    = {2004},
doi = {10.1016/j.lingua.2003.09.005},
}

@Article{nevins2011,
  author    = {Nevins, Andrew},
  title     = {{Multiple Agree} with clitics: {Person} complementarity vs. omnivorous number},
  number    = {4},
  pages     = {939-971},
  volume    = {29},
  journal   = {Natural Language \& Linguistic Theory},
  owner     = {USER},
  timestamp = {2015.04.11},
  year      = {2011},
doi = {10.1007/s11049-011-9150-4},
}

@Article{sudospathas20,
  author  = {Sudo, Yasutada and Giorgos Spathas},
  title   = {Gender and interpretation in {Greek: Comments on Merchant} (2014)},
  doi     = {10.5334/gjgl.1173},
  number  = {1},
  pages   = {129},
  volume  = {5},
  journal = {Glossa: a journal of general linguistics},
  year    = {2020},
}

@PhdThesis{sudo-diss,
  author    = {Yasutada Sudo},
  title     = {On the Semantics of Phi Features on Pronouns},
  address   = {Cambridge, MA},
  owner     = {USER},
  school    = {MIT},
  timestamp = {2017.05.11},
  year      = {2012},
}

@PhdThesis{moskaldiss,
  author = {Moskal, Beata},
  title  = {Domains on the Border: {Between} Morphology and Phonology},
  school = {University of Connecticut},
address = {Storrs, CT},
  year   = {2015},
}

@Article{jacobson12,
  author  = {Jacobson, Pauline},
  title   = {The direct compositionality and ``uninterpretability'': {The} case of (sometimes) ``uninterpretable'' features on pronouns},
  doi     = {10.1093/jos/ffs005},
  number  = {3},
  pages   = {305-343},
  volume  = {29},
  journal = {Journal of Semantics},
  year    = {2012},
}

@Article{vanurkpronouns,
  author  = {van Urk, Coppe},
  title   = {Pronoun copying in {Dinka} and the Copy Theory of Movement},
  number  = {3},
  pages   = {937-990},
  volume  = {36},
  journal = {Natural Language \& Linguistic Theory},
  year    = {2018},
doi = {10.1007/s11049-017-9384-x}, 
}

@Article{ruda21pronounstructure,
  author  = {Ruda, Marta},
  title   = {Polish personal pronouns: {[$_{\text{PersP}}$ Pers [$_{\text{NumP}}$ Num [n]]] and [$_{\text{NumP}}$ Num [n]]}},
  number  = {1},
  pages   = {23-40},
  volume  = {16},
  journal = {Studies in Polish Linguistics},
  year    = {2021},
doi = {10.4467/23005920SPL.21.002.13956},
}

@Article{puskarsyntax,
  author    = {Pu\v{s}kar, Zorica},
  title     = {Interactions of gender and number agreement: {Evidence} from {Bosnian/Croatian/Serbian}},
  number    = {3},
  pages     = {275-318},
  volume    = {21},
  journal   = {Syntax},
  owner     = {USER},
  timestamp = {2018.03.27},
  year      = {2018},
doi = {10.1111/synt.12154},
}

@Article{harbourpersp07,
  author  = {Harbour, Daniel},
  title   = {Against {PersonP}},
  pages   = {223-243},
  volume  = {10},
  journal = {Syntax},
  year    = {2007},
doi = {10.1111/j.1467-9612.2007.00107.x},
}

@InCollection{franksprogovac94,
  author    = {Franks, Steven and Ljiljana Progovac},
  booktitle = {Indiana {Slavic} Studies 7, {Proceedings} of the 9th Biennial Conference on {Balkan and South Slavic} Linguistics, Literature and Folklore},
  title     = {On the placement of {Serbo-Croatian} clitics},
  editor    = {Fowler, George and Henry Cooper and Jonathan Ludwig},
  pages     = {69-78},
  publisher = {Indiana University},
  address   = {Bloomington, IN},
  year      = {1994},
}

@InCollection{siewierska13genderpronouns,
  author    = {Siewierska, Anna},
  booktitle = {{WALS} Online (v2020.3) [{Data} set]},
  title     = {Gender Distinctions in Independent Personal Pronouns},
editor = {Dryer, Matthew S. and Haspelmath, Martin}, 
  doi       = {10.5281/zenodo.7385533},
  publisher = {Zenodo},
  year      = {2013},
}

@Article{foxpesetsky05,
  author  = {Fox, Danny and David Pesetsky},
  title   = {Cyclic linearization of syntactic structure},
pages = {1-45},
  volume  = {31},
  journal = {Theoretical Linguistics},
  year    = {2005},
doi = {10.1515/thli.2005.31.1-2.1},
}

@Article{puskargallienpronouns,
  author  = {Pu\v{s}kar-Gallien, Zorica},
  title   = {Disassembling and Reassembling Pronouns: {A} case study of {Bosnian}/{Croatian}/{Montenegrin}/{Serbian}},
  journal = {Journal of Slavic Linguistics},
  year    = {to appear},
}

@Article{longobardi94,
  author    = {Longobardi, Giuseppe},
  title     = {Reference and proper names: {A} theory of {N-movement in syntax and Logical Form}},
  pages     = {609-665},
  volume    = {25},
  journal   = {Linguistic Inquiry},
  owner     = {USER},
  timestamp = {2017.06.10},
  year      = {1994},
}

@InCollection{sicheltoosarvandani21wccfl,
  author    = {Ivy Sichel and Maziar Toosarvandani},
  booktitle = {Proceedings of the 39th {West Coast Conference on Formal Linguistics}},
  title     = {Nominal Intervention and the Extended {PERSON} Domain},
  editor    = {Robert Autry and Gabriela {de la Cruz} and {Luis A.} {Irizarry Figueroa} and Kristina Mihajlovic and Tianyi Ni and Ryan Smith and Heidi Harley},
  year      = {2024},
pages = {662--669},
address = {Somerville, MA},
publisher = {Cascadilla Proceedings Project},
}

@Article{neelemanszendroi07,
  author  = {Neeleman, Ad and Kriszta Szendr≈ëi},
  title   = {Radical Pro Drop and the Morphology of Pronouns},
  pages   = {671-714},
  volume  = {38},
  journal = {Linguistic Inquiry},
  year    = {2007},
}

@Book{pereltsvaig07,
  author    = {Pereltsvaig, Asya},
  title     = {Copular sentences in {Russian}: {A} theory of intra-clausal relations},
  publisher = {Springer},
  address   = {Dordrecht},
  year      = {2007},
}

@Article{tomsandhya09,
  author    = {McFadden, Thomas and Sandhya Sundaresan},
  title     = {{Subject distribution and finiteness in Tamil and other languages: Selection vs. case}},
  pages     = {5-34},
  volume    = {2},
  journal   = {Journal of South Asian Linguistics},
  owner     = {USER},
  timestamp = {2016.03.31},
  year      = {2009},
}

@InCollection{postal69,
  author    = {Postal, Paul},
  booktitle = {Modern readings in transformational grammar},
  title     = {On so-called ``pronouns'' in {English}},
  editor    = {Reibel, David and Sanford Schane},
  pages     = {201-224},
  publisher = {Prentice-Hall},
address = {Englewood Cliffs},
  year      = {1969},
}

@Book{fassifehri18,
  author    = {Fassi Fehri, Abdelkader},
  title     = {Constructing Feminine to Mean: {Gender, Number}, Numeral and Quantifier Extensions in {Arabic}},
  publisher = {Lexington Books},
  address   = {Lanham, MD},
  year      = {2018},
}

@Article{progovac98,
  author    = {Progovac, Ljiljana},
  title     = {Determiner phrase in a language without determiners},
  pages     = {165-179},
  volume    = {34},
  journal   = {Journal of Linguistics},
  owner     = {USER},
  timestamp = {2015.04.21},
  year      = {1998},
}

@Book{kramerbook,
  author    = {Kramer, Ruth},
  title     = {The Morphosyntax of Gender},
  publisher = {Oxford University Press},
  address   = {Oxford},
  owner     = {USER},
  timestamp = {2016.08.08},
  year      = {2015},
}

@article{sicheltoosarvandani22,
  author = {Sichel, Ivy and Maziar Toosarvandani},
  title  = {The featural life of nominals},
journal = {Linguistic Inquiry},
year   = {2024},
doi = {10.1162/ling_a_00517},
}

@Article{hohn15,
  author    = {H\"{o}hn, Georg F.K.},
  title     = {Unagreement is an Illusion: {Apparent} person mismatches and nominal structure},
  journal   = {Natural Language \& Linguistic Theory},
  year      = {2016},
  volume    = {34},
  number    = {2},
  pages     = {543-592},
  doi       = {10.1007/s11049-015-9311-y}
}



