

@xdata{JvSSV93a-ed-xdata,
	langid = {english},
	booktitle = {Syntax: {An} International Handbook of Contemporary Research},
	series = {Handbooks of Linguistics and Communication Science},
	title = {Syntax: {An} International Handbook of Contemporary Research}}

@xdata{HKOeR2001a-ed-xdata,
	langid = {english},
	booktitle = {{Language} Typology and Language Universals: {An} International Handbook},
	title = {{Language} Typology and Language Universals: {An} International Handbook},
	series = {Handbooks of Linguistics and Communication Science}}

@xdata{CHJL2002a-ed-xdata,
	langid = {english},
	booktitle = {Lex\-ico\-logy: {An} International Handbook on the Nature and Structure of Words and Vocabularies},
	title = {Lex\-ico\-logy: {An} International Handbook on the Nature and Structure of Words and Vocabularies},
	series = {Handbooks of Linguistics and Communication Science},

}


@xdata{AEEHHL2003a-ed-xdata,
	langid = {english},
	booktitle = {Dependency and Valency: {An} International Handbook of Contemporary Research},
	series = {Handbooks of Linguistics and Communication Science},
	title = {Dependency and Valency: {An} International Handbook of Contemporary Research}}

@xdata{AEEHHL2006a-ed-xdata,
	langid = {english},
	booktitle = {Dependency and Valency: {An} International Handbook of Contemporary Research},
	series = {Handbooks of Linguistics and Communication Science},
	title = {Dependency and Valency: {An} International Handbook of Contemporary Research}}

@xdata{vHMP2011a-ed-xdata,
	langid = {english},
	series = {Handbooks of Linguistics and Communication Science},
}

@xdata{CHJL2005a-ed-xdata,
	booktitle = {Lex\-ico\-logy: {An} International Handbook on the Nature and Structure of Words and Vocabularies},
	langid = {british},
	series = {Handbooks of Linguistics and Communication Science},
}

@xdata{vHMP2012a-ed-xdata,
	langid = {english},
	series = {Handbooks of Linguistics and Communication Science},
}

@xdata{MOOR2015a-ed-xdata,
	langid = {english},
	series = {Handbooks of Linguistics and Communication Science},
}




