

@phdthesis{Buecker2022a,
	author = {Jörg Bücker},
	checked = {stmue 2021},
	date-added = {2022-08-18 18:16:16 +0200},
	date-modified = {2022-08-18 18:27:55 +0200},
	langid = {ngerman},
	school = {Heinrich-Heine-Universität Düsseldorf},
	title = {{Die Zirkumpositionen des Deutschen: System, Entstehung und typologische Einordnung}},
	type = {Habilitation},
	year = {2022}}

@incollection{Vogel2010,
	address = {Amsterdam},
	author = {Vogel, Irene},
	booktitle = {Cross-Disciplinary Issues in Compounding},
	checked = {LK 2022},
	date-added = {2022-07-06 16:06:13 +0200},
	date-modified = {2022-07-06 16:08:48 +0200},
	doi = {10.1075/cilt.311.12vog},
	editor = {Sergio Scalise and Irene Vogel},
	number = {311},
	pages = {145--164},
	publisher = benjamins,
	series = {Current Issues in Linguistic Theory},
	title = {The Phonology of Compounds},
	year = {2010},
	bdsk-url-1 = {https://doi.org/10.1075/cilt.311.12vog}}

@incollection{Raffelsiefen2022,
	address = oxfordcambridge,
	author = {Renate Raffelsiefen},
	booktitle = {The {Wiley Blackwell} Companion to Morphology},
	checked = {LK 2022},
	date-added = {2022-07-06 16:01:42 +0200},
	date-modified = {2022-07-06 16:05:51 +0200},
	doi = {none},
	editor = {Peter Ackema and Sabrina Bendjaballah and Eulàlia Bonet and Antonio Fábregas},
	note = {\inpress},
	publisher = {John Wiley \& Sons},
	series = {none},
	title = {Morpho-phonological asymmetries in affixation},
	year = {2022},
	bdsk-url-1 = {https://doi.org/none}}

@book{OrtnerOrtner1984,
	address = {Tübingen},
	author = {Ortner, Hanspeter and Lorelies Ortner},
	checked = {LK 2022},
	date-added = {2022-07-05 22:03:47 +0200},
	date-modified = {2022-07-05 22:06:05 +0200},
	doi = {none},
	langid = {ngerman},
	number = {55},
	publisher = narr,
	series = {Forschungsberichte des Instituts für Deutsche Sprache Mannheim},
	title = {{Zur Theorie und Praxis der Kompositaforschung}},
	year = {1984},
	bdsk-url-1 = {https://doi.org/none}}

@incollection{MoskalSmith2019,
	address = {Oxford},
	author = {Moskal, Beata and Peter W. Smith},
	booktitle = {Oxford Research Encyclopedia of Linguistics},
	checked = {stmue 2021, LK 2022},
	date-added = {2022-07-05 18:02:47 +0200},
	date-modified = {2022-07-05 18:07:28 +0200},
	doi = {10.1093/acrefore/9780199384655.013.583},
	editor = {Mark Aronoff},
	number = {none},
	pages = {1--44},
	publisher = oup,
	series = {Oxford Research Encyclopedias},
	title = {The Status of Heads in Morphology [summary]},
	year = {2019},
	bdsk-url-1 = {https://doi.org/10.1093/acrefore/9780199384655.013.583}}

@book{Fudge1984,
	address = {London},
	author = {Fudge, Erik},
	checked = {LK 2022},
	date-added = {2022-07-05 18:01:26 +0200},
	date-modified = {2022-07-05 18:02:19 +0200},
	doi = {10.4324/9781315674810},
	number = {none},
	publisher = {George Allen \& Unwin},
	series = {Routledge Revivals},
	title = {English word-stress},
	year = {1984},
	bdsk-url-1 = {https://doi.org/10.4324/9781315674810}}

@article{Bauer1998,
	author = {Bauer, Laurie},
	checked = {LK 2022},
	date-added = {2022-07-05 17:59:44 +0200},
	date-modified = {2022-07-05 18:01:13 +0200},
	doi = {10.1017/S1360674300000691},
	journal = {English Language and Linguistics},
	number = {1},
	pages = {65--86},
	title = {When is a sequence of two nouns a compound in {English}?},
	volume = {2},
	year = {1998},
	bdsk-url-1 = {https://doi.org/10.1017/S1360674300000691}}

@book{weiss1998,
	address = {Tübingen},
	author = {Helmut Weiß},
	checked = {EE 2022, LK 2022},
	date-added = {2008-10-23 23:14:09 +0200},
	date-modified = {2008-10-23 23:15:35 +0200},
	doi = {10.1515/9783110912487},
	keywords = {dialect},
	langid = {ngerman},
	number = {391},
	publisher = niemeyer,
	series = {Linguistische Arbeiten},
	title = {{Syntax des Bairischen: Studien zur Grammatik einer natürlichen Sprache}},
	year = {1998},
	bdsk-url-1 = {https://doi.org/10.1515/9783110912487}}

@article{sapp2011a,
	author = {Sapp, Christopher D.},
	checked = {EE 2022, LK 2022},
	date-added = {2017-04-27 08:55:36 +0000},
	date-modified = {2018-11-19 18:05:08 +0100},
	doi = {none},
	journal = {Groninger Arbeiten zur Germanistischen Linguistik},
	keywords = {ENHG, syntax},
	number = {2},
	pages = {29--43},
	title = {Auxiliary Selection in {Early New High German}},
	volume = {53},
	year = {2011},
	bdsk-url-1 = {https://doi.org/none}}

@article{loetscher2000,
	author = {Andreas Lötscher},
	checked = {EE 2022, LK 2022},
	date-added = {2007-02-20 11:39:18 +0100},
	date-modified = {2017-03-02 10:26:07 +0000},
	doi = {none},
	journal = {Sprachwissenschaft},
	langid = {ngerman},
	number = {2},
	pages = {153--191},
	title = {{Verbendstellung im Hauptsatz in der deutschen Prosa des 15.\ und 16.\ Jahrhunderts}},
	volume = {25},
	year = {2000},
	bdsk-url-1 = {https://doi.org/none}}

@book{axel2007,
	address = {Amsterdam},
	author = {Katrin Axel},
	checked = {EE 2022},
	date-added = {2010-04-01 12:05:37 +0200},
	date-modified = {2018-07-25 08:20:42 +0000},
	doi = {10.1075/la.112},
	number = {122},
	publisher = benjamins,
	series = {Linguistics Today},
	title = {Studies on {Old High German Syntax}},
	year = {2007},
	bdsk-url-1 = {https://doi.org/10.1075/la.112}}

@book{fischer2018,
	address = {Berlin},
	author = {Hanna Fischer},
	checked = {EE 2022},
	date-added = {2018-07-11 17:14:22 +0000},
	date-modified = {2018-07-11 17:16:06 +0000},
	doi = {10.1515/9783110563818},
	keywords = {verbal morphology},
	langid = {ngerman},
	number = {132},
	publisher = {De Gruyter},
	series = {Studia Linguistica Germanica},
	title = {{Präteritumschwund im Deutschen: Dokumentation und Erklärung eines Verdrängungsprozesses}},
	year = {2018},
	bdsk-url-1 = {https://doi.org/10.1515/9783110563818}}

@book{rothstein2008,
	address = {Amsterdam},
	author = {Björn Rothstein},
	checked = {EE 2022},
	date-added = {2019-03-14 12:35:42 +0100},
	date-modified = {2019-03-14 12:38:14 +0100},
	doi = {10.1075/la.125},
	keywords = {tense, German, English},
	number = {125},
	publisher = benjamins,
	series = {Linguistics Today},
	title = {The Perfect Time Span: {On} the present perfect in {German, Swedish and English}},
	year = {2008},
	bdsk-url-1 = {https://doi.org/10.1075/la.125}}

@book{dentler1997,
	address = {Göteborg},
	author = {Sigrid Dentler},
	checked = {EE 2022, LK 2022},
	date-added = {2019-02-21 09:50:36 +0100},
	date-modified = {2019-02-21 09:53:36 +0100},
	doi = {none},
	langid = {ngerman},
	number = {37},
	publisher = {Acta Universitatis Gothoburgensis},
	series = {Göteborger Germanistische Forschungen},
	title = {{Zur Perfekterneuerung im Mittelhochdeutschen: Die Erweiterung des zeitreferentiellen Funktionsbereichs von Perfektfügungen}},
	year = {1997},
	bdsk-url-1 = {https://doi.org/none}}

@book{amft2018,
	address = {Heidelberg},
	author = {Camilla Amft},
	checked = {EE 2022, LK 2022},
	date-added = {2019-02-04 18:28:38 +0100},
	date-modified = {2019-02-04 18:31:19 +0100},
	doi = {none},
	langid = {ngerman},
	number = {63},
	publisher = {Winter},
	series = {Germanistische Bibliothek},
	title = {{Das präteritale Konzept im Frühneuhochdeutschen: Zur Distribution von Präteritum und präteritalem Perfekt in Flugschriften des 16.\ Jahrhunderts}},
	year = {2018},
	bdsk-url-1 = {https://doi.org/none}}

@book{habermann2002,
	address = {Berlin},
	author = {Mechthild Habermann},
	checked = {EE 2022},
	date-added = {2007-11-01 16:23:27 +0100},
	date-modified = {2007-11-01 16:26:52 +0100},
	doi = {10.1515/9783110886696},
	langid = {ngerman},
	number = {61},
	publisher = {De Gruyter},
	series = {Studia Linguistica Germanica},
	title = {{Deutsche Fachtexte der frühen Neuzeit: Naturkundlich-medizinische Wissensvermittlung im Spannungsfeld zwischen Latein und Volkssprache}},
	year = {2002},
	bdsk-url-1 = {https://doi.org/10.1515/9783110886696}}

@article{merchant2004,
	author = {Merchant, Jason},
	checked = {EE 2022},
	doi = {10.1007/s10988-005-7378-3},
	journal = {Linguistics and Philosophy},
	number = {6},
	pages = {661--738},
	title = {Fragments and Ellipsis},
	volume = {27},
	year = {2005},
	bdsk-url-1 = {https://doi.org/10.1007/s10988-005-7378-3}}

@incollection{reich2011,
	author = {Ingo Reich},
	checked = {EE 2022},
	crossref = {vHMP2011a-ed},
	date-added = {2011-03-15 09:25:39 +0100},
	date-modified = {2017-04-27 13:06:19 +0000},
	doi = {10.1515/9783110255072.1849},
	pages = {1849--1874},
	title = {Ellipsis},
	bdsk-url-1 = {https://doi.org/10.1515/9783110255072.1849}}

@incollection{demske2018,
	address = {Hamburg},
	author = {Ulrike Demske},
	booktitle = {Non-Canonical Verb Positioning in Main Clauses},
	checked = {EE 2022, LK 2022},
	date-added = {2017-11-22 15:51:53 +0000},
	date-modified = {2020-01-20 13:00:45 +0100},
	doi = {none},
	editor = {Mailin Antomo and Sonja Müller},
	number = {25},
	pages = {137--159},
	publisher = {Buske},
	series = {Linguistische Berichte, Sonderheft},
	title = {Syntax and Discourse Structure: {Verb-final} Main Clauses in {German}},
	year = {2018},
	bdsk-url-1 = {https://doi.org/none}}

@incollection{demske90,
	address = {Tübingen},
	authauthor = {Ulrike Demske},
	author = {Ulrike Demske-Neumann},
	booktitle = {{Neuere Forschungen zur historischen Syntax des Deutschen: Referate der Internationalen Fachkonferenz Eichstätt 1989}},
	checked = {EE 2022, LK 2022},
	date-added = {2007-03-12 08:51:27 +0100},
	date-modified = {2022-08-25 22:54:16 +0200},
	doi = {10.1515/9783111708751.239},
	editor = {Anne Betten and Claudia M. Riehl},
	langid = {ngerman},
	number = {103},
	pages = {239--252},
	publisher = niemeyer,
	series = {Reihe Germanistische Linguistik},
	sortname = {Ulrike Demske},
	title = {{Charakteristische Strukturen von Satzgefügen in den Zeitungen des 17.\ Jahrhunderts}},
	year = {1990},
	bdsk-url-1 = {https://doi.org/10.1515/9783111708751.239}}

@mastersthesis{blum2018,
	author = {Simon Blum},
	checked = {EE 2022, LK 2022},
	date-added = {2019-01-10 12:37:05 +0100},
	date-modified = {2019-01-10 12:38:51 +0100},
	doi = {none},
	langid = {ngerman},
	school = {Humboldt"=Universität zu Berlin},
	title = {{Zur Entstehung der afiniten Konstruktion im Frühneuhochdeutschen}},
	year = {2018},
	bdsk-url-1 = {https://doi.org/none}}

@book{PKSW2007,
	address = {Tübingen},
	author = {Hermann Paul and Thomas Klein and Hans-Joachim Solms and Klaus-Peter Wegera},
	checked = {EE 2022},
	date-added = {2007-02-09 15:20:16 +0100},
	date-modified = {2018-10-16 18:34:14 +0200},
	doi = {10.1515/9783110942354},
	edition = {25},
	langid = {ngerman},
	number = {2},
	publisher = niemeyer,
	series = {Sammlung kurzer Grammatiken germanischer Dialekte. A: Hauptreihe},
	title = {{Mittelhochdeutsche Grammatik}},
	year = 2007,
	bdsk-url-1 = {https://doi.org/10.1515/9783110942354}}

@phdthesis{thomas2018,
	author = {Victoria Thomas},
	checked = {EE 2022, LK 2022},
	date-added = {2015-04-30 08:47:39 +0000},
	date-modified = {2016-06-14 08:08:19 +0000},
	doi = {none},
	school = {University of Manchester, School of Arts, Languages and Cultures},
	title = {Auxiliary Ellipsis in {Early Modern German} (1350--1800)},
	year = {2018},
	bdsk-url-1 = {https://doi.org/none}}

@incollection{stammler54,
	address = {Berlin},
	author = {Wolfgang Stammler},
	booktitle = {{Kleine Schriften zur Sprachgeschichte}},
	checked = {EE 2022, LK 2022},
	date-added = {2017-04-30 17:04:39 +0000},
	date-modified = {2017-04-30 17:13:44 +0000},
	doi = {none},
	editor = {Wolfgang Stammler},
	langid = {ngerman},
	pages = {19--35},
	publisher = schmidt,
	series = {none},
	title = {{Zur Sprachgeschichte des 15.\ und 16.\ Jahrhunderts}},
	year = {1954},
	bdsk-url-1 = {https://doi.org/none}}

@phdthesis{senyuk2014,
	author = {Ulyana Senyuk},
	checked = {EE 2022, LK 2022},
	date-added = {2015-04-30 08:47:39 +0000},
	date-modified = {2016-06-14 08:08:19 +0000},
	doi = {none},
	langid = {ngerman},
	school = {Universität Potsdam},
	title = {{Zum Status relativähnlicher Sätze im Frühneuhochdeutschen: Ein Beitrag zum Wesen der Subordination im älteren Deutsch}},
	year = {2014},
	bdsk-url-1 = {https://doi.org/none}}

@book{schroeder85,
	address = {Stuttgart},
	author = {Werner Schröder},
	checked = {EE 2022, LK 2022},
	date-added = {2007-05-24 17:52:43 +0200},
	date-modified = {2017-04-27 10:34:55 +0000},
	doi = {none},
	langid = {ngerman},
	number = {5},
	publisher = steiner,
	series = {{Akademie der Wissenschaften und der Literatur, Mainz: Abhandlungen der Geistes- und Sozialwissenschaftlichen Klasse}},
	title = {{Auxiliar-Ellipsen bei Geiler von Kaysersberg und bei Luther}},
	year = {1985},
	bdsk-url-1 = {https://doi.org/none}}

@incollection{repp2009,
	address = {Hamburg},
	author = {Sophie Repp},
	booktitle = {{Koordination und Subordination im Deutschen}},
	checked = {EE 2022, LK 2022},
	date-added = {2017-02-24 10:41:08 +0000},
	date-modified = {2017-04-27 15:00:31 +0000},
	doi = {none},
	editor = {Veronika Ehrich and Christian Fortmann and Ingo Reich and Marga Reis},
	keywords = {ellipse},
	langid = {ngerman},
	number = {16},
	pages = {245--265},
	publisher = {Buske},
	series = {Linguistische Berichte, Sonderheft},
	title = {{Koordination, Subordination und Ellipse}},
	year = {2009},
	bdsk-url-1 = {https://doi.org/none}}

@article{reis2003,
	author = {Marga Reis},
	checked = {EE 2022, LK 2022},
	date-added = {2007-02-09 15:20:52 +0100},
	date-modified = {2017-04-28 15:59:23 +0000},
	doi = {10.1017/S147054270300028X},
	journal = {Journal of Germanic Linguistics},
	keywords = {infinitive, ellipsis},
	number = 2,
	pages = {155--201},
	title = {{On the form and interpretation of {German} \emph{wh}-infinitives}},
	volume = 15,
	year = 2003,
	bdsk-url-1 = {https://doi.org/10.1017/S147054270300028X}}

@article{reis95,
	author = {Marga Reis},
	checked = {EE 2022, LK 2022},
	date-added = {2007-02-09 15:20:52 +0100},
	date-modified = {2008-03-26 15:21:13 +0100},
	doi = {none},
	journal = {Sprache und Pragmatik. Sonderheft: Festvorträge anläßlich des 60.\ Geburtstages von Inger Rosengren},
	keywords = {syntax, infinitive},
	langid = {ngerman},
	pages = {114--156},
	title = {{Über infinite Nominativkonstruktionen im Deutschen}},
	year = 1995,
	bdsk-url-1 = {https://doi.org/none}}

@incollection{klein2006,
	address = {Dordrecht},
	author = {Wolfgang Klein},
	booktitle = {Semantics in Acquisition},
	checked = {EE 2022},
	date-added = {2017-02-24 07:49:10 +0000},
	date-modified = {2017-02-24 07:57:05 +0000},
	doi = {10.1007/1-4020-4485-2_10},
	editor = {Veerle van Geenhoven},
	keywords = {clause combining},
	number = {35},
	pages = {245--272},
	publisher = {Springer},
	series = {Studies in Theoretical Psycholinguistics (SITP)},
	title = {On Finiteness},
	year = {2006},
	bdsk-url-1 = {https://doi.org/10.1007/1-4020-4485-2_10}}

@incollection{klein81,
	address = {Dordrecht},
	author = {Wolfgang Klein},
	booktitle = {Crossing the Boundaries in Linguistics},
	checked = {EE 2022},
	date-added = {2007-03-01 18:51:32 +0100},
	date-modified = {2017-05-05 10:48:53 +0000},
	doi = {10.1007/978-94-009-8453-0_3},
	editor = {Wolfgang Klein and Wim Levelt},
	keywords = {ellipsis},
	number = {13},
	pages = {51--78},
	publisher = {Reidel},
	series = {Synthese Language Library book series (SLAP)},
	title = {Some rules of regular ellipsis in {German}},
	year = {1981},
	bdsk-url-1 = {https://doi.org/10.1007/978-94-009-8453-0_3}}

@book{KSW09,
	address = {Tübingen},
	author = {Thomas Klein and Hans-Joachim Solms and Klaus-Peter Wegera},
	checked = {EE 2022, LK 2022},
	date-added = {2010-07-09 09:35:32 +0200},
	date-modified = {2010-07-09 09:42:47 +0200},
	doi = {10.1515/9783110971835},
	langid = {ngerman},
	publisher = niemeyer,
	series = {none},
	title = {{Mittelhochdeutsche Grammatik: Wortbildung}},
	volume = {3},
	year = {2009},
	bdsk-url-1 = {https://doi.org/10.1515/9783110971835}}

@book{haerd81,
	address = {Gothenburg},
	author = {John Evert Härd},
	checked = {EE 2022, LK 2022},
	date-added = {2007-05-25 12:36:17 +0200},
	date-modified = {2014-01-27 10:58:51 +0000},
	doi = {none},
	langid = {ngerman},
	number = {21},
	publisher = {Acta Universitatis Gothoburgensis},
	series = {Göteborger germanistische Forschungen},
	title = {{Studien zur Struktur mehrgliedriger deutscher Nebensatzprädikate: Diachronie und Synchronie}},
	year = {1981},
	bdsk-url-1 = {https://doi.org/none}}

@book{ERSW93,
	address = {Tübingen},
	author = {Robert Peter Ebert and Oskar Reichmann and Hans-Joachim Solms and Klaus-Peter Wegera},
	checked = {EE 2022},
	date-added = {2018-03-16 12:03:09 +0000},
	date-modified = {2018-03-16 12:03:09 +0000},
	doi = {10.1515/9783110920130},
	keywords = {syntax, morphology, enhg},
	langid = {ngerman},
	number = {12},
	publisher = niemeyer,
	series = {Sammlung kurzer Grammatiken germanischer Dialekte. A: Hauptreihe},
	title = {{Frühneuhochdeutsche Grammatik}},
	year = 1993,
	bdsk-url-1 = {https://doi.org/10.1515/9783110920130}}

@book{ebert86,
	address = {Frankfurt a.\,M.},
	annote = {infinitive},
	author = {Robert Peter Ebert},
	checked = {EE 2022, LK 2022},
	date-added = {2018-03-16 12:03:01 +0000},
	date-modified = {2018-03-16 12:03:01 +0000},
	doi = {none},
	keywords = {enhg, historical syntax},
	langid = {ngerman},
	number = {6},
	publisher = lang,
	series = {Germanistische Lehrbuchsammlung},
	title = {{Historische Syntax des Deutschen}},
	volume = {2 (1300--1750)},
	year = 1986,
	bdsk-url-1 = {https://doi.org/none}}

@article{ebert1981,
	annote = {SemApp},
	author = {Robert Peter Ebert},
	checked = {EE 2022, LK 2022},
	date-added = {2018-03-16 12:02:48 +0000},
	date-modified = {2018-03-16 12:02:48 +0000},
	doi = {10.1515/bgsl.1981.1981.103.204},
	journal = {Beiträge zur Geschichte der deutschen Sprache und Literatur},
	keywords = {enhg, historical syntax},
	number = {Jahresband},
	pages = {204--237},
	title = {Social and Stylistic Variation in the Order of Auxiliary and Nonfinite Verb in Dependent Clauses in {Early New High German}},
	volume = 103,
	year = 1981,
	bdsk-url-1 = {https://doi.org/10.1515/bgsl.1981.1981.103.204}}

@book{breitbarth2005,
	address = {Utrecht},
	author = {Anne Breitbarth},
	checked = {EE 2022, LK 2022},
	date-added = {2007-02-22 08:43:17 +0100},
	date-modified = {2022-08-25 22:54:00 +0200},
	doi = {none},
	ids = {Breitbarth2005},
	keywords = {syntax, ENHG},
	publisher = {LOT},
	series = {none},
	title = {Live fast, die young: {The} Short Life of {Early Modern German} Auxiliary Ellipsis},
	year = {2005},
	bdsk-url-1 = {https://doi.org/none}}

@article{bock75,
	author = {Rolf Bock},
	checked = {EE 2022},
	date-added = {2007-02-09 15:25:14 +0100},
	date-modified = {2017-04-28 09:49:33 +0000},
	doi = {10.1524/stuf.1975.28.16.560},
	journal = {Zeitschrift für Phonetik, Sprachwissenschaft und Kommunikationsforschung},
	number = {1--6},
	pages = {560--573},
	title = {{Zum Gebrauch der gliedsatzähnlichen Konstruktion ``Ersparung der temporalen Hilfsverben \emph{haben} und \emph{sein}'' in den Flugschriften der Epoche der frühbürgerlichen Revolution}},
	volume = 28,
	year = 1975,
	bdsk-url-1 = {https://doi.org/10.1524/stuf.1975.28.16.560}}

@article{biener25,
	author = {Clemens Biener},
	checked = {EE 2022, LK 2022},
	date-added = {2007-05-25 12:47:59 +0200},
	date-modified = {2008-12-30 10:22:26 +0100},
	doi = {none},
	journal = {Die neueren Sprachen},
	keywords = {enhg, clause combining},
	number = {none},
	pages = {291--297},
	title = {{Von der sog.\ Auslassung der Kopula in eingeleiteten Nebensätzen}},
	volume = {33},
	year = {1925},
	bdsk-url-1 = {https://doi.org/none}}

@book{admoni80,
	address = {Berlin},
	author = {Vladimir G. Admoni},
	checked = {EE 2022, LK 2022},
	date-added = {2007-02-08 16:58:15 +0100},
	date-modified = {2014-09-30 15:58:11 +0000},
	doi = {none},
	number = {56},
	publisher = {Akademie Verlag},
	series = {Bausteine zur Geschichte der deutschen Sprache und Literatur},
	title = {{Zur Ausbildung der Norm der deutschen Literatursprache im Bereich des neuhochdeutschen Satzgefüges (1470--1730): Ein Beitrag zur Geschichte der deutschen Sprache}},
	volume = {4},
	year = 1980,
	bdsk-url-1 = {https://doi.org/none}}

@article{admoni67,
	author = {Vladimir G. Admoni},
	checked = {EE 2022, LK 2022},
	date-added = {2007-04-27 09:18:26 +0200},
	date-modified = {2022-08-26 18:31:15 +0200},
	doi = {none},
	journal = {Beiträge zur Geschichte der deutschen Sprache und Literatur (Halle)},
	number = {none},
	pages = {144--199},
	title = {{Der Umfang und die Gestaltungsmittel des Satzes in der deutschen Literatursprache bis zum Ende des 18.\ Jhs.}},
	volume = 89,
	year = 1967,
	bdsk-url-1 = {https://doi.org/none}}

@article{dubenion2010,
	author = {Shannon A. Dubenion-Smith},
	checked = {EE 2022},
	date-added = {2018-11-23 10:05:35 +0100},
	date-modified = {2018-11-23 10:07:51 +0100},
	doi = {10.1017/S1470542709990249},
	journal = {Journal of Germanic Linguistics},
	number = {2},
	pages = {99--191},
	title = {Verbal Complex Phenomena in {West Central German}: {Empirical} Domain and Multi-Causal Account},
	volume = {22},
	year = {2010},
	bdsk-url-1 = {https://doi.org/10.1017/S1470542709990249}}

@book{Comrie1981,
	address = {Oxford},
	author = {Bernard Comrie},
	checked = {EE 2022, LK 2022},
	doi = {none},
	publisher = {Basil Blackwell},
	series = {none},
	title = {Language Universals and Linguistic Typology: {Syntax} and Morphology},
	year = {1981},
	bdsk-url-1 = {https://doi.org/none}}

@unpublished{Bruening:2019:NP-DP,
	address = {Newark, DE},
	author = {Bruening, Benjamin},
	checked = {EE 2022},
	note = {Ms. University of Delware},
	title = {The {DP} hypothesis has no defense: {N}-to-{D} movement, hybrid agreement, and conventionalized expressions},
	year = {2019}}

@article{Bruening-et-al:2018:Selection-Idioms-NP,
	author = {Bruening, Benjamin and Dinh, Xuyen and Kim, Lan},
	checked = {EE 2022},
	doi = {10.5334/gjgl.288},
	journal = {Glossa: a Journal of General Linguistics},
	number = {1},
	pages = {42.1--46},
	title = {Selection, Idioms, and the Structure of Nominal Phrases with and without Classifiers},
	volume = {3},
	year = {2018},
	bdsk-url-1 = {https://doi.org/10.5334/gjgl.288}}

@article{Heck-Himmelreich:2017:OpaqueIntervention,
	author = {Heck, Fabian and Himmelreich, Anke},
	checked = {EE 2022},
	doi = {10.1162/LING_a_00235},
	journal = {Linguistic Inquiry},
	keywords = {order preservation,floating quantifiers,parasitic gaps,tucking-in,vP phase,Earliness},
	number = {1},
	pages = {47--97},
	title = {Opaque Intervention},
	volume = {48},
	year = {2017},
	bdsk-url-1 = {https://doi.org/10.1162/LING_a_00235}}

@article{Longobardi:1994:Reference-properNames,
	author = {Longobardi, Giuseppe},
	checked = {EE 2022, LK 2022},
	journal = {Linguistic Inquiry},
	keywords = {Romance languages syntax phrase determiner phrase relationship to noun phrase study example Italian language compared to English language (Modern)},
	number = {4},
	pages = {609--665},
	stableurl = {https://www.jstor.org/stable/4178880},
	title = {Reference and Proper Names: {A} Theory of {N}-Movement in Syntax and {Logical Form}},
	volume = {25},
	year = {1994}}

@article{Larson:to-appear:DP-hypothesisDP-CP,
	author = {Larson, Richard},
	checked = {EE 2022},
	doi = {none},
	journal = {Linguistic Analysis},
	number = {3--4},
	pages = {507--548},
	title = {The {DP} Hypothesis and (A)Symmetries Between {DP} and {CP}},
	volume = {42},
	year = {2019},
	bdsk-url-1 = {https://doi.org/none}}

@article{Schoorlemmer:2012:DefinitenessGermanic,
	author = {Schoorlemmer, Erik},
	checked = {EE 2022},
	doi = {10.1007/s10828-012-9048-5},
	journal = {The Journal of Comparative Germanic Linguistics},
	number = {2},
	pages = {107--156},
	title = {Definiteness Marking in {Germanic}: {Morphological} Variations on the Same Syntactic Theme},
	volume = {15},
	year = {2012},
	bdsk-url-1 = {https://doi.org/10.1007/s10828-012-9048-5}}

@incollection{Boskovic:2006:CaseAgreementGenQuant,
	address = amsterdamphiladelphia,
	author = {Bo\v{s}kovi\'c, \v{Z}eljko},
	booktitle = {Agreement Systems},
	checked = {EE 2022},
	doi = {10.1075/la.92.07bos},
	editor = {Boeckx, Cedric},
	number = {92},
	pages = {99--121},
	publisher = benjamins,
	series = {Linguistics Today},
	title = {Case and Agreement with Genitive of Quantification in {Russian}},
	year = {2006},
	bdsk-url-1 = {https://doi.org/10.1075/la.92.07bos}}

@book{Elbourne:2005:Situations-Individuals,
	address = {Cambridge, MA},
	author = {Elbourne, Paul D.},
	checked = {EE 2022, LK 2022},
	doi = {none},
	keywords = {Name Pronomen Referenzsemantik Semantik},
	number = {none},
	pages = {XII, 234},
	publisher = {MIT Press},
	series = {Current Studies in Linguistics},
	title = {Situations and Individuals},
	year = {2005},
	bdsk-url-1 = {https://doi.org/none}}

@book{Erben:1980:DeutscheGrammatikAbriss12,
	address = {München},
	author = {Erben, Johannes},
	checked = {EE 2022, LK 2022},
	date-modified = {2022-08-08 11:27:50 +0200},
	doi = {none},
	edition = {12},
	number = {none},
	publisher = hueber,
	series = {Sprachen der Welt},
	title = {{Deutsche Grammatik: Ein Abriss}},
	year = {1980},
	bdsk-url-1 = {https://doi.org/none}}

@incollection{Vater:1991:DeterminantienDP,
	author = {Vater, Heinz},
	checked = {EE 2022},
	crossref = {OF91a-ed},
	doi = {10.1515/9783111353838.15},
	pages = {15--34},
	title = {Determinantien in der {DP}},
	bdsk-url-1 = {https://doi.org/10.1515/9783111353838.15}}

@article{Vater:1984:DeterminantienQuantoren,
	author = {Vater, Heinz},
	checked = {LK 2022},
	doi = {10.1515/zfsw.1984.3.1.19},
	journal = {Zeitschrift für Sprachwissenschaft},
	number = {1},
	pages = {19--42},
	title = {{Determinantien und Quantoren im Deutschen}},
	volume = {3},
	year = {1984},
	bdsk-url-1 = {https://doi.org/10.1515/zfsw.1984.3.1.19}}

@book{Gallmann:1990:DP,
	address = {Tübingen},
	author = {Gallmann, Peter},
	checked = {EE 2022},
	doi = {10.1515/9783111376332},
	number = {108},
	publisher = niemeyer,
	series = {Reihe Germanistische Linguistik},
	title = {{Kategoriell komplexe Wortformen: Das Zusammenwirken von Morphologie und Syntax bei der Flexion von Nomen und Adjektiv}},
	year = {1990},
	bdsk-url-1 = {https://doi.org/10.1515/9783111376332}}

@incollection{Vater:1986:NP-StrukturDeutsch,
	address = {Tübingen},
	author = {Vater, Heinz},
	booktitle = {{Zur Syntax der Determinantien}},
	checked = {EE 2022, LK 2022},
	doi = {none},
	editor = {Vater, Heinz},
	number = {31},
	pages = {123--145},
	publisher = stauffenburg,
	series = {Studien zur deutschen Grammatik},
	title = {{Zur NP-Struktur im Deutschen}},
	year = {1986},
	bdsk-url-1 = {https://doi.org/none}}

@inproceedings{Carlson-et-al:2006:WeakDefinites,
	address = {Amherst, MA},
	author = {Carlson, Greg and Sussman, Rachel and Klein, Natalie and Tanenhaus, Michael},
	booktitle = {Proceedings of {NELS} 36},
	checked = {EE 2022, LK 2022},
	doi = {none},
	editor = {Davis, Christopher and Deal, Amy Rose and Zabbal, Youri},
	pages = {179--198},
	publisher = {GLSA},
	series = {none},
	title = {Weak Definite Noun Phrases},
	volume = {1},
	year = {2006},
	bdsk-url-1 = {https://doi.org/none}}

@phdthesis{Kallulli:1999:Dissertation-Albanian,
	address = {Durham},
	author = {Kallulli, Dalina},
	checked = {EE 2022, LK 2022},
	doi = {none},
	school = {University of Durham},
	title = {The Comparative Syntax of {Albanian}: {On} the Contribution of Syntactic Types to Propositional Interpretation},
	type = {Doctoral dissertation},
	year = {1999},
	bdsk-url-1 = {https://doi.org/none}}

@article{Dayal:2011:HindiPsuedoIncor,
	author = {Dayal, Veneeta},
	checked = {EE 2022},
	doi = {10.1007/s11049-011-9118-4},
	journal = nllt,
	number = {1},
	pages = {123--167},
	title = {Hindi Pseudo-Incorporation},
	volume = {29},
	year = {2011},
	bdsk-url-1 = {https://doi.org/10.1007/s11049-011-9118-4}}

@book{Aguilar:2014:WeakDefinites,
	address = {Utrecht},
	author = {Aguilar-Guevara, Ana},
	checked = {EE 2022, LK 2022},
	doi = {none},
	number = {none},
	publisher = {LOT},
	series = {none},
	title = {Weak definites: {Semantics}, lexicon and pragmatics},
	year = {2014},
	bdsk-url-1 = {https://doi.org/none}}

@article{Erschler:2019:DP-Ossetic,
	author = {Erschler, David},
	checked = {EE 2022},
	doi = {10.1017/S0022226719000288},
	journal = {Journal of Linguistics},
	number = {4},
	pages = {879--887},
	title = {A New Argument for Existence of the {DP} in Languages without Articles},
	volume = {55},
	year = {2019},
	bdsk-url-1 = {https://doi.org/10.1017/S0022226719000288}}

@article{Danon:2013:AgreementAlternationQuantifiedNom,
	author = {Danon, Gabi},
	checked = {EE 2022},
	doi = {10.1017/S0022226712000333},
	journal = {Journal of Linguistics},
	number = {1},
	pages = {55--92},
	title = {Agreement Alternations with Quantified Nominals in {Modern Hebrew}},
	volume = {49},
	year = {2013},
	bdsk-url-1 = {https://doi.org/10.1017/S0022226712000333}}

@article{Driemel-Stojkovic2019:AgreeQP,
	author = {Driemel, Imke and Stojković, Jelena},
	checked = {EE 2022},
	doi = {10.5334/gjgl.584},
	journal = {Glossa: a Journal of General Linguistics},
	number = {1},
	pages = {25. 1--32},
	title = {How to Agree with a {QNP}},
	volume = {4},
	year = {2019},
	bdsk-url-1 = {https://doi.org/10.5334/gjgl.584}}

@book{AckemaNeeleman2004,
	address = {Oxford},
	author = {Ackema, Peter and Ad Neeleman},
	checked = {EE 2022, LK 2022},
	doi = {10.1093/acprof:oso/9780199267286.001.0001},
	publisher = {Oxford University Press},
	series = {none},
	title = {Beyond Morphology: {Interface} Conditions on Word Formation},
	year = {2004},
	bdsk-url-1 = {https://doi.org/10.1093/acprof:oso/9780199267286.001.0001}}

@incollection{AckemaNeeleman2007,
	address = {Oxford},
	author = {Ackema, Peter and Ad Neeleman},
	booktitle = {The {Oxford} Handbook of Linguistic Interfaces},
	checked = {EE 2022},
	doi = {10.1093/oxfordhb/9780199247455.013.0011},
	editor = {Gilian Ramchand and Charles Reiss},
	number = {none},
	pages = {325--352},
	publisher = {Oxford University Press},
	series = {Oxford Handbooks in Linguistics},
	title = {Morphology ≠ {Syntax}},
	year = {2007},
	bdsk-url-1 = {https://doi.org/10.1093/oxfordhb/9780199247455.013.0011}}

@article{TrommelenZonneveld1986,
	author = {Trommelen, Mieke and Wim Zonneveld},
	checked = {EE 2022, LK 2022},
	journal = {Linguistic Inquiry},
	number = {1},
	pages = {147--169},
	stableurl = {https://www.jstor.org/stable/4178479},
	title = {Dutch Morphology: {Evidence} for the {Right-hand Head Rule}},
	volume = {17},
	year = {1986}}

@article{Shattuck-HufnagelTurk1996,
	author = {Shattuck-Hufnagel, Stefanie and Alice E. Turk},
	checked = {EE 2022},
	doi = {10.1007/BF01708572},
	journal = {Journal of Psycholinguistic Research},
	number = {2},
	pages = {193--247},
	title = {A Prosody Tutorial for Investigators of Auditory Sentence Processing},
	volume = {25},
	year = {1996},
	bdsk-url-1 = {https://doi.org/10.1007/BF01708572}}

@book{Wittgenstein1953,
	address = {Oxford},
	author = {Wittgenstein, Ludwig},
	checked = {EE 2022, LK 2022},
	doi = {none},
	publisher = blackwell,
	series = {none},
	title = {Philosophical Investigations},
	year = {1953},
	bdsk-url-1 = {https://doi.org/none}}

@incollection{Truckenbrodt2007,
	address = {Cambridge},
	author = {Truckenbrodt, Hubert},
	booktitle = {The {Cambridge} Handbook of Phonology},
	checked = {EE 2022},
	doi = {10.1017/CBO9780511486371.019},
	editor = {Paul de Lacy},
	number = {none},
	pages = {435--456},
	publisher = {Cambridge University Press},
	series = {Cambridge Handbooks in Language and Linguistics},
	title = {The Syntax‐Phonology Interface},
	year = {2007},
	bdsk-url-1 = {https://doi.org/10.1017/CBO9780511486371.019}}

@book{Szczepaniak2009,
	address = {Tübingen},
	author = {Szczepaniak, Renata},
	checked = {EE 2022, LK 2022},
	doi = {none},
	number = {none},
	publisher = narr,
	series = {Narr Studienbücher},
	title = {{Grammatikalisierung im Deutschen: Eine Einführung}},
	year = {2009},
	bdsk-url-1 = {https://doi.org/none}}

@article{ShibataniKageyama1988,
	author = {Shibatani, Masayoshi and Taro Kageyama},
	checked = {EE 2022},
	doi = {10.2307/414529},
	journal = {Language},
	number = {3},
	pages = {451--484},
	title = {Word Formation in a Modular Theory of Grammar: {Postsyntactic} Compounds in {Japanese}},
	volume = {64},
	year = {1988},
	bdsk-url-1 = {https://doi.org/10.2307/414529}}

@article{Szatmari2011,
	author = {Szatmári, Petra},
	checked = {EE 2022, LK 2022},
	doi = {none},
	journal = {Jahrbuch der ungarischen Germanistik},
	number = {none},
	pages = {156--175},
	title = {{Affixoide -- Pro und Kontra}},
	volume = {2011},
	year = {2011},
	bdsk-url-1 = {https://doi.org/none}}

@article{Schnerrer1982,
	author = {Schnerrer, Rosemarie},
	checked = {EE 2022, LK 2022},
	doi = {none},
	journal = {Beiträge zur Erforschung der deutschen Sprache},
	number = {none},
	pages = {22--51},
	title = {{Funktionen des Wortbildungsmorphems \emph{un-} in der deutschen Gegenwartssprache}},
	volume = {2},
	year = {1982},
	bdsk-url-1 = {https://doi.org/none}}

@book{Schmidt2004,
	address = {Stuttgart},
	author = {Schmidt, Wilhelm and Langner, Helmut},
	checked = {EE 2022 – schmidt ist nur Begründer also es gibt inzwischen wesentlich mehr co-Autoren, St.Mü. OK so.},
	doi = {none},
	edition = {9},
	publisher = {Hirzel},
	series = {none},
	title = {{Geschichte der deutschen Sprache: Ein Lehrbuch für das germanistische Studium}},
	volume = {2: {Althochdeutsch, Mittelhochdeutsch und Frühneuhochdeutsch}},
	year = {2004},
	bdsk-url-1 = {https://doi.org/none}}

@incollection{Schmidt1987,
	address = {Tübingen},
	author = {Schmidt, Günter Dietrich},
	booktitle = {{Deutsche Lehnwortbildung: Beiträge zur Erforschung der Wortbildung mit entlehnten WB-Einheiten im Deutschen}},
	checked = {LK 2022},
	doi = {none},
	editor = {Gabriele Hoppe and Alan Kirkness and Elisabeth Link and Isolde Nortmeyer and Wolfgang Rettig and Günter Dietrich Schmidt},
	number = {64},
	pages = {53--101},
	publisher = narr,
	series = {Forschungsberichte des Instituts für Deutsche Sprache Mannheim},
	title = {{Das Affixoid: Zur Notwendigkeit und Brauchbarkeit eines beliebten Zwischenbegriffs der Wortbildung}},
	year = {1987},
	bdsk-url-1 = {https://doi.org/none}}

@article{ScaliseEtAl2009,
	author = {Scalise, Sergio and Antonio Fábregas and Francesca Forza},
	checked = {EE 2022, LK 2022},
	doi = {10.11435/gengo.135.0_49},
	journal = {Gengo Kenkyu},
	number = {none},
	pages = {49--84},
	title = {Exocentricity in Compounding},
	volume = {135},
	year = {2009},
	bdsk-url-1 = {https://doi.org/10.11435/gengo.135.0_49}}

@incollection{ScaliseFabregas2010,
	address = {Amsterdam},
	author = {Scalise, Sergio and Antonio Fábregas},
	booktitle = {Cross-disciplinary Issues in Compounding},
	checked = {EE 2022},
	doi = {10.1075/cilt.311.10sca},
	editor = {Sergio Scalise and Irene Vogel},
	ids = {scalise:et:al:2010:head:compounding},
	number = {311},
	pages = {109--126},
	publisher = benjamins,
	series = {Current Issues in Linguistic Theory},
	title = {The Head in Compounding},
	year = {2010},
	bdsk-url-1 = {https://doi.org/10.1075/cilt.311.10sca}}

@incollection{Scalise1988,
	author = {Scalise, Sergio},
	checked = {EE 2022, LK 2022},
	crossref = {yearbook88},
	doi = {10.1515/9783112329528-012},
	pages = {229--245},
	title = {The Notion of `Head' in Morphology},
	bdsk-url-1 = {https://doi.org/10.1515/9783112329528-012}}

@article{Wiese2006,
	author = {Wiese, Heike},
	checked = {EE 2022, LK 2022},
	doi = {none},
	journal = {Sprachwissenschaft},
	number = {4},
	pages = {457--489},
	title = {{Partikeldiminuierung im Deutschen}},
	volume = {31},
	year = {2006},
	bdsk-url-1 = {https://doi.org/none}}

@book{Wiese1996,
	address = {Oxford},
	author = {Wiese, Richard},
	checked = {EE 2022, LK 2022 – in biblio ist nur die 2000er expanded edition},
	doi = {none},
	number = {none},
	publisher = {Clarendon},
	series = {The Phonology of the World's Languages},
	title = {The Phonology of {German}},
	year = {1996},
	bdsk-url-1 = {https://doi.org/none}}

@article{Barri1975,
	author = {Barri, Nimrod},
	checked = {EE 2022, LK 2022},
	doi = {10.1515/ling.1975.13.163.5},
	journal = {Linguistics},
	number = {163},
	pages = {5--18},
	title = {Note terminologique: {Endocentrique} – exocentrique},
	volume = {13},
	year = {1975},
	bdsk-url-1 = {https://doi.org/10.1515/ling.1975.13.163.5}}

@article{Bauer2008,
	author = {Bauer, Laurie},
	checked = {EE 2022, LK 2022},
	doi = {10.1007/s11525-008-9122-5},
	journal = {Morphology},
	number = {1},
	pages = {51--74},
	title = {Exocentric Compounds},
	volume = {18},
	year = {2008},
	bdsk-url-1 = {https://doi.org/10.1007/s11525-008-9122-5}}

@book{BauerValera2005,
	address = {Münster},
	booktitle = {Approaches to Conversion/""Zero-Derivation},
	checked = {EE 2022, LK 2022},
	doi = {none},
	editor = {Bauer, Laurie and Hernández, Salvador Valera},
	publisher = {Waxmann},
	series = {none},
	title = {Approaches to Conversion/""Zero-Derivation},
	year = {2005},
	bdsk-url-1 = {https://doi.org/none}}

@book{BergenholtzMugdan1979,
	address = {Stuttgart},
	author = {Bergenholtz, Henning and Joachim Mugdan},
	checked = {EE 2022, LK 2022},
	doi = {none},
	number = {296},
	publisher = {Kohlhammer},
	series = {Urban-Taschenbücher},
	title = {{Einführung in die Morphologie}},
	year = {1979},
	bdsk-url-1 = {https://doi.org/none}}

@incollection{Plag2006,
	address = {Oxford},
	author = {Plag, Ingo},
	booktitle = {The Handbook of {English} Linguistics},
	checked = {EE 2022, LK 2022},
	doi = {10.1002/9780470753002.ch23},
	editor = {Bas Aarts and April McMahon},
	pages = {537--556},
	publisher = blackwell,
	series = {none},
	title = {Productivity},
	year = {2006},
	bdsk-url-1 = {https://doi.org/10.1002/9780470753002.ch23}}

@incollection{Booij1996,
	author = {Booij, Geert},
	checked = {stmue 2021},
	crossref = {yearbook95},
	date-modified = {2022-08-09 16:28:36 +0200},
	doi = {10.1007/978-94-017-3716-6_1},
	pages = {1--16},
	title = {Inherent versus Contextual Inflection and the {Split Morphology Hypothesis}},
	bdsk-url-1 = {https://doi.org/10.1007/978-94-017-3716-6_1}}

@incollection{Borer1988,
	author = {Borer, Hagit},
	checked = {EE 2022},
	crossref = {yearbook88},
	doi = {10.1515/9783112329528-005},
	pages = {45--66},
	title = {On the Morphological Parallelism between Compounds and Constructs},
	bdsk-url-1 = {https://doi.org/10.1515/9783112329528-005}}

@article{CaramazzaEtAl1988,
	author = {Caramazza, Alfonso and Alessandro Laudanna and Cristina Romani},
	checked = {EE 2022, LK 2022},
	doi = {10.1016/0010-0277(88)90017-0},
	journal = {Cognition},
	number = {3},
	pages = {297--332},
	title = {Lexical Access and Inflectional Morphology},
	volume = {28},
	year = {1988},
	bdsk-url-1 = {https://doi.org/10.1016/0010-0277(88)90017-0}}

@book{ChomskyHalle1968,
	address = {New York},
	author = {Chomsky, Noam and Morris Halle},
	checked = {EE 2022, LK 2022},
	doi = {none},
	number = {none},
	publisher = {Harper \& Row},
	series = {Studies in Language},
	title = {The Sound Pattern of {English}},
	year = {1968},
	bdsk-url-1 = {https://doi.org/none}}

@incollection{Dressler1994,
	address = {Tübingen},
	author = {Dressler, Wolfgang},
	booktitle = {{Funktionale Untersuchungen zur deutschen Nominal- und Verbalmorphologie}},
	checked = {EE 2022},
	doi = {10.1515/9783111339825-009},
	editor = {Klaus-Michael Köpcke},
	number = {319},
	pages = {131--148},
	publisher = niemeyer,
	series = {Linguistische Arbeiten},
	title = {{Diminutivbildung als nicht"=prototypische Wortbildungsregel}},
	year = {1994},
	bdsk-url-1 = {https://doi.org/10.1515/9783111339825-009}}

@misc{Edelhoff2017,
	author = {Edelhoff, Maike},
	checked = {EE 2022 – Das war ja die Konferenz zu diesem Buch, oder? Muss man das noch irgendwie ausführlicher zitieren? St.Mü: Ist ok so.},
	howpublished = {Talk at ``Köpfigkeit und/""oder grammatische Anarchie?'' Workshop at Freie Universität Berlin},
	title = {{Kein Köpfchen -- oder doch? Zum Status der luxemburgischen Diminutiv-Suffixe}},
	year = {2017}}

@book{Eisenberg2006,
	address = {Stuttgart},
	author = {Eisenberg, Peter},
	checked = {EE 2022, LK 2022 – in biblio gibts nur die neue 2020er Edition (mit ß im Titel). Trotzdem kopieren?},
	doi = {10.1007/978-3-476-05050-2},
	edition = {3},
	publisher = metzler,
	series = {none},
	title = {{Grundriss der deutschen Grammatik}},
	volume = {1: {Das Wort}},
	year = {2006},
	bdsk-url-1 = {https://doi.org/10.1007/978-3-476-05050-2}}

@article{EisenbergSayatz2002,
	author = {Eisenberg, Peter and Sayatz, Ulrike},
	checked = {EE 2022, LK 2022},
	doi = {none},
	journal = {Jahrbuch der ungarischen Germanistik},
	number = {none},
	pages = {137--156},
	title = {{Kategorienhierarchie und Genus: Zur Abfolge der Derivationssuffixe im Deutschen}},
	volume = {2022},
	year = {2002},
	bdsk-url-1 = {https://doi.org/none}}

@article{Elsen2009,
	author = {Elsen, Hilke},
	checked = {EE 2022},
	doi = {10.37307/j.1868-775X.2009.04.03},
	journal = ds,
	number = {4},
	pages = {316--333},
	title = {{Affixoide: Nur was benannt wird, kann auch verstanden werden}},
	volume = {37},
	year = {2009},
	bdsk-url-1 = {https://doi.org/10.37307/j.1868-775X.2009.04.03}}

@inproceedings{Givon1971,
	address = {Chicago, IL},
	author = {Givón, Talmy},
	booktitle = {Papers from the Seventh Regional Meeting of the {Chicago Linguistic Society}},
	checked = {EE 2022, LK 2022},
	doi = {none},
	editor = {none},
	pages = {394--415},
	publisher = {Chicago Linguistic Society},
	title = {Historical Syntax and Synchronic Morphology: {An} Archeologist’s Field Trip},
	volume = {7.1},
	year = {1971},
	bdsk-url-1 = {https://doi.org/none}}

@incollection{Gussenhoven1992,
	address = {Berlin},
	author = {Gussenhoven, Carlos},
	booktitle = {Thematic structure: {Its} Role in Grammar},
	checked = {EE 2022, LK 2022},
	doi = {10.1515/9783110872613.79},
	editor = {Iggy M. Roca},
	number = {16},
	pages = {79--106},
	publisher = {Walter de Gruyter},
	series = {Linguistic Models},
	title = {Sentence Accents and Argument Structure},
	year = {1992},
	bdsk-url-1 = {https://doi.org/10.1515/9783110872613.79}}

@article{HarleyNoyer1999,
	author = {Harley, Heidi and Rolf Noyer},
	checked = {EE 2022, LK 2022},
	doi = {none},
	journal = {Glot International},
	number = {4},
	pages = {3--9},
	title = {Distributed Morphology},
	volume = {4},
	year = {1999},
	bdsk-url-1 = {https://doi.org/none}}

@phdthesis{Heusinger1999,
	author = {Heusinger, Klaus von},
	checked = {EE 2022},
	date-modified = {2022-08-09 11:59:59 +0200},
	school = {University of Konstanz},
	title = {Intonation and Information Structure},
	type = {Habilitation},
	year = {1999}}

@article{Hincha1961,
	author = {Hincha, Georg},
	checked = {EE 2022},
	doi = {10.1016/0024-3841(61)90132-2},
	journal = {Lingua},
	number = {none},
	pages = {267--274},
	title = {Endocentric vs.\ Exocentric Constructions},
	volume = {10},
	year = {1961},
	bdsk-url-1 = {https://doi.org/10.1016/0024-3841(61)90132-2}}

@book{HopperTraugott1993,
	address = {Cambridge},
	author = {Hopper, Paul J. and Elizabeth Closs Traugott},
	checked = {EE 2022, LK 2022},
	doi = {10.1017/CBO9781139165525},
	number = {none},
	publisher = {Cambridge University Press},
	series = {Cambridge Textbooks in Linguistics},
	title = {Grammaticalization},
	year = {1993},
	bdsk-url-1 = {https://doi.org/10.1017/CBO9781139165525}}

@incollection{Jacobs1993,
	author = {Jacobs, Joachim},
	checked = {EE 2022},
	crossref = {Reis93a-ed},
	doi = {10.1515/9783111658469.63},
	pages = {63--116},
	title = {Integration},
	year = {1993},
	bdsk-url-1 = {https://doi.org/10.1515/9783111658469.63}}

@article{Koepcke2002,
	author = {Köpcke, Klaus-Michael},
	checked = {EE 2022, LK 2022},
	doi = {10.1515/zfgl.2003.001},
	journal = {Zeitschrift für Germanistische Linguistik},
	number = {3},
	pages = {293--309},
	title = {{Die sogenannte \emph{i}-Derivation in der deutschen Gegenwartssprache: Ein Fall für output-orientierte Wortbildung}},
	volume = {30},
	year = {2003},
	bdsk-url-1 = {https://doi.org/10.1515/zfgl.2003.001}}

@book{Korth2014,
	address = {Tübingen},
	author = {Korth, Manuela},
	checked = {EE 2022, LK 2022},
	doi = {none},
	number = {88},
	publisher = stauffenburg,
	series = {Studien zur deutschen Grammatik},
	title = {{Von der Syntax zur Prosodie: Über das strukturelle Verhältnis zweier Komponenten der Grammatik im Deutschen}},
	year = {2014},
	bdsk-url-1 = {https://doi.org/none}}

@book{Lehmann2015,
	address = {Berlin},
	author = {Lehmann, Christian},
	checked = {EE 2022},
	doi = {10.17169/langsci.b88.98},
	number = {1},
	publisher = {Language Science Press},
	series = {Classics in Linguistics},
	title = {Thoughts on Grammaticalization},
	year = {2015},
	bdsk-url-1 = {https://doi.org/10.17169/langsci.b88.98}}

@book{Loebner2003,
	address = {Berlin},
	author = {Löbner, Sebastian},
	checked = {EE 2022},
	doi = {10.1515/9783110904260},
	number = {none},
	publisher = {De Gruyter},
	series = {De Gruyter Studienbuch},
	title = {{Semantik: Eine Einführung}},
	year = {2003},
	bdsk-url-1 = {https://doi.org/10.1515/9783110904260}}

@incollection{Motsch1965,
	address = {Berlin},
	author = {Motsch, Wolfgang},
	booktitle = {Studia Grammatica I},
	checked = {EE 2022, LK 2022},
	doi = {10.1515/9783112533147-003},
	editor = {Akademie der Wissenschaften der DDR. Arbeitsstelle Strukturelle Grammatik},
	number = {1},
	pages = {31--50},
	publisher = {Akademie Verlag},
	series = {Studia Grammatika},
	title = {{Zur Stellung der `Wortbildung' in einem formalen Sprachmodell}},
	year = {1965},
	bdsk-url-1 = {https://doi.org/10.1515/9783112533147-003}}

@book{NueblingEtAl2010,
	address = {Tübingen},
	author = {Nübling, Damaris and Antje Dammel and Janet Duke and Renata Szczepaniak},
	checked = {EE 2022, LK 2022},
	doi = {none},
	edition = {3},
	number = {none},
	publisher = narr,
	series = {Narr Studienbücher},
	title = {{Historische Sprachwissenschaft des Deutschen: Eine Einführung in die Prinzipien des Sprachwandels}},
	year = {2010},
	bdsk-url-1 = {https://doi.org/none}}

@article{Olsen1990,
	author = {Olsen, Susan},
	checked = {LK 2022},
	date-modified = {2022-08-25 22:00:09 +0200},
	doi = {none},
	ids = {Olsen1990b},
	journal = ds,
	number = {2},
	pages = {126--147},
	title = {{Zum Begriff des morphologischen Heads}},
	volume = {18},
	year = {1990},
	bdsk-url-1 = {https://doi.org/none}}

@article{arcodia:2012:constructions:headedness,
	author = {Arcodia, Giorgio Francesco},
	checked = {EE 2022},
	date-modified = {2022-10-04 17:05:03 +0200},
	doi = {10.1007/s11525-011-9189-2},
	journal = {Morphology},
	langid = {british},
	number = {3},
	pages = {365--397},
	title = {Constructions and Headedness in Derivation and Compounding},
	volume = {22},
	year = {2012},
	bdsk-url-1 = {https://doi.org/10.1007/s11525-011-9189-2}}

@article{becker:1990:word:heads,
	author = {Becker, Thomas},
	checked = {EE 2022, LK 2022},
	journal = {Acta Linguistica Hungarica},
	langid = {british},
	number = {1--2},
	pages = {5--17},
	stableurl = {https://www.jstor.org/stable/44306681},
	title = {Do Words Have Heads?},
	volume = {40},
	year = {1990}}

@article{becker:1992:compounding:german,
	author = {Becker, Thomas},
	checked = {EE 2022, LK 2022},
	doi = {none},
	ids = {Becker92a},
	journal = {Rivista di Linguistica},
	langid = {british},
	number = {1},
	pages = {5--36},
	title = {Compounding in {German}},
	volume = {4},
	year = {1992},
	bdsk-url-1 = {https://doi.org/none}}

@article{benware:1987:accent:variation,
	author = {Benware, Wilbur A.},
	checked = {EE 2022, LK 2022 – muss man (A(BC)) wirklich so kompliziert schreiben?},
	doi = {none},
	journal = {Linguistische Berichte},
	langid = {british},
	number = {none},
	pages = {102--127},
	title = {Accent Variation in {German} Nominal Compounds of the Type {$\left(\smash{\operatorname{A}\left(\smash{\operatorname{B}\operatorname{C}}\right)}\right)$}},
	volume = {108},
	year = {1987},
	bdsk-url-1 = {https://doi.org/none}}

@incollection{borgwaldt:2013:fugenelemente:bindestriche,
	address = {Berlin},
	author = {Borgwaldt, Susanne R.},
	booktitle = {{Die Schnittstelle von Morphologie und geschriebener Sprache}},
	checked = {EE 2022},
	doi = {10.1515/9783110336665.103},
	editor = {Neef, Martin and Scherer, Carmen},
	langid = {german},
	number = {551},
	pages = {103--133},
	publisher = {De Gruyter},
	series = {Linguistische Arbeiten},
	title = {{Fugenelemente und Bindestriche in neugebildeten $\operatorname{N}\operatorname{N}$-Komposita}},
	year = {2013},
	bdsk-url-1 = {https://doi.org/10.1515/9783110336665.103}}

@incollection{budde:2012:woerter:saetze,
	address = {Würzburg},
	author = {Budde, Monika},
	booktitle = {Sign Culture/""{Zeichen Kultur}},
	checked = {EE 2022, LK 2022},
	doi = {none},
	editor = {Hess-Lüttich, Ernest W. B.},
	langid = {german},
	pages = {51–87},
	publisher = {Königshausen \& Neumann},
	series = {none},
	title = {{Wörter und Sätze: Anmerkungen zur disziplinären Struktur der Sprachwissenschaft}},
	year = {2012},
	bdsk-url-1 = {https://doi.org/none}}

@book{cruse:1986:lexical:semantics,
	address = {Cambridge},
	author = {Cruse, D. Alan},
	checked = {EE 2022, LK 2022},
	doi = {none},
	langid = {british},
	number = {none},
	publisher = {Cambridge University Press},
	series = {Cambridge Textbooks in Linguistic},
	title = {Lexical Semantics},
	year = {1986},
	bdsk-url-1 = {https://doi.org/none}}

@article{downing:1977:creation:use,
	author = {Downing, Pamela},
	checked = {EE 2022},
	doi = {10.2307/412913},
	journal = {Language},
	langid = {british},
	number = {4},
	pages = {810--842},
	title = {On the Creation and Use of {English} Compound Nouns},
	volume = {53},
	year = {1977},
	bdsk-url-1 = {https://doi.org/10.2307/412913}}

@book{dudenredaktion:2015:duden:aussprachewoerterbuch,
	address = {Berlin},
	author = {Duden},
	checked = {EE 2022, LK 2022 – bibliographisches Institut und IDS stehen auch in der Titelei aber weiß nicht wo man die noch unterbringen soll},
	doi = {none},
	edition = {7},
	editor = {{Dudenredaktion}},
	langid = {german},
	number = {6},
	publisher = {Dudenverlag},
	series = {{Der Duden: Das Standardwerk zur deutschen Sprache}},
	title = {{Duden: Das Aussprachewörterbuch}},
	year = {2015},
	bdsk-url-1 = {https://doi.org/none}}

@book{eisenberg:2013:grundriss:deutschen:1,
	address = {Stuttgart},
	author = {Eisenberg, Peter},
	checked = {EE 2022, LK 2022 – andere Edition als vorher 2006 aber da die DOI zur 2013er führt, hab ich sie oben rausgenommen},
	doi = {10.1007/978-3-476-00757-5},
	edition = {4},
	langid = {german},
	publisher = metzler,
	series = {none},
	title = {{Grundriss der deutschen Grammatik}},
	volume = {1: {Das Wort}},
	year = {2013},
	bdsk-url-1 = {https://doi.org/10.1007/978-3-476-00757-5}}

@book{fleischer:et:al:2012:wortbildung:deutschen,
	address = {Berlin},
	author = {Fleischer, Wolfgang and Barz, Irmhild},
	checked = {EE 2022},
	date-modified = {2022-08-25 19:55:30 +0200},
	doi = {10.1515/9783110256659},
	edition = {4},
	ids = {FleischerBarz2012},
	langid = {german},
	number = {none},
	publisher = {De Gruyter},
	series = {De Gruyter Studium},
	title = {{Wortbildung der deutschen Gegenwartssprache}},
	year = {2012},
	bdsk-url-1 = {https://doi.org/10.1515/9783110256659}}

@phdthesis{friedrich:2008:kontamination:form,
	address = {Erlangen-Nürnberg},
	author = {Friedrich, Cornelia},
	checked = {EE 2022},
	langid = {ngerman},
	opturl = {http://opus4.kobv.de/opus4-fau/files/745/CorneliaFriedrichDissertation.pdf},
	opturldate = {2014-04-12},
	school = {Philosophische Fakultät und Fachbereich Theologie der Friedrich-Alexander-Universität},
	title = {{Kontamination: Zur Form und Funktion eines Wortbildungstyps im Deutschen}},
	type = {Dissertation},
	year = {2008},
	bdsk-url-1 = {http://opus4.kobv.de/opus4-fau/files/745/CorneliaFriedrichDissertation.pdf}}

@book{fuhrhop:1998:grenzfaelle:morphologischer,
	address = {Tübingen},
	author = {Fuhrhop, Nanna},
	checked = {EE 2022},
	doi = {none},
	langid = {german},
	number = {57},
	publisher = stauffenburg,
	series = {Studien zur deutschen Grammatik},
	title = {{Grenzfälle morphologischer Einheiten}},
	year = {1998},
	bdsk-url-1 = {https://doi.org/none}}

@article{lieb:1985:conceptual:meaning,
	author = {Lieb, Hans-Heinrich},
	checked = {EE 2022},
	doi = {10.1515/semi.1985.57.1-2.1},
	journal = {Semiotica: Journal of the International Association for Semiotic Studies},
	langid = {british},
	number = {1--2},
	pages = {1--12},
	title = {Conceptual Meaning in Natural Languages},
	volume = {57},
	year = {1985},
	bdsk-url-1 = {https://doi.org/10.1515/semi.1985.57.1-2.1}}

@article{lieb:1992:paradigma:klassifikation,
	author = {Lieb, Hans-Heinrich},
	checked = {EE 2022},
	doi = {10.1515/zfsw.1992.11.1.3},
	journal = {Zeitschrift für Sprachwissenschaft},
	langid = {german},
	number = {1},
	pages = {3--46},
	title = {{Paradigma und Klassifikation: Explikation des Paradigmenbegriffs}},
	volume = {11},
	year = {1992},
	bdsk-url-1 = {https://doi.org/10.1515/zfsw.1992.11.1.3}}

@incollection{lieb:1999:morph:wort,
	address = {Hildesheim},
	author = {Lieb, Hans-Heinrich},
	booktitle = {{Variation und Stabilität in der Wortstruktur: Untersuchungen zu Entwicklung, Erwerb und Varietäten des Deutschen und anderer Sprachen}},
	checked = {EE 2022},
	doi = {none},
	editor = {Butt, Matthias and Fuhrhop, Nanna},
	langid = {german},
	number = {141--142},
	pages = {334--407},
	publisher = olms,
	series = {{Germanistische Linguistik}},
	title = {{Morph, Wort, Silbe: Umrisse einer Integrativen Phonologie des Deutschen}},
	year = {1999},
	bdsk-url-1 = {https://doi.org/none}}

@incollection{lieb:1999:was:wortakzent,
	address = {Berlin},
	author = {Lieb, Hans-Heinrich},
	booktitle = {{\emph{Grippe}, \emph{Kamm} und \emph{Eulenspiegel}: Festschrift für Elmar Seebold zum 65.\ Geburtstag}},
	checked = {EE 2022 – DOI fehlt, deG antwortet: Wir mussten das eBook zurückziehen. Daher haben wir auch keine gültige DOI für das eBook.},
	doi = {none},
	editor = {Schindler, Wolfgang and Untermann, Jürgen},
	langid = {german},
	pages = {225--261},
	publisher = {Mouton de Gruyter},
	series = {none},
	title = {{Was ist Wortakzent? Eine Untersuchung am Beispiel des Deutschen}},
	year = {1999},
	bdsk-url-1 = {https://doi.org/none}}

@incollection{lieb:2005:notions:paradigm,
	address = {Berlin},
	author = {Lieb, Hans-Heinrich},
	checked = {EE 2022},
	crossref = {CHJL2005a-ed},
	doi = {10.1515/9783110171471.2.36.1613},
	pages = {1613--1646},
	title = {Notions of Paradigm in Grammar},
	bdsk-url-1 = {https://doi.org/10.1515/9783110171471.2.36.1613}}

@incollection{CHJL2005a-ed,
	address = {Berlin},
	checked = {EE 2022},
	editor = {Cruse, D. Alan and Hundsnurscher, Franz and Job, Michael and Lutzeier, Peter R.},
	number = {21},
	publisher = {De Gruyter Mouton},
	title = {Notions of Paradigm in Grammar},
	volume = {2},
	xdata = {CHJL2005a-ed-xdata},
	year = {2005}}

@misc{lieb:2013:general:theory,
	author = {Lieb, Hans-Heinrich},
	checked = {EE 2022},
	doi = {none},
	howpublished = {Ms. Freie Universität Berlin},
	langid = {british},
	title = {Towards a General Theory of Word Formation: {The Process Model}},
	url = {https://refubium.fu-berlin.de/handle/fub188/14780},
	urldate = {2022-08-17},
	year = {2013},
	bdsk-url-1 = {https://refubium.fu-berlin.de/handle/fub188/14780}}

@incollection{mueller:et:al:2011:kontamination,
	address = {Stuttgart},
	author = {Müller, Peter O. and Friedrich, Cornelia},
	booktitle = {{Wortbildung im Deutschen zwischen Sprachsystem und Sprachgebrauch: Perspektiven -- Analysen -- Anwendungen}},
	checked = {EE 2022},
	doi = {none},
	editor = {Elsen, Hilke and Michel, Sascha},
	langid = {german},
	pages = {73--107},
	publisher = {ibidem},
	series = {none},
	title = {Kontamination},
	year = {2011},
	bdsk-url-1 = {https://doi.org/none}}

@phdthesis{nolda:2012:konversion:deutschen,
	author = {Nolda, Andreas},
	checked = {EE 2022},
	doi = {none},
	langid = {ngerman},
	school = {Humboldt-Uni\-ver\-si\-tät zu Berlin},
	title = {{Konversion im Deutschen -- Muster und Beschränkungen: Mit einem Grundriss einer allgemeinen Theorie der Wortbildung}},
	type = {Habilitation},
	year = {2013},
	bdsk-url-1 = {https://doi.org/none}}

@incollection{nolda:2016:formation:prepositional,
	address = {Amsterdam},
	author = {Nolda, Andreas},
	booktitle = {Inner-sentential Propositional Proforms: {Syntactic} Properties and Interpretative Effects},
	checked = {EE 2022},
	date-modified = {2022-08-24 18:30:23 +0200},
	doi = {10.1075/la.232.07nol},
	editor = {Frey, Werner and Meinunger, André and Schwabe, Kerstin},
	langid = {british},
	number = {232},
	pages = {171--210},
	publisher = benjamins,
	series = lalt,
	title = {On the Formation of Prepositional Adverbs in {Modern German}: {A} Case Study on \emph{da\-run\-ter}},
	year = {2016},
	bdsk-url-1 = {https://doi.org/10.1075/la.232.07nol}}

@incollection{nolda:2018:explaining:linguistic,
	address = {Amsterdam},
	author = {Nolda, Andreas},
	booktitle = {Essays on Linguistic Realism},
	checked = {EE 2022},
	doi = {10.1075/slcs.196.08nol},
	editor = {Behme, Christina and Neef, Martin},
	langid = {british},
	number = {196},
	pages = {203--233},
	publisher = benjamins,
	series = {Studies in Language Companion Series},
	title = {Explaining Linguistic Facts in a Realist Theory of Word Formation},
	year = {2018},
	bdsk-url-1 = {https://doi.org/10.1075/slcs.196.08nol}}

@incollection{nolda:2019:wortbildung:flexion,
	address = {Szeged},
	author = {Nolda, Andreas},
	booktitle = {{„Vnd der gieng treulich, weislich vnd mëndlich mit den sachen vmb“: Festschrift für Péter Bassola zum 75.\ Geburtstag}},
	checked = {EE 2022},
	doi = {10.14232/Festschrift.Bassola},
	editor = {Drewnowska-Vargáné, Ewa and Kappel, Péter and Modrián-Horváth, Bernadett and Rauzs, Orsolya},
	langid = {german},
	number = {15},
	pages = {359–377},
	publisher = {Szegedi Tudományegyetem},
	series = {Acta Germanica},
	title = {{Wortbildung und Flexion in Morphologie und Syntax: Zur Bildung von Präfix- und Partikelverben im Deutschen}},
	url = {http://acta.bibl.u-szeged.hu/62236/},
	urldate = {2019-09-18},
	year = {2019},
	bdsk-url-1 = {http://acta.bibl.u-szeged.hu/62236/}}

@incollection{olsen:2012:semantics:compounds,
	author = {Olsen, Susan},
	checked = {EE 2022},
	crossref = {vHMP2012a-ed},
	doi = {10.1515/9783110253382.2120},
	pages = {2120--2150},
	title = {Semantics of Compounds},
	bdsk-url-1 = {https://doi.org/10.1515/9783110253382.2120}}

@incollection{olsen:2014:coordinative:structures,
	address = {Berlin},
	author = {Olsen, Susan},
	booktitle = {{Zwischen Kern und Peripherie: Untersuchungen zu Randbereichen in Sprache und Grammatik}},
	checked = {EE 2022},
	doi = {10.1524/9783050065335.269},
	editor = {Machicao y Priemer, Antonio and Nolda, Andreas and Sioupi, Athina},
	langid = {british},
	number = {75},
	pages = {269--286},
	publisher = {De Gruyter},
	series = {Studia Grammatica},
	title = {Coordinative Structures in Morphology},
	year = {2014},
	bdsk-url-1 = {https://doi.org/10.1524/9783050065335.269}}

@article{ronneberger-sibold:2006:lexical:blends,
	author = {Ronneberger-Sibold, Elke},
	checked = {EE 2022},
	doi = {10.1515/flin.40.1-2.155},
	journal = {Folia Linguistica},
	langid = {british},
	number = {1--2},
	pages = {155--181},
	title = {Lexical Blends: {Functionally} Tuning the Transparency of Complex Words},
	volume = {40},
	year = {2006},
	bdsk-url-1 = {https://doi.org/10.1515/flin.40.1-2.155}}

@incollection{ronneberger-sibold:2015:word:creation,
	author = {Ronneberger-Sibold, Elke},
	checked = {EE 2022},
	crossref = {MOOR2015a-ed},
	doi = {10.1515/9783110246254-028},
	pages = {485--500},
	title = {Word-creation},
	bdsk-url-1 = {https://doi.org/10.1515/9783110246254-028}}

@incollection{scherer:2013:schreibung:fenster,
	address = {Berlin},
	author = {Scherer, Carmen},
	booktitle = {{Die Schnittstelle von Morphologie und geschriebener Sprache}},
	checked = {EE 2022},
	doi = {10.1515/9783110336665.157},
	editor = {Neef, Martin and Scherer, Carmen},
	langid = {german},
	number = {551},
	pages = {157--187},
	publisher = {De Gruyter},
	series = {{Linguistische Arbeiten}},
	title = {{Schreibung als Fenster zur Wortstruktur? Strukturmarkierende Schreibungen bei Kontaminationen}},
	year = {2013},
	bdsk-url-1 = {https://doi.org/10.1515/9783110336665.157}}

@article{schulz:2004:jein:fortschrott,
	author = {Schulz, Matthias},
	checked = {EE 2022},
	doi = {10.1515/zfgl.2004.32.2.286},
	journal = {Zeitschrift für germanistische Linguistik},
	langid = {german},
	number = {2},
	pages = {286--306},
	title = {{\emph{Jein}, \emph{Fortschrott} und \emph{Ehrgeizhals}: Wortkreuzungen in der deutschen Gegenwartssprache}},
	volume = {32},
	year = {2004},
	bdsk-url-1 = {https://doi.org/10.1515/zfgl.2004.32.2.286}}

@book{Allen1973,
	address = {Cambridge},
	author = {Allen, W. Sidney},
	checked = {EE 2022 – es gibt einige Titel der Serie bei cambridge.org/core aber vllt wird der hier erst später noch hinzugefügt. Bis da hin gibts keine DOI},
	doi = {none},
	number = 12,
	publisher = {Cambridge University Press},
	series = {Cambridge Studies in Linguistics},
	title = {Accent and Rhythm: {Prosodic} Features of {Latin} and {Greek}: {A} Study in Theory and Reconstruction},
	year = {1973},
	bdsk-url-1 = {https://doi.org/none}}

@book{Bunia2014,
	address = {Berlin},
	author = {Bunia, Remigius},
	checked = {EE 2022},
	doi = {none},
	publisher = {Ripperger \& Kremers},
	series = {none},
	title = {{Metrik und Kulturpolitik: Verstheorie bei Opitz, Klopstock und Bürger in der europäischen Tradition}},
	year = {2014},
	bdsk-url-1 = {https://doi.org/none}}

@book{Coenen1998,
	address = {Darmstadt},
	author = {Coenen, Hans Georg},
	checked = {EE 2022},
	doi = {none},
	publisher = {Wissenschaftliche Buchgesellschaft},
	series = {none},
	title = {{Französische Verslehre: Ein Lehr- und Arbeitsbuch}},
	year = {1998},
	bdsk-url-1 = {https://doi.org/none}}

@book{Delbrueck1900,
	address = {Straßburg},
	author = {Delbrück, Berthold},
	checked = {EE 2022},
	doi = {10.1515/9783111448374},
	number = {3},
	publisher = {Trübner},
	series = {Grundriss der vergleichenden Grammatik der indogermanischen Sprachen},
	title = {{Vergleichende Syntax der indogermanischen Sprachen}},
	year = {1900},
	bdsk-url-1 = {https://doi.org/10.1515/9783111448374}}

@incollection{Donegan1979,
	address = {Bloomington},
	author = {Donegan, Patricia and David Stampe},
	booktitle = {Current Approaches to Phonological Theory},
	checked = {EE 2022},
	doi = {none},
	editor = {Dinnsen, Daniel},
	pages = {126--173},
	publisher = {Indiana University Press},
	series = {none},
	title = {The Study of Natural Phonology},
	year = {1979},
	bdsk-url-1 = {https://doi.org/none}}

@incollection{DresherLahiri2005,
	address = {Amsterdam},
	author = {Dresher, Elan and Aditi Lahiri},
	booktitle = {Historical Linguistics 2003: {Selected} Papers from the 16th {International Conference on Historical Linguistics, Copenhagen, August 11--15}},
	checked = {EE 2022},
	doi = {10.1075/cilt.257.07dre},
	editor = {Michael Fortescue and Eva Skafte Jensen and Jens Erik Mogensen and Lene Schøsler},
	number = 257,
	pages = {75--85},
	publisher = benjamins,
	series = {Current Issues in Linguistic Theory},
	title = {Main Stress Left in {Early Middle English}},
	year = {2005},
	bdsk-url-1 = {https://doi.org/10.1075/cilt.257.07dre}}

@article{Abeille:05,
	author = {Abeillé, Anne},
	checked = {stmue 2021},
	doi = {10.3917/lang.160.0042},
	journal = {Langages},
	langid = {french},
	number = {none},
	pages = {42--66},
	title = {Les syntagmes conjoints et leurs fonctions syntaxiques},
	volume = {160},
	year = {2005},
	bdsk-url-1 = {https://doi.org/10.3917/lang.160.0042}}

@misc{Dufter2010,
	address = {Berlin},
	author = {Dufter, Andreas},
	checked = {EE 2022},
	doi = {none},
	howpublished = {Talk at the 32nd {Annual Meeting of the DGfS} at {Humboldt-Universität Berlin, February} 24--26, 2010},
	title = {Meter and Prosody: {Comparing} Accentual and Caesura Restrictions in {French} and {Spanish} Verse},
	year = {2010},
	bdsk-url-1 = {https://doi.org/none}}

@incollection{FabbHalle2009,
	address = {Amsterdam},
	author = {Fabb, Nigel and Morris Halle},
	booktitle = {Towards a Typology of Poetic Forms: {From} Language to Metrics and Beyond},
	checked = {LK 2022},
	doi = {10.1075/lfab.2.08fab},
	editor = {Jean-Louis Aroui and Andy Arleo},
	number = 2,
	pages = {167--192},
	publisher = benjamins,
	series = {Language Faculty and Beyond},
	title = {Pairs and Triplets: {A} Theory of Metrical Verse},
	year = {2009},
	bdsk-url-1 = {https://doi.org/10.1075/lfab.2.08fab}}

@book{Fery2000,
	address = {Potsdam},
	author = {Féry, Caroline},
	checked = {EE 2022},
	doi = {none},
	number = 7,
	publisher = {Universitätsverlag Potsdam},
	series = {Linguistics in Potsdam},
	title = {{Phonologie des Deutschen: Eine optimalitätstheoretische Einführung}},
	year = {2000},
	bdsk-url-1 = {https://doi.org/none}}

@book{Gasparov1996,
	address = {Oxford},
	author = {Gasparov, Mikhail Leonovich},
	checked = {EE 2022},
	doi = {10.1093/acprof:oso/9780198158790.001.0001},
	publisher = {Clarendon Press},
	series = {none},
	title = {A History of {European} Versification},
	year = {1996},
	bdsk-url-1 = {https://doi.org/10.1093/acprof:oso/9780198158790.001.0001}}

@incollection{HalleIdsardi1995,
	address = {Oxford},
	author = {Halle, Morris and William Idsardi},
	booktitle = {The Handbook of Phonological Theory},
	checked = {stmue 2021},
	doi = {none},
	editor = {John A. Goldsmith},
	number = 1,
	pages = {403--443},
	publisher = blackwell,
	series = {Blackwell Handbooks in Linguistics},
	title = {General Properties of Stress and Metrical Structure},
	year = {1995},
	bdsk-url-1 = {https://doi.org/none}}

@article{HansonKiparsky1996,
	author = {Hanson, Kristin and Paul Kiparsky},
	checked = {EE 2022},
	doi = {10.2307/416652},
	journal = {Language},
	number = {2},
	pages = {287--335},
	title = {A Parametric Theory of Poetic Meter},
	volume = {72},
	year = {1996},
	bdsk-url-1 = {https://doi.org/10.2307/416652}}

@incollection{Hayes1989,
	address = {Orlando},
	author = {Hayes, Bruce},
	booktitle = {Rhythm and Meter},
	checked = {EE 2022},
	doi = {10.1016/B978-0-12-409340-9.50013-9},
	editor = {Paul Kiparsky and Gilbert Youmans},
	number = 1,
	pages = {201--260},
	publisher = {Academic Press},
	series = {Phonetics and Phonology},
	title = {The Prosodic Hierarchy in Meter},
	year = {1989},
	bdsk-url-1 = {https://doi.org/10.1016/B978-0-12-409340-9.50013-9}}

@book{Heusler1925,
	address = {Berlin},
	author = {Heusler, Andreas},
	checked = {EE 2022},
	doi = {10.1515/9783111609515},
	langid = {ngerman},
	number = {8},
	publisher = {Walter de Gruyter},
	series = {Grundriß der germanischen Philologie},
	title = {{Deutsche Versgeschichte: Mit Einschluss des altenglischen und altnordischen Stabreimverses}},
	volume = {1},
	year = {1925},
	bdsk-url-1 = {https://doi.org/10.1515/9783111609515}}

@article{Hofmann1963,
	author = {Hofmann, Dietrich},
	checked = {EE 2022},
	doi = {none},
	journal = {Zeitschrift für deutsches Altertum und deutsche Literatur},
	langid = {ngerman},
	number = {2},
	pages = {83--121},
	stableurl = {https://www.jstor.org/stable/20655104},
	title = {{Die Frage des musikalischen Vortrags der altgermanischen Stabreimdichtung in philologischer Sicht}},
	volume = {92},
	year = {1963},
	bdsk-url-1 = {https://doi.org/none}}

@article{HurchNathan1996,
	author = {Hurch, Bernhard and Geoffrey Nathan},
	checked = {EE 2022},
	doi = {10.1524/stuf.1996.49.3.231},
	journal = {STUF -- Language Typology and Universals},
	number = {3},
	pages = {231--245},
	title = {Naturalness in Phonology},
	volume = {49},
	year = {1996},
	bdsk-url-1 = {https://doi.org/10.1524/stuf.1996.49.3.231}}

@article{Hyde2002,
	author = {Hyde, Brett},
	checked = {EE 2022},
	doi = {10.1017/S0952675703004391},
	journal = {Phonology},
	number = {3},
	pages = {313--359},
	title = {A Restrictive Theory of Metrical Stress},
	volume = {19},
	year = {2002},
	bdsk-url-1 = {https://doi.org/10.1017/S0952675703004391}}

@article{Jammers1964,
	author = {Jammers, Ewald},
	checked = {EE 2022},
	doi = {none},
	journal = {Zeitschrift für deutsches Altertum und deutsche Literatur},
	langid = {ngerman},
	number = {1},
	pages = {1--13},
	stableurl = {https://www.jstor.org/stable/20655153},
	title = {{Der Vortrag des altgermanischen Stabreimverses in musikwissenschaftlicher Sicht}},
	volume = {93},
	year = {1964},
	bdsk-url-1 = {https://doi.org/none}}

@article{JunFougeron2002,
	author = {Jun, Sun-Ah and Cécile Fougeron},
	checked = {EE 2022},
	doi = {10.1515/prbs.2002.002},
	journal = {Probus},
	number = {1},
	pages = {147--172},
	title = {The Realizations of the Accentual Phrase in {French} Intonation},
	volume = {14},
	year = {2002},
	bdsk-url-1 = {https://doi.org/10.1515/prbs.2002.002}}

@book{Encyclopedia1993,
	address = {Princeton},
	checked = {EE 2022},
	doi = {none},
	edition = 3,
	editor = {Alex Preminger and Brogan, Terry V. F.},
	publisher = {Princeton University Press},
	series = {none},
	title = {The New {Princeton} Encyclopedia of Poetry and Poetics},
	year = {1993},
	bdsk-url-1 = {https://doi.org/none}}

@incollection{Krisch1997,
	address = {Wiesbaden},
	author = {Krisch, Thomas},
	booktitle = {{Berthold Delbrück} y la Sintaxis Indoeuropea Hoy: {Actas del Coloquio de la Indogermanische Gesellschaft, Madrid, 1--24 de septiembre de 1994}},
	checked = {EE 2022},
	doi = {none},
	editor = {Emilio Crespo and José Luis García Ramón},
	pages = {283--309},
	publisher = {Dr.\ Ludwig Reichert Verlag},
	series = {none},
	title = {{Delbrücks Arbeiten zur Wortstellung aus heutiger Sicht}},
	year = {1997},
	bdsk-url-1 = {https://doi.org/none}}

@article{Kuhn1933,
	author = {Kuhn, Hans},
	checked = {EE 2022, LK 2022},
	doi = {10.1515/bgsl.1933.1933.57.1},
	journal = {{Beiträge zur Geschichte der deutschen Sprache und Literatur}},
	number = {Jahresband},
	pages = {1--109},
	title = {{Zur Wortstellung und -betonung im Altgermanischen}},
	volume = {57},
	year = {1933},
	bdsk-url-1 = {https://doi.org/10.1515/bgsl.1933.1933.57.1}}

@article{Kurylowicz1945,
	author = {Kuryłowicz, Jerzy},
	checked = {stmue 2021},
	doi = {none},
	journal = {Bulletin Linguistique},
	number = {none},
	pages = {39--45},
	title = {{Le changement accentuel dans la langue Française du XVIe siècle}},
	volume = {13},
	year = {1945},
	bdsk-url-1 = {http://dspace.bcu-iasi.ro/handle/123456789/570}}

@article{LibermanPrince1977,
	author = {Liberman, Mark and Alan Prince},
	checked = {EE 2022, LK 2022},
	doi = {none},
	journal = {Linguistic Inquiry},
	number = {2},
	pages = {249--336},
	stableurl = {https://www.jstor.org/stable/4177987},
	title = {On Stress and Linguistic Rhythm},
	volume = {8},
	year = {1977},
	bdsk-url-1 = {https://doi.org/none}}

@book{Luraghi1990,
	address = {London},
	author = {Luraghi, Silvia},
	checked = {EE 2022, LK 2022},
	doi = {none},
	number = {none},
	publisher = {Routledge},
	series = {Croom Helm linguistics series},
	title = {Old {Hittite} Sentence Structure},
	year = {1990},
	bdsk-url-1 = {https://doi.org/none}}

@book{Meschonnic1982,
	address = {Paris},
	author = {Meschonnic, Henri},
	checked = {EE 2022, LK 2022},
	doi = {none},
	number = {none},
	publisher = {Verdier},
	series = {Verdier/poche},
	title = {Critique du rythme: {Anthropologie} historique du langage},
	year = {1982},
	bdsk-url-1 = {https://doi.org/none}}

@incollection{Miller1902,
	address = {Baltimore},
	author = {Miller, Charles W.E.},
	booktitle = {Studies in Honor of {Basil L. Gildersleeve}},
	checked = {EE 2022, LK 2022},
	doi = {none},
	editor = {none},
	pages = {479--511},
	publisher = {Johns Hopkins Press},
	series = {none},
	title = {The Relation of the Rhythm of Poetry to that of the Spoken Language with Especial Reference to {Ancient Greek}},
	year = {1902},
	bdsk-url-1 = {https://doi.org/none}}

@book{NesporVogel1986,
	address = {Dordrecht},
	author = {Nespor, Marina and Irene Vogel},
	checked = {EE 2022},
	doi = {10.1515/9783110977790},
	number = 28,
	publisher = foris,
	series = {Studies in Generative Grammar},
	title = {Prosodic Phonology},
	year = {1986},
	bdsk-url-1 = {https://doi.org/10.1515/9783110977790}}

@book{NoelAzizHanna2003,
	address = {Paderborn},
	author = {Noel Aziz Hanna, Patrizia},
	checked = {EE 2022, LK 2022},
	doi = {none},
	number = 15,
	publisher = {Wilhelm Fink Verlag},
	series = {Studien zur Theoretischen Linguistik},
	title = {{Sprachrhythmus in Metrik und Alltagssprache: Untersuchungen zur Funktion des neuhochdeutschen Nebenakzents}},
	year = {2003},
	bdsk-url-1 = {https://doi.org/none}}

@incollection{NoelAzizHanna2008a,
	address = {Budapest},
	author = {Noel Aziz Hanna, Patrizia},
	booktitle = {,,Mielz valt mesure que ne fait estultie'': {A} hatvanéves {Horváth Iván} tiszteletére},
	checked = {EE 2022, LK 2022},
	doi = {none},
	editor = {István Bartók and Béla Hegedüs and Mihály Szegedy-Maszák and Márton Szentpéteri and Levente Seláf and András Veres},
	pages = {237--249},
	publisher = {Krónika Nova},
	series = {none},
	title = {Language Change and Metrics – Versification in the {Middle High German and Early New High German Nibelungen} tradition},
	year = {2008},
	bdsk-url-1 = {https://doi.org/none}}

@article{NoelAzizHanna2008b,
	author = {Noel Aziz Hanna, Patrizia},
	checked = {EE 2022, LK 2022},
	doi = {none},
	journal = {Sprachwissenschaft},
	number = {4},
	pages = {435--453},
	title = {Integrating Quantitative Meter in Non-quantitative Metrical Systems: {The} Rise and Fall of the {German} Hexameter},
	volume = {33},
	year = {2008},
	bdsk-url-1 = {https://doi.org/none}}

@incollection{NoelAzizHanna2010,
	address = {Budapest},
	author = {Noel Aziz Hanna, Patrizia},
	booktitle = {Formes Strophiques Simples/""Simple Strophic Patterns},
	checked = {EE 2022, LK 2022},
	doi = {none},
	editor = {Levente Seláf and Patrizia Noel Aziz Hanna and Joost van Driel},
	number = {1},
	pages = {35--57},
	publisher = {Akadémiai Kiadó},
	series = {Poetica et metrica},
	title = {What Constitutes Anacrusis? {Clause} Openings, {Kuhn's} Law, and the Changing Shape of {Germanic} syntax},
	year = {2010},
	bdsk-url-1 = {https://doi.org/none}}

@article{NoelAzizHanna2013a,
	author = {Noel Aziz Hanna, Patrizia},
	checked = {EE 2022},
	doi = {10.1017/S1470542713000032},
	journal = {Journal of Germanic Linguistics},
	number = {1},
	pages = {1--36},
	title = {On the Loss of High Frequency Function Words},
	volume = {25},
	year = {2013},
	bdsk-url-1 = {https://doi.org/10.1017/S1470542713000032}}

@article{NoelAzizHanna2013b,
	author = {Noel Aziz Hanna, Patrizia},
	checked = {EE 2022},
	doi = {10.1515/cog-2013-0004},
	journal = {Cognitive Linguistics},
	number = {1},
	pages = {115--134},
	title = {Language Processing and the Evolution of Rhythmic Patterns: {Asymmetries} in Binary Stress Systems},
	volume = {24},
	year = {2013},
	bdsk-url-1 = {https://doi.org/10.1515/cog-2013-0004}}

@book{NoelAzizHanna2015,
	address = {Berlin},
	author = {Noel Aziz Hanna, Patrizia},
	checked = {EE 2022},
	doi = {10.1515/9783110418484},
	langid = {ngerman},
	number = 122,
	publisher = {De Gruyter},
	series = {Studia Linguistica Germanica},
	title = {{Wackernagels Gesetz im Deutschen}},
	year = {2015},
	bdsk-url-1 = {https://doi.org/10.1515/9783110418484}}

@book{Paul1905,
	address = {Straßburg},
	author = {Paul, Hermann},
	checked = {EE 2022},
	doi = {10.1515/9783111563909},
	number = {2},
	publisher = {Karl J.\ Trübner},
	series = {{Grundriß der germanischen Philologie}},
	title = {Metrik},
	year = {1905},
	bdsk-url-1 = {https://doi.org/10.1515/9783111563909}}

@book{PaulGlier1961,
	address = {München},
	author = {Paul, Otto and Ingeborg Glier},
	checked = {EE 2022, LK 2022},
	doi = {none},
	edition = {4},
	publisher = hueber,
	series = {none},
	title = {{Deutsche Metrik}},
	year = {1961},
	bdsk-url-1 = {https://doi.org/none}}

@incollection{Reichert2005,
	address = {Berlin},
	author = {Reichert, Hermann},
	booktitle = {{Das Nibelungenlied: Text und Einführung}},
	checked = {EE 2022, LK 2022},
	doi = {10.1515/9783110526547-002},
	editor = {Reichert, Hermann},
	number = {none},
	pages = {3--42},
	publisher = {De Gruyter},
	series = {De Gruyter Texte},
	title = {{Einleitung zum Textteil}},
	year = {2005},
	bdsk-url-1 = {https://doi.org/10.1515/9783110526547-002}}

@misc{VanOostendorp2017,
	author = {Van Oostendorp, Marc},
	checked = {EE 2022, LK 2022},
	doi = {none},
	howpublished = {online article},
	title = {The Head in Poetic Metrics},
	url = {https://ling.auf.net/lingbuzz/003287},
	urldate = {2017-05-05},
	year = {2017},
	bdsk-url-1 = {https://ling.auf.net/lingbuzz/003287}}

@book{Vennemann1986,
	address = {Berlin},
	author = {Vennemann, Theo},
	checked = {EE 2022, LK 2022},
	doi = {10.1515/9783110849691},
	publisher = {De Gruyter Mouton},
	series = {none},
	title = {{Neuere Entwicklungen in der Phonologie}},
	year = {1986},
	bdsk-url-1 = {https://doi.org/10.1515/9783110849691}}

@incollection{Vennemann1995,
	address = {Amsterdam},
	author = {Vennemann, Theo},
	booktitle = {{Quantitätsproblematik und Metrik -- Greifswalder Symposion zur germanischen Grammatik}},
	checked = {EE 2022},
	doi = {10.1163/18756719-90000062},
	editor = {Hans Fix},
	langid = {german},
	number = 42,
	pages = {185--223},
	publisher = {Rodopi},
	series = {Amsterdamer Beiträge zur älteren Germanistik},
	title = {{Der Zusammenbruch der Quantität im Spätmittelalter und sein Einfluß auf die Metrik}},
	year = {1995},
	bdsk-url-1 = {https://doi.org/10.1163/18756719-90000062}}

@book{Voss1802,
	address = {Königsberg},
	author = {Voß, Johann Heinrich},
	checked = {EE 2022, LK 2022},
	doi = {none},
	publisher = {Friedrich Nicolovius},
	series = {none},
	title = {{Zeitmessung der deutschen Sprache: Beilage zu den Oden und Elegien}},
	year = {1802},
	bdsk-url-1 = {https://doi.org/none}}

@article{Wackernagel1892,
	author = {Wackernagel, Jacob},
	checked = {EE 2022, LK 2022},
	doi = {10.1515/9783110242430.333},
	journal = {Indogermanische Forschungen},
	number = {1},
	pages = {333--436},
	title = {{Über ein Gesetz der indogermanischen Wortstellung}},
	volume = {1},
	year = {1892},
	bdsk-url-1 = {https://doi.org/10.1515/9783110242430.333}}

@book{Wackernagel1831,
	address = {Berlin},
	author = {Wackernagel, Wilhelm},
	checked = {EE 2022, LK 2022},
	doi = {none},
	publisher = {Fincke},
	series = {none},
	title = {{Geschichte des deutschen Hexameters und Pentameters bis auf Klopstock}},
	year = {1831},
	bdsk-url-1 = {https://doi.org/none}}

@book{Wagenknecht2007,
	address = {München},
	author = {Wagenknecht, Christian},
	checked = {EE 2022, LK 2022},
	doi = {10.17104/9783406689017},
	edition = {5},
	number = {none},
	publisher = {C. H. Beck},
	series = {C. H. Beck Studium},
	title = {{Deutsche Metrik: Eine historische Einführung}},
	year = {2007},
	bdsk-url-1 = {https://doi.org/10.17104/9783406689017}}

@book{Westphal1892,
	address = {Berlin},
	author = {Westphal, Rudolf},
	checked = {EE 2022, LK 2022},
	doi = {none},
	publisher = {S. Calvary \& Co.},
	series = {none},
	title = {{Allgemeine Metrik der indogermanischen und semitischen Völker auf Grundlage der vergleichenden Sprachwissenschaft}},
	year = {1892},
	bdsk-url-1 = {https://doi.org/none}}

@book{Trubetzkoy1939,
	address = {Prague},
	author = {Trubetzkoy, Nikolai Sergejewitsch},
	checked = {EE 2022, LK 2022},
	date-modified = {2022-07-05 22:19:15 +0200},
	doi = {none},
	number = {7},
	publisher = {Cercle Linguistique de Prague},
	series = {Travaux du Cercle Linguistique de Prague},
	title = {{Grundzüge der Phonologie}},
	year = {1939},
	bdsk-url-1 = {https://doi.org/none}}

@incollection{Nichols1993,
	author = {Nichols, Johanna},
	checked = {EE 2022},
	crossref = {CFMcG93a-ed},
	date-modified = {2022-07-05 22:12:33 +0200},
	doi = {10.1017/CBO9780511659454.008},
	pages = {164--185},
	title = {Heads in Discourse: {Structural} versus Functional Centricity},
	bdsk-url-1 = {https://doi.org/10.1017/CBO9780511659454.008}}

@book{Bauer2017,
	address = {Cambridge},
	author = {Bauer, Laurie},
	checked = {EE 2022},
	doi = {10.1017/9781108235679},
	number = {155},
	publisher = {Cambridge University Press},
	series = {Cambridge Studies in Linguistics},
	title = {Compounds and Compounding},
	year = {2017},
	bdsk-url-1 = {https://doi.org/10.1017/9781108235679}}

@book{CarrEwen2005,
	address = {Philadelphia},
	author = {Carr, Philip and Jacques Durand and Colin J. Ewen},
	checked = {EE 2022},
	doi = {10.1075/cilt.259},
	number = 259,
	publisher = benjamins,
	series = {Current Issues in Linguistic Theory},
	title = {Headhood, Elements, Specification and Contrastivity: {Phonological} Papers in Honor of {John Anderson}},
	year = {2005},
	bdsk-url-1 = {https://doi.org/10.1075/cilt.259}}

@book{Lehiste1970,
	address = {Cambridge, MA},
	author = {Lehiste, Ilse},
	checked = {EE 2022, LK 2022},
	doi = {none},
	publisher = {The MIT Press},
	series = {none},
	title = {Suprasegmentals},
	year = {1970},
	bdsk-url-1 = {https://doi.org/none}}

@book{Ladefoged2003,
	address = {Oxford},
	author = {Ladefoged, Peter},
	checked = {EE 2022, LK 2022},
	doi = {none},
	publisher = blackwell,
	series = {none},
	title = {Phonetic Data Analysis: {An} Introduction to Fieldwork and Instrumental Techniques},
	year = {2003},
	bdsk-url-1 = {https://doi.org/none}}

@book{NesporVogel2007,
	address = {Berlin},
	author = {Nespor, Marina and Vogel, Irene},
	checked = {EE 2022},
	doi = {10.1515/9783110977790},
	edition = {2},
	number = {28},
	publisher = {De Gruyter Mouton},
	series = {Studies in Generative Grammar},
	title = {Prosodic Phonology (With a New Foreword)},
	year = {2007},
	bdsk-url-1 = {https://doi.org/10.1515/9783110977790}}

@book{Giegerich1985,
	address = {London},
	author = {Giegerich, Heinz},
	checked = {EE 2022, LK 2022},
	doi = {none},
	number = {43},
	publisher = {Cambridge University Press},
	series = {Cambridge Studies in Linguistics},
	title = {Metrical Phonology and Phonological Structure: {German and English}},
	year = {1985},
	bdsk-url-1 = {https://doi.org/none}}

@book{Szulc2002,
	address = {Wien},
	author = {Szulc, Aleksander},
	checked = {EE 2022, LK 2022},
	doi = {none},
	number = {1},
	publisher = {Edition Praesens},
	series = {{Schriften zur diachronen Sprachwissenschaft}},
	title = {{Geschichte des standarddeutschen Lautsystems: Ein Studienbuch}},
	year = {2002},
	bdsk-url-1 = {https://doi.org/none}}

@book{Kager1999,
	address = {Cambridge},
	author = {Kager, René},
	checked = {EE 2022, LK 2022},
	doi = {10.1017/CBO9780511812408},
	number = {none},
	publisher = {Cambridge University Press},
	series = {Cambridge Textbooks in Linguistics},
	title = {{Optimality Theory}},
	year = {1999},
	bdsk-url-1 = {https://doi.org/10.1017/CBO9780511812408}}

@incollection{Raffelsiefen2000,
	address = {Tübingen},
	author = {Raffelsiefen, Renate},
	booktitle = {{Deutsche Grammatik in Theorie und Praxis}},
	checked = {EE 2022, LK 2022},
	date-modified = {2022-07-05 22:14:11 +0200},
	doi = {10.1515/9783110933932.43},
	editor = {Rolf Thieroff and Matthias Tamrat and Nanna Fuhrhop and Oliver Teuber},
	pages = {43--56},
	publisher = Niemeyer,
	series = {none},
	title = {Evidence for Word-internal Phonological Words in {German}},
	year = {2000},
	bdsk-url-1 = {https://doi.org/10.1515/9783110933932.43}}

@book{Muthmann1989,
	address = {Tübingen},
	author = {Muthmann, Gustav},
	checked = {EE 2022},
	doi = {10.1515/9783110920666},
	langid = {ngerman},
	number = {78},
	publisher = niemeyer,
	series = {Reihe Germanistische Linguistik},
	title = {{Rückläufiges deutsches Wörterbuch: Handbuch der Wortausgänge im Deutschen, mit Beachtung der Wort- und Lautstruktur}},
	year = {1989},
	bdsk-url-1 = {https://doi.org/10.1515/9783110920666}}

@incollection{ItoMester2009,
	address = {Berlin},
	author = {Ito, Junko and Mester, Armin},
	booktitle = {Phonological Domains: {Universals} and Deviations},
	checked = {EE 2022, LK 2022},
	doi = {10.1515/9783110217100.2.135},
	editor = {Janet Grijzenhout and Barɪs Kabak},
	number = {16},
	pages = {135--194},
	publisher = {De Gruyter Mouton},
	series = {Interface Explorations},
	title = {The Extended Prosodic Word},
	year = {2009},
	bdsk-url-1 = {https://doi.org/10.1515/9783110217100.2.135}}

@incollection{Zwicky1993,
	author = {Zwicky, Arnold M.},
	checked = {EE 2022, LK 2022},
	crossref = {CFMcG93a-ed},
	doi = {10.1017/CBO9780511659454.013},
	pages = {292--316},
	title = {Heads, Bases and Functors},
	bdsk-url-1 = {https://doi.org/10.1017/CBO9780511659454.013}}

@incollection{Wischer2000,
	address = {Amsterdam},
	author = {Wischer, Ilse},
	booktitle = {Pathways of Change: {Grammaticalization in English}},
	checked = {EE 2022},
	doi = {10.1075/slcs.53.17wis},
	editor = {Olga Fischer and Anette Rosenbach and Dieter Stein},
	number = {53},
	pages = {355--370},
	publisher = benjamins,
	series = {Studies in Language Companion Series},
	title = {Grammaticalization versus lexicalization: {``Methinks''} there Is Some Confusion},
	year = {2000},
	bdsk-url-1 = {https://doi.org/10.1075/slcs.53.17wis}}

@book{VanGelderen2011,
	address = {Oxford},
	author = {{van Gelderen}, Elly},
	checked = {stmue 2021, LK 2022},
	doi = {10.1093/acprof:oso/9780199756056.001.0001},
	publisher = {Oxford University Press},
	series = {none},
	title = {The Linguistic Cycle: {Language} Change and the Language Faculty},
	year = {2011},
	bdsk-url-1 = {https://doi.org/10.1093/acprof:oso/9780199756056.001.0001}}

@incollection{TraugottKoenig1991,
	address = {Amsterdam},
	author = {Traugott, Elizabeth Closs and Ekkehard König},
	booktitle = {Approaches to Grammaticalization},
	checked = {EE 2022},
	doi = {10.1075/tsl.19.1.10clo},
	editor = {Traugott, Elizabeth Closs and Bernd Heine},
	number = {19},
	pages = {189--218},
	publisher = benjamins,
	series = {Typological Studies in Language},
	title = {The Semantics-Pragmatics of Grammaticalization Revisited},
	volume = 1,
	year = 1991,
	bdsk-url-1 = {https://doi.org/10.1075/tsl.19.1.10clo}}

@incollection{Traugott2010,
	address = {Berlin},
	author = {Traugott, Elizabeth Closs},
	booktitle = {Subjectification, Intersubjectification and Grammaticalization},
	checked = {EE 2022},
	doi = {10.1515/9783110226102.1.29},
	editor = {Kristin Davidse and Lieven Vandelanotte and Hubert Cuyckens},
	number = {66},
	pages = {29--71},
	publisher = {De Gruyter Mouton},
	series = {Topics in English Linguistics},
	title = {({Inter})subjectivity and (Inter)subjectification: {A} Reassessment},
	year = {2010},
	bdsk-url-1 = {https://doi.org/10.1515/9783110226102.1.29}}

@incollection{Traugott1982,
	address = {Amsterdam},
	author = {Traugott, Elizabeth Closs},
	booktitle = {Perspectives on Historical Linguistics},
	checked = {EE 2022},
	doi = {10.1075/cilt.24.09clo},
	editor = {Lehmann, Winfred P. and Yakov Malkiel},
	number = {24},
	pages = {245--271},
	publisher = benjamins,
	series = {Current Issues in Linguistic Theory},
	title = {From Propositional to Textual and Expressive Meanings: {Some} Semantic-Pragmatic Aspects of Grammaticalization},
	year = {1982},
	bdsk-url-1 = {https://doi.org/10.1075/cilt.24.09clo}}

@book{Sweetser1990,
	address = {Cambridge},
	author = {Sweetser, Eve},
	checked = {EE 2022},
	doi = {10.1017/CBO9780511620904},
	number = {54},
	publisher = {Cambridge University Press},
	series = {Cambridge Studies in Linguistics},
	title = {From Etymology to Pragmatics: {Metaphorical} and Cultural Aspects of Semantic Structure},
	year = {1990},
	bdsk-url-1 = {https://doi.org/10.1017/CBO9780511620904}}

@book{Spiesz1881,
	address = {Wien},
	author = {Spiesz, Balthasar},
	checked = {EE 2022, LK 2022},
	doi = {none},
	publisher = {Wilhelm Braunmüller},
	series = {none},
	title = {{Beiträge zu einem hennebergischen Idiotikon}},
	year = {1881},
	bdsk-url-1 = {https://doi.org/none}}

@incollection{Simon2010,
	address = {Berlin},
	author = {Simon, Horst J.},
	booktitle = {{Prozesse sprachlicher Verstärkung: Typen formaler Resegmentierung und semantischer Remotivierung}},
	checked = {EE 2022},
	doi = {10.1515/9783110223866.2.41},
	editor = {Rüdiger Harnisch},
	number = {37},
	pages = {41--57},
	publisher = {De Gruyter},
	series = {Linguistik -- Impulse und Tendenzen},
	title = {{„Exaptation“ in der Sprachwandeltheorie: Eine Begriffs\-präzisierung}},
	year = {2010},
	bdsk-url-1 = {https://doi.org/10.1515/9783110223866.2.41}}

@article{Selting2009,
	author = {Selting, Margret and Auer, Peter and Barth-Weingarten, Dagmar and Bergmann, Jörg and Bergmann, Pia and Birkner, Karin and Couper-Kuhlen, Elizabeth and Deppermann, Arnulf and Gilles, Peter and Günthner, Susanne and Hartung, Martin and Kern, Friederike and Mertzlufft, Christine and Meyer, Christian and Morek, Miriam and Oberzaucher, Frank and Peters, Jörg and Quasthoff, Uta and Schütte, Wilfried and Uhmann, Susanne},
	checked = {EE 2022},
	journal = {Gesprächsforschung – Online-Zeitschrift zur verbalen Interaktion},
	langid = {ngerman},
	number = {none},
	pages = {353--402},
	title = {{Gesprächsanalytisches Transkriptionssystem (GAT 2)}},
	volume = {10},
	year = {2009}}

@incollection{SchoenfeldSchlobinski1998,
	address = {Oxford},
	author = {Schönfeld, Helmut and Peter Schlobinski},
	booktitle = {The {German} Language and the Real World: {Sociolinguistic}, Cultural, and Pragmatic Perspectives on Contemporary {German}},
	checked = {EE 2022},
	doi = {none},
	edition = 2,
	editor = {Patrick Stevenson},
	pages = {119--136},
	publisher = {Clarendon Press},
	series = {none},
	title = {After the Wall: {Social} Change and Linguistic Variation in {Berlin}},
	year = {1998},
	bdsk-url-1 = {https://doi.org/none}}

@article{Schlobinski1988,
	author = {Schlobinski, Peter},
	checked = {EE 2022},
	doi = {none},
	journal = {Muttersprache},
	number = {3},
	pages = {214--225},
	title = {{Über den „Akkudativ“ im Berlinischen}},
	volume = {98},
	year = {1988},
	bdsk-url-1 = {https://doi.org/none}}

@book{Reisigl1999,
	address = {Frankfurt a.\,M.},
	author = {Reisigl, Martin},
	checked = {EE 2022},
	doi = {none},
	publisher = lang,
	series = {none},
	title = {{Sekundäre Interjektionen: Eine diskursanalytische Annäherung}},
	year = {1999},
	bdsk-url-1 = {https://doi.org/none}}

@article{Nuebling2001,
	author = {Nübling, Damaris},
	checked = {EE 2022},
	doi = {none},
	journal = ds,
	langid = {ngerman},
	number = {1},
	pages = {20--45},
	title = {{Von \emph{oh mein Jesus!} zu \emph{oje!}: Der Interjektionalisierungspfad von der sekundären zur primären Interjektion}},
	volume = {29},
	year = {2001},
	bdsk-url-1 = {https://doi.org/none}}

@article{Nuebling2004,
	author = {Nübling, Damaris},
	checked = {EE 2022},
	date = {2004},
	doi = {none},
	journal = {Zeitschrift für Semiotik},
	number = {1--2},
	pages = {11–46},
	title = {{Die prototypische Interjektion: Ein Definitionsvorschlag}},
	volume = {26},
	bdsk-url-1 = {https://doi.org/none}}

@incollection{Norde2012,
	address = {Amsterdam},
	author = {Norde, Muriel},
	booktitle = {Grammaticalization and Language Change: {New} Reflections},
	checked = {EE 2022},
	doi = {10.1075/slcs.130.04nor},
	editor = {Kristin Davidse and Tine Breban and Lieselotte Brems and Tanja Mortelmans},
	number = {130},
	pages = {73--110},
	publisher = benjamins,
	series = {Studies in Language Companion Series},
	title = {Lehmann's Parameters Revisited},
	year = {2012},
	bdsk-url-1 = {https://doi.org/10.1075/slcs.130.04nor}}

@book{Meyer1880,
	address = {Berlin},
	author = {Meyer, Hans Georg},
	checked = {EE 2022},
	doi = {none},
	edition = {3},
	publisher = {Hermann},
	series = {none},
	title = {{Der richtige Berliner in Wörtern und Redensarten}},
	year = {1880},
	bdsk-url-1 = {https://doi.org/none}}

@article{Lass1990,
	author = {Lass, Roger},
	checked = {EE 2022},
	doi = {10.1017/S0022226700014432},
	journal = {Journal of Linguistics},
	number = {1},
	pages = {79--102},
	title = {How to Do Things with Junk: {Exaptation} in Language Evolution},
	volume = {26},
	year = {1990},
	bdsk-url-1 = {https://doi.org/10.1017/S0022226700014432}}

@book{Kluge2002,
	address = {Berlin},
	author = {Kluge, Friedrich},
	checked = {EE 2022},
	doi = {10.1515/9783110845037},
	edition = {24},
	publisher = {De Gruyter},
	series = {none},
	title = {{Etymologisches Wörterbuch der deutschen Sprache}},
	year = {2002},
	bdsk-url-1 = {https://doi.org/10.1515/9783110845037}}

@article{Hopper1996,
	author = {Hopper, Paul J.},
	checked = {EE 2022},
	doi = {10.1146/annurev.anthro.25.1.217},
	journal = {Annual Review of Anthropology},
	number = {1},
	pages = {217--236},
	title = {Some Recent Trends in Grammaticalization},
	volume = {25},
	year = {1996},
	bdsk-url-1 = {https://doi.org/10.1146/annurev.anthro.25.1.217}}

@incollection{Hopper1991,
	address = {Amsterdam},
	author = {Hopper, Paul J.},
	booktitle = {Approaches to Grammaticalization},
	checked = {LK 2022},
	doi = {10.1075/tsl.19.1.04hop},
	editor = {Elizabeth Closs Traugott and Bernd Heine},
	number = {19.1},
	pages = {17--35},
	publisher = benjamins,
	series = {Typological Studies in Language},
	title = {On Some Principles of Grammaticization},
	volume = {I: {Theoretical} and Methodological Issues},
	year = {1991},
	bdsk-url-1 = {https://doi.org/10.1075/tsl.19.1.04hop}}

@incollection{Himmelmann2004,
	address = {Berlin},
	author = {Himmelmann, Nikolaus},
	booktitle = {What Makes Grammaticalization? {A} Look from Its Fringes and Its Components},
	checked = {stmue 2021},
	doi = {10.1515/9783110197440.1.21},
	editor = {Bisang, Walter and Himmelmann, Nikolaus and Wiemer, Björn},
	number = {158},
	pages = {21--42},
	publisher = {Mouton de Gruyter},
	series = {Trends in Linguistics: Studies and Monographs},
	title = {Lexicalization and Grammaticization: {Opposite} or Orthogonal?},
	year = {2004},
	bdsk-url-1 = {https://doi.org/10.1515/9783110197440.1.21}}

@article{Guenthner1999,
	author = {Günthner, Susanne},
	checked = {EE 2022},
	doi = {none},
	journal = ds,
	number = {3},
	pages = {209--235},
	title = {{{\emph{Wenn}-Sätze im Vor-Vorfeld: Ihre Formen und Funktionen in der gesprochenen Sprache}}},
	volume = {27},
	year = {1999},
	bdsk-url-1 = {https://doi.org/none}}

@book{GrimmGrimm1860,
	address = {Leipzig},
	author = {Grimm, Jacob and Grimm, Wilhelm},
	checked = {EE 2022},
	doi = {none},
	publisher = {Hirzel},
	series = {none},
	title = {{Deutsches Wörterbuch}},
	volume = {{II}: `{Biermörder} -- d'},
	year = {1860},
	bdsk-url-1 = {https://doi.org/none}}

@book{GrimmGrimm1878,
	address = {Leipzig},
	author = {Grimm, Jacob and Grimm, Wilhelm},
	checked = {EE 2022},
	date = {1878},
	doi = {none},
	publisher = {Hirzel},
	series = {none},
	title = {{Deutsches Wörterbuch}},
	volume = {{IV}: `{Forschel} -- {Gefolgsmann}'},
	bdsk-url-1 = {https://doi.org/none}}

@incollection{Fries1992,
	address = {Tübingen},
	author = {Fries, Norbert},
	booktitle = {{Satz und Illokution}},
	checked = {EE 2022},
	doi = {10.1515/9783111353210.307},
	editor = {Rosengren, Inger},
	number = {278},
	pages = {307--341},
	publisher = niemeyer,
	series = {Linguistische Arbeiten},
	title = {{Interjektionen, Interjektionsphrasen und Satzmodus}},
	volume = {1},
	year = {1992},
	bdsk-url-1 = {https://doi.org/10.1515/9783111353210.307}}

@incollection{Fries22,
	author = {Fries, Norbert},
	checked = {EE 2022},
	crossref = {CHJL2002a-ed},
	doi = {10.1515/9783110194029-019},
	pages = {654--657},
	title = {{Die Wortart `Interjektionen'}},
	bdsk-url-1 = {https://doi.org/10.1515/9783110194029-019}}

@incollection{Freywald2017,
	address = {Hildesheim},
	author = {Freywald, Ulrike},
	booktitle = {{Aktuelle Tendenzen in der Variationslinguistik}},
	checked = {EE 2022},
	editor = {Meike Glawe and Line-Marie Hohenstein and Stephanie Sauermilch and Kathrin Weber and Heike Wermer},
	number = {4},
	pages = {177--207},
	publisher = olms,
	series = {Kleine und regionale Sprachen},
	title = {{Syntaktische Besonderheiten des Berlinischen. Erste Annäherungen}},
	year = {2017}}

@book{Ehlich1986,
	address = {Tübingen},
	author = {Ehlich, Konrad},
	checked = {EE 2022},
	doi = {10.1515/9783111357133},
	number = {111},
	publisher = niemeyer,
	series = {Linguistische Arbeiten},
	title = {Interjektionen},
	year = {1986},
	bdsk-url-1 = {https://doi.org/10.1515/9783111357133}}

@incollection{Diewald2002,
	address = {Amsterdam},
	author = {Diewald, Gabriele},
	booktitle = {New Reflections on Grammaticalization},
	checked = {EE 2022},
	doi = {10.1075/tsl.49.09die},
	editor = {Ilse Wischer and Gabriele Diewald},
	number = {49},
	pages = {103--120},
	publisher = benjamins,
	series = {Typological Studies in Language},
	title = {A Model for Relevant Types of Contexts in Grammaticalization},
	year = {2002},
	bdsk-url-1 = {https://doi.org/10.1075/tsl.49.09die}}

@book{Croft2000,
	address = {Harlow},
	author = {Croft, William},
	checked = {EE 2022, LK 2022},
	doi = {none},
	number = {none},
	publisher = {Pearson Education Limited},
	series = {Longman Linguistics Library},
	title = {Explaining Language Change: {An} Evolutionary Approach},
	year = {2000},
	bdsk-url-1 = {https://doi.org/none}}

@article{Buecker2013,
	author = {Bücker, Jörg},
	checked = {EE 2022},
	doi = {10.1075/prag.23.1.02buc},
	journal = {Pragmatics},
	number = {1},
	pages = {23--49},
	title = {Indexing Narrative Metalepsis in {German} Conversational Story-telling: {The} Case of \emph{von wegen} and \emph{nach dem Motto}},
	volume = {23},
	year = {2013},
	bdsk-url-1 = {https://doi.org/10.1075/prag.23.1.02buc}}

@book{Brinton1996,
	address = {Berlin},
	author = {Brinton, Laurel J.},
	checked = {EE 2022},
	doi = {10.1515/9783110907582},
	number = {19},
	publisher = {Mouton de Gruyter},
	series = {Topics in English Linguistics},
	title = {Pragmatic Markers in {English}: {Grammaticalization} and Discourse Functions},
	year = {1996},
	bdsk-url-1 = {https://doi.org/10.1515/9783110907582}}

@incollection{Buecker2009,
	address = {Berlin},
	author = {Bücker, Jörg},
	booktitle = {{Grammatik im Gespräch: Konstruktionen der Selbst- und Fremdpositionierung}},
	checked = {EE 2022},
	doi = {10.1515/9783110213638.213},
	editor = {Susanne Günthner and Jörg Bücker},
	number = {33},
	pages = {215--247},
	publisher = {De Gruyter},
	series = {Linguistik -- Impulse und Tendenzen},
	title = {{Quotativ-Konstruktionen mit \emph{Motto} als Ressourcen für Selbst- und Fremdpositionierungen}},
	year = {2009},
	bdsk-url-1 = {https://doi.org/10.1515/9783110213638.213}}

@book{Brendicke1897,
	address = {Berlin},
	author = {Brendicke, Hans},
	checked = {EE 2022, LK 2022},
	doi = {none},
	number = {33},
	publisher = {Verein für die Geschichte Berlins},
	series = {Schriften des Vereins für die Geschichte Berlins},
	title = {{Berliner Wortschatz zu den Zeiten Kaiser Wilhelms I}},
	year = {1897},
	bdsk-url-1 = {https://doi.org/none}}

@book{Barth-Weingarten2016,
	address = {Amsterdam},
	author = {Barth-Weingarten, Dagmar},
	checked = {EE 2022},
	doi = {10.1075/slsi.29},
	number = {29},
	publisher = benjamins,
	series = {Studies in Language and Social Interaction},
	title = {Intonation Units Revisited: {Cesuras} in Talk-in-interaction},
	year = {2016},
	bdsk-url-1 = {https://doi.org/10.1075/slsi.29}}

@book{Becker1990,
	address = {München},
	author = {Becker, Thomas},
	checked = {EE 2022},
	langid = {ngerman},
	number = {11},
	publisher = {Wilhelm Fink Verlag},
	series = {Studien zur Theoretischen Linguistik},
	title = {{Analogie und morphologische Theorie}},
	year = {1990}}

@book{deBoorHaacke1963,
	address = {Lahr},
	checked = {EE 2022, LK 2022},
	doi = {none},
	editor = {{de Boor}, Helmut and Haacke, Diether},
	langid = {ngerman},
	publisher = {Schauenburg},
	series = {none},
	title = {{Corpus der altdeutschen Originalurkunden bis zum Jahr 1300}},
	volume = {IV: 1297--(Ende 13.\ Jahrhundert)},
	year = {1963},
	bdsk-url-1 = {https://doi.org/none}}

@book{Chmel1855,
	address = {Hildesheim},
	checked = {EE 2022},
	doi = {none},
	editor = {Chmel, Joseph},
	langid = {ngerman},
	number = {1},
	origdate = {1855},
	publisher = olms,
	series = {Sammlung von Actenstücken und Briefen zur Geschichte des Hauses Habsburg in dem Zeitraume von 1473 bis 1576},
	title = {{Actenstücke und Briefe zur Geschichte des Hauses Habsburg im Zeitalter Maximilian's I}},
	volume = {II},
	year = {1968},
	bdsk-url-1 = {https://doi.org/none}}

@book{Chmel1858,
	address = {Hildesheim},
	checked = {EE 2022},
	doi = {none},
	editor = {Chmel, Joseph},
	langid = {ngerman},
	number = {1},
	origdate = {1858},
	publisher = olms,
	series = {Sammlung von Actenstücken und Briefen zur Geschichte des Hauses Habsburg in dem Zeitraume von 1473 bis 1576},
	title = {{Actenstücke und Briefe zur Geschichte des Hauses Habsburg im Zeitalter Maximilian's I}},
	volume = {III},
	year = {1968},
	bdsk-url-1 = {https://doi.org/none}}

@article{Auer2010,
	author = {Auer, Peter},
	checked = {EE 2022},
	doi = {none},
	journal = {InLiSt},
	langid = {ngerman},
	number = {none},
	pages = {1--19},
	title = {{Zum Segmentierungsproblem in der Gesprochenen Sprache}},
	volume = {49},
	year = {2010},
	bdsk-url-1 = {https://doi.org/none}}

@article{Austin1956,
	author = {Austin, John L.},
	checked = {EE 2022},
	doi = {none},
	journal = {Proceedings of the British Academy},
	number = {none},
	pages = {107--132},
	title = {Ifs and Cans},
	volume = {42},
	year = {1956},
	bdsk-url-1 = {https://doi.org/none}}

@book{Androutsopoulos1998,
	address = {Frankfurt a.\,M.},
	author = {Androutsopoulos, Jannis},
	checked = {EE 2022},
	doi = {none},
	langid = {ngerman},
	number = {6},
	publisher = lang,
	series = {VarioLingua},
	title = {{Deutsche Jugendsprache: Untersuchungen zu ihren Strukturen und Funktionen}},
	year = {1998},
	bdsk-url-1 = {https://doi.org/none}}

@book{Roth1941,
	address = {Basel},
	checked = {EE 2022},
	doi = {none},
	editor = {Roth, Paul},
	langid = {ngerman},
	publisher = {Verlag der historischen und antiquarischen Gesellschaft Universitätsbibliothek Basel},
	series = {none},
	title = {{Aktensammlung zur Geschichte der Basler Reformation in den Jahren 1519 bis Anfang 1534}},
	volume = {{IV: Juli 1529 bis September 1530}},
	year = {1941},
	bdsk-url-1 = {https://doi.org/none}}

@book{Roth1950,
	address = {Basel},
	checked = {EE 2022},
	doi = {none},
	editor = {Roth, Paul},
	langid = {ngerman},
	publisher = {Verlag der historischen und antiquarischen Gesellschaft Universitätsbibliothek Basel},
	series = {none},
	title = {{Aktensammlung zur Geschichte der Basler Reformation in den Jahren 1519 bis Anfang 1534}},
	volume = {{VI: 1532 bis Anfang 1534}},
	year = {1950},
	bdsk-url-1 = {https://doi.org/none}}

@book{WilhelmNewald1943,
	address = {Lahr},
	checked = {LK 2022},
	doi = {none},
	editor = {Wilhelm, Friedrich and Newald, Richard},
	langid = {ngerman},
	publisher = {Schauenburg},
	series = {none},
	title = {{Corpus der altdeutschen Originalurkunden bis zum Jahr 1300}},
	volume = {{II}: 1283--1292},
	year = {1943},
	bdsk-url-1 = {https://doi.org/none}}

@book{Goethe1767,
	address = {Weimar},
	author = {Goethe, Johann Wolfgang von},
	checked = {EE 2022},
	date-modified = {2022-08-17 16:59:21 +0200},
	langid = {ngerman},
	number = {IV},
	origdate = {1767},
	publisher = {Hermann Böhlau},
	series = {{Goethes Werke: Herausgegeben im Auftrage der Großherzogin Sophie von Sachsen}},
	sortyear = {1767},
	title = {Goethes Briefe},
	volume = {{1: Frankfurt -- Leipzig -- Straßburg, 1764--1771}},
	year = {1887}}

@book{NueblingEtAl2013,
	address = {Tübingen},
	author = {Nübling, Damaris and Antje Dammel and Janet Duke and Renata Szczepaniak},
	checked = {EE 2022},
	doi = {none},
	edition = 4,
	langid = {ngerman},
	number = {none},
	publisher = narr,
	series = {Narr Studienbücher},
	title = {{Historische Sprachwissenschaft des Deutschen: Eine Einführung in die Prinzipien des Sprachwandels}},
	year = {2013},
	bdsk-url-1 = {https://doi.org/none}}

@book{Haider2013,
	address = {Cambridge},
	author = {Haider, Hubert},
	checked = {EE 2022},
	doi = {10.1017/CBO9781139084635},
	number = {136},
	publisher = {Cambridge University Press},
	series = {Cambridge Studies in Linguistics},
	title = {Symmetry Breaking in Syntax},
	year = {2013},
	bdsk-url-1 = {https://doi.org/10.1017/CBO9781139084635}}

@article{Haider2011,
	author = {Haider, Hubert},
	checked = {EE 2022},
	doi = {10.1515/zfsw.2011.009},
	journal = {Zeitschrift für Sprachwissenschaft},
	langid = {ngerman},
	number = {2},
	pages = {223--257},
	title = {{Grammatische Illusionen: Lokal wohlgeformt -- global deviant}},
	volume = {30},
	year = {2011},
	bdsk-url-1 = {https://doi.org/10.1515/zfsw.2011.009}}

@book{Broekhuis2013,
	address = {Amsterdam},
	author = {Broekhuis, Hans},
	checked = {EE 2022},
	doi = {10.26530/OAPEN_444644},
	number = {none},
	publisher = {Amsterdam University Press},
	series = {Comprehensive Grammar Resources},
	title = {Syntax of {Dutch}: {Adjectives} and Adjective Phrases},
	year = {2013},
	bdsk-url-1 = {https://doi.org/10.26530/OAPEN_444644}}

@article{Fabricius-Hansen2010,
	author = {Fabricius-Hansen, Cathrine},
	checked = {EE 2022},
	doi = {10.37307/j.1868-775X.2010.02.06},
	journal = ds,
	langid = {ngerman},
	number = {2},
	pages = {175--192},
	title = {{Adjektiv-/""Partizipialattribute im diskursbezogenen Kontrast (Deutsch -- Englisch/""Norwegisch)}},
	volume = {38},
	year = {2010},
	bdsk-url-1 = {https://doi.org/10.37307/j.1868-775X.2010.02.06}}

@book{Dehe2014,
	address = {Cambridge},
	author = {Dehé, Nicole},
	checked = {EE 2022},
	doi = {10.1017/CBO9781139032391},
	number = {none},
	publisher = {Cambridge University Press},
	series = {Studies in English Language},
	title = {Parentheticals in Spoken {English}: {The} Syntax-Prosody Relation},
	year = {2014},
	bdsk-url-1 = {https://doi.org/10.1017/CBO9781139032391}}

@article{HaiderSzucsich2022a,
	author = {Haider, Hubert and Luka Szucsich},
	checked = {EE 2022},
	doi = {10.1515/tl-2022-2035},
	journal = {Theoretical Linguistics},
	number = {1--2},
	pages = {1--39},
	title = {{Slavic} Languages -- ``{SVO}'' Languages without {SVO} Qualities?},
	volume = {48},
	year = {2022},
	bdsk-url-1 = {https://doi.org/10.1515/tl-2022-2035}}

@article{HaiderSzucsich2022b,
	author = {Haider, Hubert and Luka Szucsich},
	checked = {EE 2022},
	doi = {10.1515/tl-2022-2036},
	journal = {Theoretical Linguistics},
	number = {1--2},
	pages = {113--142},
	title = {Slavic Languages are {Type 3} Languages: {Replies}},
	volume = {48},
	year = {2022},
	bdsk-url-1 = {https://doi.org/10.1515/tl-2022-2036}}

@incollection{SzucsichHaider2015,
	address = {München},
	author = {Szucsich, Luka and Hubert Haider},
	booktitle = {{Linguistische Beiträge zur Slavistik: XX.\ JungslavistInnen-Treffen in Würzburg, 22.--24.\ September 2011}},
	checked = {EE 2022},
	editor = {Elena Dieser},
	langid = {ngerman},
	number = {186},
	pages = {94--124},
	publisher = {Biblion Media},
	series = {Specimina Philologiae Slavicae},
	title = {{Freie Wortstellung in slawischen Sprachen und die VO/""OV-Unterscheidung}},
	year = {2015}}

@incollection{SiewierskaUhlirova1998a,
	address = {Berlin},
	author = {Siewierska, Anna and Uhliřová, Ludmila},
	booktitle = {Constituent Order in the Languages of {Europe}},
	checked = {stmue 2021},
	date-modified = {2022-03-24 12:22:21 +0100},
	doi = {10.1515/9783110812206.105},
	editor = {Anna Siewierska},
	number = {20},
	pages = {105--149},
	publisher = {Mouton de Gruyter},
	series = {Empirical Approaches to Language Typology},
	title = {An Overview of Word Order in {Slavic} Languages},
	volume = {1},
	year = 1998,
	bdsk-url-1 = {https://doi.org/10.1515/9783110812206.105}}

@book{Bouchard1995,
	address = chicago,
	author = {Bouchard, Denis},
	checked = {EE 2022},
	doi = {none},
	publisher = {University of Chicago Press},
	series = {none},
	title = {The Semantics of Syntax: {A Minimalist} Approach to Grammar},
	year = {1995},
	bdsk-url-1 = {https://doi.org/none}}

@article{Corver1997,
	author = {Corver, Norbert},
	checked = {EE 2022},
	doi = {10.1023/A:1005846812956},
	journal = {Natural Language and Linguistic Theory},
	number = {2},
	pages = {289--368},
	title = {The Internal Syntax of the {Dutch} Extended Adjectival Projection},
	volume = {15},
	year = {1997},
	bdsk-url-1 = {https://doi.org/10.1023/A:1005846812956}}

@incollection{Fischer2016,
	address = {Berlin},
	author = {Fischer, Klaus},
	booktitle = {{Komplexe Attribution}},
	checked = {stmue 2021},
	date-modified = {2022-03-24 12:50:48 +0100},
	doi = {10.1515/9783110421170-008},
	editor = {Mathilde Hennig},
	langid = {ngerman},
	number = {63},
	pages = {253--293},
	publisher = {De Gruyter},
	series = {Linguistik -- Impulse \& Tendenzen},
	title = {{Vertextungsstrategien im Deutschen und Englischen: Die Attribution in der Nominalphrase}},
	year = {2016},
	bdsk-url-1 = {https://doi.org/10.1515/9783110421170-008}}

@incollection{Hinterhoelzl2016,
	address = {Amsterdam},
	author = {Hinterhölzl, Roland},
	booktitle = {Theoretical Approaches to Linguistic Variation},
	checked = {EE 2022},
	date-modified = {2022-03-24 12:40:43 +0100},
	doi = {10.1075/la.234.07hin},
	editor = {Bidese, Ermengildo and Cognola, Federica and Moroni, Manuela Caterina},
	number = {234},
	pages = {177--202},
	publisher = benjamins,
	series = {Linguistics Today},
	title = {On the Variable Nature of Head Final Effects in {German} and {English}: {An} Interface Account},
	year = {2016},
	bdsk-url-1 = {https://doi.org/10.1075/la.234.07hin}}

@incollection{Bever1976,
	address = {New York, NY},
	author = {Bever, Thomas G.},
	booktitle = {An Integrated Theory of Linguistic Ability},
	checked = {EE 2022, LK 2022},
	doi = {none},
	editor = {Bever, Thomas G. and Katz Jerold J. and Langendoen D. Terence},
	number = {none},
	pages = {149--182},
	publisher = {Thomas Y. Crowell Press},
	series = {The Language \& Thought Series},
	title = {Analogy or Ungrammatical Sequences That Are Utterable and Comprehensible Are the Origins of New Grammars in Language Acquisition and Language Evolution},
	year = {1976},
	bdsk-url-1 = {https://doi.org/none}}

@incollection{PhillipsLau2011,
	address = {Bingley, UK},
	author = {Phillips, Colin and Matthew W. Wagers and Ellen F. Lau},
	booktitle = {Experiments at the Interfaces},
	checked = {stmue 2021},
	date-modified = {2022-03-24 12:38:01 +0100},
	doi = {10.1163/9781780523750_006},
	editor = {Jeffrey Runner},
	number = {37},
	pages = {147--180},
	publisher = {Emerald Group Publishing},
	series = {Syntax and Semantics},
	title = {Grammatical Illusions and Selective Fallibility in Real-time Language Comprehension},
	year = {2011},
	bdsk-url-1 = {https://doi.org/10.1163/9781780523750_006}}

@article{Frazier2015,
	author = {Frazier, Lyn},
	checked = {EE 2022},
	date-modified = {2022-08-08 12:03:42 +0200},
	doi = {10.1007/s10936-014-9328-0},
	journal = {Journal of Psycholinguistic Research},
	number = {1},
	pages = {7--25},
	title = {Two Interpretive Systems for Natural Language?},
	volume = {44},
	year = {2015},
	bdsk-url-1 = {https://doi.org/10.1007/s10936-014-9328-0}}

@incollection{Haider2015,
	address = {London},
	author = {Haider, Hubert},
	booktitle = {Contemporary Linguistic Parameters},
	checked = {EE 2022, LK 2022},
	date-modified = {2022-03-24 12:44:45 +0100},
	doi = {10.5040/9781474219549.ch-004},
	editor = {Antonio Fábregas and Jaume Mateu and Michael T. Putnam},
	number = {none},
	pages = {73--98},
	publisher = {Bloomsbury Academic},
	series = {Contemporary Studies in Linguistics},
	title = {Head Directionality},
	year = {2015},
	bdsk-url-1 = {https://doi.org/10.5040/9781474219549.ch-004}}

@article{HornsteinNunes2008,
	author = {Hornstein, Norbert and Jairo Nunes},
	checked = {EE 2022},
	doi = {10.5964/bioling.8621},
	journal = {Biolinguistics},
	number = {1},
	pages = {57--86},
	title = {Adjunction, Labeling, and {Bare Phrase Structure}},
	volume = {2},
	year = {2008},
	bdsk-url-1 = {https://doi.org/10.5964/bioling.8621}}

@book{Sweet1898,
	address = {Oxford, UK},
	author = {Sweet, Henry},
	checked = {dm2021, LK 2022},
	doi = {10.1017/CBO9781107519077},
	langid = {english},
	number = {none},
	publisher = {Clarendon Press},
	series = {Cambridge Library Collection -- Linguistics},
	title = {A New {English} Grammar: {Logical} and Historical},
	volume = {2: {Syntax}},
	year = {1898},
	bdsk-url-1 = {https://doi.org/10.1017/CBO9781107519077}}

@incollection{Hawkins1993,
	address = {Cambridge},
	author = {Hawkins, John A.},
	booktitle = {Heads in Grammatical Theory},
	checked = {EE 2022, LK 2022},
	doi = {10.1017/CBO9780511659454.011},
	editor = {Greville G. Corbett and Norman M. Fraser and Scott McGlashan},
	pages = {231--265},
	publisher = {Cambridge University Press},
	series = {none},
	title = {Heads, Parsing and Word-Order Universals},
	year = {1993},
	bdsk-url-1 = {https://doi.org/10.1017/CBO9780511659454.011}}

@incollection{ElordietaSelkirk2018,
	address = {Santa Cruz, CA},
	authauthor = {Elordieta, Gorka and Elisabeth O. Selkirk},
	author = {Elordieta, Gorka and Elisabeth Selkirk},
	booktitle = {{Hana-bana (\/{\upshape\cn 花々\hspace{-2pt}}): A Festschrift for Junko Ito and Armin Mester}},
	checked = {EE 2022, LK 2022},
	date-modified = {2022-08-17 16:58:49 +0200},
	doi = {none},
	editor = {Bennett, Ryan and Angeles, Andrew and Brasoveanu, Adrian and Buckley, Dhyana and Kalivoda, Nick and Kawahara, Shigeto and McGuire, Grant and Padgett, Jaye},
	pages = {none},
	publisher = {UC Santa Cruz},
	series = {none},
	title = {Notes on Prosodic Headedness and Tone in {Tokyo Japanese, Standard English and Northern Bizkaian Basque}},
	year = {2018},
	bdsk-url-1 = {https://doi.org/none}}

@incollection{Raffelsiefen1999,
	address = {Amsterdam},
	author = {Raffelsiefen, Renate},
	booktitle = {Studies of the Phonological Word},
	checked = {EE 2022},
	date-modified = {2022-07-05 22:13:36 +0200},
	doi = {10.1075/CILT.174.07RAF},
	editor = {Alan Hall and Ursula Kleinhenz},
	number = {174},
	pages = {133--201},
	publisher = benjamins,
	series = {Current Issues in Linguistic Theory},
	title = {Diagnostics for Prosodic Words Revisited: {The} Case of Historically Prefixed Words in {English}},
	year = {1999},
	bdsk-url-1 = {https://doi.org/10.1075/CILT.174.07RAF}}

@article{HarrisGussman2002,
	author = {Harris, John and Edmund Gussman},
	checked = {EE 2022, LK 2022},
	doi = {none},
	journal = {UCL Working Papers in Linguistics},
	number = {none},
	pages = {1--42},
	title = {Word-Final Onsets},
	volume = {14},
	year = {2002},
	bdsk-url-1 = {https://doi.org/none}}

@incollection{Raffelsiefen2021,
	address = {Berlin},
	author = {Raffelsiefen, Renate},
	booktitle = {Linguistic Preferences: {Essays} in Honour of {Theo Vennemann}},
	checked = {EE 2022},
	date-modified = {2022-07-05 22:15:12 +0200},
	doi = {10.1515/9783110721461-004},
	editor = {Patrizia Noel Aziz Hanna and Laura Smith},
	number = {358},
	pages = {71--108},
	publisher = {De Gruyter},
	series = {Trends in Linguistics: Studies and Monographs},
	title = {Shortening as a Window on Phonological Grammar},
	year = {2022},
	bdsk-url-1 = {https://doi.org/10.1515/9783110721461-004}}

@incollection{Gussenhoven2011,
	address = {Oxford},
	author = {Gussenhoven, Carlos},
	booktitle = {The {Blackwell} Companion to Phonology},
	checked = {LK 2022},
	doi = {10.1002/9781444335262.wbctp0116},
	editor = {Oostendorp, Marc van and Colin J. Ewen and Elisabeth Hume and Keren Rice},
	pages = {2778--2806},
	publisher = {Wiley-Blackwell},
	series = {none},
	title = {Sentential Prominence in {English}},
	volume = {5: {Phononology} across Languages},
	year = {2011},
	bdsk-url-1 = {https://doi.org/10.1002/9781444335262.wbctp0116}}

@book{Puempeletal1992,
	address = {Berlin},
	author = {Pümpel-Mader, Maria and Elisabeth Gassner-Koch and Hans Wellmann},
	checked = {EE 2022},
	doi = {10.1515/9783110847635},
	langid = {ngerman},
	number = {80},
	publisher = {De Gruyter},
	series = {Sprache der Gegenwart},
	title = {{Deutsche Wortbildung}},
	volume = {5: {Adjektivkomposita und Partizipialbildungen}},
	year = {1992},
	bdsk-url-1 = {https://doi.org/10.1515/9783110847635}}

@article{Freywald2015,
	author = {Freywald, Ulrike},
	checked = {EE 2022},
	date-modified = {2022-08-25 22:12:50 +0200},
	doi = {10.1075/sl.39.4.06fre},
	journal = {Studies in Language},
	note = {Special Issue, ed. Daniela Rossi},
	number = {4},
	pages = {905--945},
	title = {Total Reduplication as a Productive Process in {German}},
	volume = {39},
	year = {2015},
	bdsk-url-1 = {https://doi.org/10.1075/sl.39.4.06fre}}

@article{Olsen2000,
	author = {Olsen, Susan},
	checked = {EE 2022, LK 2022},
	date-modified = {2022-07-05 22:03:33 +0200},
	doi = {none},
	journal = {Linguistische Berichte},
	number = {none},
	pages = {55--69},
	title = {Compounding and Stress in {English}: {A} Closer Look at the Boundary between Morphology and Syntax},
	volume = {181},
	year = {2000},
	bdsk-url-1 = {https://doi.org/none}}

@article{Renner2008,
	author = {Renner, Vincent},
	checked = {EE 2022, LK 2022},
	date-modified = {2022-07-05 22:16:11 +0200},
	doi = {10.1080/00138380802011982},
	journal = {English Studies},
	number = {5},
	pages = {606--613},
	title = {On the Semantics of {English} Coordinate Compounds},
	volume = {89},
	year = {2008},
	bdsk-url-1 = {https://doi.org/10.1080/00138380802011982}}

@article{Horn1993,
	author = {Horn, Laurence R.},
	checked = {EE 2022, LK 2022, stmue 2021},
	date-modified = {2022-10-04 17:28:01 +0200},
	doi = {none},
	journal = {{SKY} 1993: 1993 Yearbook of the {Linguistic Association of Finland}},
	number = {none},
	pages = {33--72},
	title = {Economy and Redundancy in a Dualistic Model of Natural Language},
	volume = {6},
	year = {1993},
	bdsk-url-1 = {https://doi.org/none},
	bdsk-url-2 = {http://www.linguistics.fi/julkaisut/SKY1993/SKY_JoL_1993_03_economy_and_redundancy_in_a_dualistic_model_of_natural_language.pdf}}

@incollection{Hoeksema2012,
	address = {Hamburg},
	author = {Hoeksema, Jack},
	booktitle = {{Intensivierungskonzepte bei Adjektiven und Adverben im Sprachenvergleich}/{Crosslinguistic} Comparison of Intensified Adjectives and Adverbs},
	checked = {EE 2022, LK 2022},
	doi = {none},
	editor = {Guido Oebel},
	number = 8,
	pages = {97--142},
	publisher = {Verlag Dr.\ Kovač},
	series = {Schrif\-ten zur Ver\-glei\-chen\-den Sprach\-wis\-sen\-schaft},
	title = {Elative Compounds in {Dutch}},
	year = {2012},
	bdsk-url-1 = {https://doi.org/none}}

@incollection{Comrie1993,
	address = {Cambridge},
	author = {Comrie, Bernard},
	booktitle = {Heads in Grammatical Theory},
	checked = {EE 2022},
	doi = {10.1017/CBO9780511659454.003},
	editor = {Greville G. Corbett, Norman M. Fraser and Scott McGlashan},
	pages = {36--43},
	publisher = {Cambridge University Press},
	series = {none},
	title = {The Phonology of Heads in {Haruai}},
	year = {1993},
	bdsk-url-1 = {https://doi.org/10.1017/CBO9780511659454.003}}

@incollection{NueblingSzczepaniak2009,
	address = {Hildesheim},
	author = {Nübling, Damaris and Renata Szczepaniak},
	booktitle = {{Studien zur Fremdwortbildung}},
	checked = {EE 2022, LK 2022},
	doi = {none},
	editor = {Müller, Peter Otto},
	langid = {ngerman},
	number = {197--198},
	pages = {195--222},
	publisher = olms,
	series = {Germanistische Linguistik},
	title = {{{\emph{Religion}+\emph{s}+\emph{freiheit}, \emph{Stabilität}+\emph{s}+\emph{pakt} und \emph{Subjekt}(+\emph{s}+)-}\emph{pronomen}: Fugenelemente als Marker phonologischer Wortgrenzen}},
	year = {2009},
	bdsk-url-1 = {https://doi.org/none}}

@book{Sonderegger2003,
	address = {Berlin},
	author = {Sonderegger, Stefan},
	checked = {EE 2022},
	doi = {10.1515/9783110907957},
	edition = {3},
	langid = {ngerman},
	number = {none},
	publisher = {De Gruyter},
	series = {De Gruyter Studienbuch},
	title = {{Althochdeutsche Sprache und Literatur: Eine Einführung in das älteste Deutsch. Darstellung und Grammatik}},
	year = {2003},
	bdsk-url-1 = {https://doi.org/10.1515/9783110907957}}

@book{Sonderegger1997,
	address = {Berlin},
	author = {Sonderegger, Stefan},
	checked = {EE 2022, LK 2022},
	doi = {10.1515/9783110842005},
	langid = {ngerman},
	publisher = {De Gruyter},
	series = {none},
	title = {{Grundzüge deutscher Sprachgeschichte: Diachronie des Sprachsystems}},
	volume = {1: {Einführung -- Genealogie -- Konstanten}},
	year = {1979},
	bdsk-url-1 = {https://doi.org/10.1515/9783110842005}}

@book{Sadock1991,
	address = {Chicago, IL},
	author = {Sadock, Jerrold M.},
	checked = {EE 2022, LK 2022},
	doi = {none},
	number = {none},
	publisher = {University of Chicago Press},
	series = {Studies in Contemporary Linguistics},
	title = {Autolexical Syntax: {A} Theory of Parallel Grammatical Representations},
	year = {1991},
	bdsk-url-1 = {https://doi.org/none}}

@book{Sadock2012,
	address = {Cambridge},
	author = {Sadock, Jerrold M.},
	checked = {EE 2022},
	doi = {10.1017/CBO9780511997587},
	number = {132},
	publisher = {Cambridge University Press},
	series = {Cambridge Studies in Linguistics},
	title = {The Modular Architecture of Grammar},
	year = {2012},
	bdsk-url-1 = {https://doi.org/10.1017/CBO9780511997587}}

@incollection{wals-87,
	address = {Leipzig},
	author = {Matthew S. Dryer},
	checked = {EE 2022},
	crossref = {wals},
	pages = {none},
	title = {Order of Adjective and Noun},
	url = {http://wals.info/chapter/87},
	urldate = {2020-08-18},
	bdsk-url-1 = {http://wals.info/chapter/87}}

@article{LouagieReinoehl2022,
	author = {Louagie, Dana and Uta Reinöhl},
	checked = {stmue 2022},
	doi = {10.1515/ling-2020-0147},
	journal = {Linguistics},
	number = 3,
	pages = {659–714},
	title = {Typologizing Nominal Expressions: {The} Noun Phrase and beyond},
	volume = 60,
	year = 2022,
	bdsk-url-1 = {https://doi.org/10.1515/ling-2020-0147}}

@book{Beck2002,
	address = {New York},
	author = {Beck, David},
	checked = {EE 2022},
	number = {none},
	publisher = {Routledge},
	series = {Outstanding Dissertations in Linguistics},
	title = {The Typology of Parts of Speech Systems: {The} Markedness of Adjectives},
	year = {2002}}

@book{Cinque2010,
	address = {Cambridge, MA},
	author = {Cinque, Guglielmo},
	checked = {EE 2022},
	doi = {10.7551/mitpress/9780262014168.001.0001},
	number = {57},
	publisher = {The MIT Press},
	series = {Linguistic Inquiry Monographs},
	title = {The Syntax of Adjectives: {A} Comparative Study},
	year = {2010},
	bdsk-url-1 = {https://doi.org/10.7551/mitpress/9780262014168.001.0001}}

@incollection{Blake2001,
	address = {Canberra},
	author = {Blake, Barry J.},
	booktitle = {Forty Years On: {Ken Hale} and {Australian} Languages},
	checked = {EE 2022, LK 2022},
	doi = {none},
	editor = {Jane Simpson and David Nash and Mary Laughren and Peter Austin and Barry Alpher},
	number = {512},
	pages = {415--425},
	publisher = {Research School of Pacific and Asian Studies: The Australian National University},
	series = {Pacific Linguistics},
	title = {The Noun Phrase in {Australian} Languages},
	year = {2001},
	bdsk-url-1 = {https://doi.org/none}}

@incollection{Corbett93a,
	address = {Cambridge},
	author = {Corbett, Greville G.},
	booktitle = {Heads in Grammatical Theory},
	checked = {EE 2022},
	doi = {10.1017/CBO9780511659454.002},
	editor = {Corbett, Greville G. and Norman M. Fraser and Scott McGlashan},
	langid = {english},
	pages = {11--35},
	publisher = {Cambridge University Press},
	series = {none},
	title = {The Head of {Russian} Numeral Expressions},
	year = {1993},
	bdsk-url-1 = {https://doi.org/10.1017/CBO9780511659454.002}}

@article{Dixon1979,
	author = {Dixon, Robert M. W.},
	checked = {EE 2022},
	doi = {10.1075/sl.1.1.04dix},
	journal = {Studies in Language},
	number = {1},
	pages = {19--80},
	title = {Where Have All the Adjectives Gone?},
	volume = {1},
	year = {1977},
	bdsk-url-1 = {https://doi.org/10.1075/sl.1.1.04dix}}

@book{Donaldson2007,
	address = {London},
	author = {Donaldson, Bruce},
	checked = {EE 2022, LK 2022},
	doi = {none},
	number = {none},
	publisher = {Routledge},
	series = {Routledge Essential Grammars},
	title = {German: {An} Essential Grammar},
	year = {2007},
	bdsk-url-1 = {https://doi.org/none}}

@article{Klavans1985,
	author = {Klavans, Judith},
	checked = {EE 2022},
	doi = {10.2307/413422},
	journal = {Language},
	number = {1},
	pages = {95--120},
	title = {The Independence of Syntax and Phonology in Cliticization},
	volume = {61},
	year = {1985},
	bdsk-url-1 = {https://doi.org/10.2307/413422}}

@article{Dixon2000,
	author = {Dixon, Robert M. W.},
	checked = {EE 2022},
	doi = {10.1017/S0022226700008367},
	journal = {Journal of Linguistics},
	number = {3},
	pages = {487--510},
	title = {Categories of the Noun Phrase in {Jarawara}},
	volume = {36},
	year = {2000},
	bdsk-url-1 = {https://doi.org/10.1017/S0022226700008367}}

@book{Aikhenvald2003,
	address = {Cambridge},
	author = {Aikhenvald, Alexandra Y.},
	checked = {EE 2022},
	doi = {10.1017/CBO9781107050952},
	number = {none},
	publisher = {Cambridge University Press},
	series = {Cambridge Grammatical Descriptions},
	title = {A Grammar of {Tariana}, from {Northwest Amazonia}},
	year = {2003},
	bdsk-url-1 = {https://doi.org/10.1017/CBO9781107050952}}

@incollection{Aikhenvald2006,
	address = {Oxford},
	author = {Aikhenvald, Alexandra Y.},
	booktitle = {Serial Verb Constructions: {A} Cross-Linguistic Typology},
	checked = {EE 2022, LK 2022},
	doi = {none},
	editor = {Alexandra Y. Aikhenvald and Robert M. W. Dixon},
	number = {2},
	pages = {1--68},
	publisher = {Oxford University Press},
	series = {Explorations in Linguistic Typology},
	title = {Serial Verb Constructions in Typological Perspective},
	year = {2006},
	bdsk-url-1 = {https://doi.org/none}}

@incollection{Aristar1995,
	address = {New York, NY},
	author = {Aristar, Anthony Rodrigues},
	booktitle = {Double Case: {Agreement} by \emph{Suffixaufnahme}},
	checked = {EE 2022, LK 2022},
	doi = {none},
	editor = {Frans Plank},
	pages = {431--447},
	publisher = {Oxford University Press},
	series = {none},
	title = {Binder-Anaphors and the Diachrony of Case Displacement},
	year = {1995},
	bdsk-url-1 = {https://doi.org/none}}

@incollection{Dubois1984,
	address = {Amsterdam},
	author = {Du Bois, John W.},
	booktitle = {Iconicity in Syntax},
	checked = {EE 2022},
	doi = {10.1075/tsl.6.17dub},
	editor = {John Haiman},
	number = {6},
	pages = {344--365},
	publisher = benjamins,
	series = {Typological Studies in Language},
	title = {Competing Motivations},
	year = {1984},
	bdsk-url-1 = {https://doi.org/10.1075/tsl.6.17dub}}

@article{Blake1983,
	author = {Blake, Barry J.},
	checked = {EE 2022},
	doi = {10.1080/07268608308599307},
	journal = {Australian Journal of Linguistics},
	number = {2},
	pages = {143--175},
	title = {Structure and Word Order in {Kalkatungu}: {The} Anatomy of a Flat Language},
	volume = {3},
	year = {1983},
	bdsk-url-1 = {https://doi.org/10.1080/07268608308599307}}

@article{Haspelmath1999,
	author = {Haspelmath, Martin},
	checked = {EE 2022},
	doi = {10.2307/417260},
	journal = {Language},
	number = {2},
	pages = {227--243},
	title = {Explaining Article–Possessor Complementarity: {Economic} Motivation in Noun Phrase Syntax},
	volume = {75},
	year = {1999},
	bdsk-url-1 = {https://doi.org/10.2307/417260}}

@article{Heath1984,
	author = {Heath, Jeffrey},
	checked = {EE 2022},
	doi = {10.1007/BF00133375},
	journal = {Natural Language \& Linguistic Theory},
	number = {3},
	pages = {375--408},
	title = {Syntactic and Lexical Aspects of Nonconfigurationality in {Nunggubuyu} ({Australia})},
	volume = {4},
	year = {1984},
	bdsk-url-1 = {https://doi.org/10.1007/BF00133375}}

@book{HeineKuteva2002,
	address = {Cambridge},
	author = {Heine, Bernd and Tania Kuteva},
	checked = {EE 2022, LK 2022},
	doi = {10.1017/CBO9780511613463},
	publisher = {Cambridge University Press},
	series = {none},
	title = {World Lexicon of Grammaticalization},
	year = {2002},
	bdsk-url-1 = {https://doi.org/10.1017/CBO9780511613463}}

@article{Jurafsky1996,
	author = {Jurafsky, Daniel},
	checked = {EE 2022},
	doi = {10.2307/416278},
	journal = {Language},
	number = {3},
	pages = {533--578},
	title = {Universal Tendencies in the Semantics of the Diminutive},
	volume = {72},
	year = {1996},
	bdsk-url-1 = {https://doi.org/10.2307/416278}}

@incollection{Kamp1975,
	address = {Cambridge},
	author = {Kamp, Johan A. W.},
	booktitle = {Formal Semantics of Natural Language: {Papers} from a Colloquium Sponsored by the {King's College Research Centre, Cambridge}},
	checked = {EE 2022, LK 2022},
	doi = {10.1017/CBO9780511897696.011},
	editor = {Edward L. Keenan},
	pages = {123--155},
	publisher = {Cambridge University Press},
	series = {none},
	title = {Two Theories about Adjectives},
	year = {1975},
	bdsk-url-1 = {https://doi.org/10.1017/CBO9780511897696.011}}

@book{Kratochvil2007,
	address = {Utrecht},
	author = {Kratochvil, František},
	checked = {EE 2022, LK 2022},
	doi = {none},
	number = {157},
	publisher = {LOT},
	series = {{LOT} Dissertation Series},
	title = {A Grammar of {Abui}: {A Papuan} Language of {Alor}},
	year = {2007},
	bdsk-url-1 = {https://doi.org/none}}

@article{Lander2011,
	author = {Lander, Yury},
	checked = {EE 2022, LK 2022},
	doi = {none},
	journal = {Kavkazovedčeskie razyskanija [Caucasiological Papers]},
	number = {none},
	pages = {77--95},
	title = {Priimennye posessivnye konstrukcii v tantynskom darginskom [{Adnominal} Possessive Constructions in {Tanti Dargwa}]},
	volume = {3},
	year = {2011},
	bdsk-url-1 = {https://doi.org/none}}

@article{Lander2017,
	author = {Lander, Yury},
	checked = {EE 2022},
	doi = {10.1075/sl.41.1.03lan},
	journal = {Studies in Language},
	number = {1},
	pages = {76--98},
	title = {Nominal Complex in {West Circassian}: {Between} Morphology and Syntax},
	volume = {41},
	year = {2017},
	bdsk-url-1 = {https://doi.org/10.1075/sl.41.1.03lan}}

@incollection{LanderNichols2020,
	address = {Oxford},
	author = {Lander, Yury and Johanna Nichols},
	booktitle = {Oxford Research Encyclopedia of Linguistics},
	checked = {EE 2022, LK 2022},
	doi = {10.1093/acrefore/9780199384655.013.523},
	editor = {Mark Aronoff},
	number = {none},
	pages = {1--25},
	publisher = {Oxford University Press},
	series = {online {Oxford} Research Encyclopedia},
	title = {Head/""Dependent Marking},
	year = {2020},
	bdsk-url-1 = {https://doi.org/10.1093/acrefore/9780199384655.013.523}}

@article{Koontz-GarbodenFrancez2010,
	author = {Koontz-Garboden, Andrew and Itamar Francez},
	checked = {EE 2022},
	doi = {10.1007/s11050-010-9054-6},
	journal = {Natural Language Semantics},
	number = {2},
	pages = {197--240},
	title = {Possessed Properties in {Ulwa}},
	volume = {18},
	year = {2010},
	bdsk-url-1 = {https://doi.org/10.1007/s11050-010-9054-6}}

@article{KorotkovaLander2010,
	author = {Korotkova, Natalia and Yury Lander},
	checked = {EE 2022},
	doi = {10.1007/s11525-010-9185-y},
	journal = {Morphology},
	number = {2},
	pages = {299--319},
	title = {Deriving Affix Ordering in Polysynthesis: {Evidence from Adyghe}},
	volume = {20},
	year = {2010},
	bdsk-url-1 = {https://doi.org/10.1007/s11525-010-9185-y}}

@article{KampPartee1995,
	authauthor = {Kamp, Hans and Barbara H. Partee},
	author = {Kamp, Hans and Barbara Partee},
	checked = {stmue 2021},
	date-modified = {2022-08-09 14:50:16 +0200},
	doi = {10.1016/0010-0277(94)00659-9},
	journal = {Cognition},
	number = {2},
	pages = {129--191},
	title = {Prototype Theory and Compositionality},
	volume = {57},
	year = {1995},
	bdsk-url-1 = {https://doi.org/10.1016/0010-0277(94)00659-9}}

@phdthesis{Green1999,
	address = {Cambridge, MA},
	author = {Green, Thomas Michael},
	checked = {EE 2022},
	doi = {none},
	school = {Department of Linguistics and Philosophy, MIT},
	title = {A Lexicographic Study of {Ulwa}},
	year = {1999},
	bdsk-url-1 = {https://doi.org/none}}

@book{Harris2002,
	address = {Oxford},
	author = {Harris, Alice C.},
	checked = {EE 2022},
	doi = {none},
	publisher = {Oxford University Press},
	series = {none},
	title = {Endoclitics and the Origins of {Udi} Morphosyntax},
	year = {2002},
	bdsk-url-1 = {https://doi.org/none}}

@book{Ledgeway2012,
	address = {Oxford},
	author = {Ledgeway, Adam},
	checked = {EE 2022},
	doi = {10.1093/acprof:oso/9780199584376.001.0001},
	number = {none},
	publisher = {Oxford University Press},
	series = {Oxford Studies in Diachronic and Historical Linguistics},
	title = {From {Latin to Romance}: {Morphosyntactic} Typology and Change},
	year = {2012},
	bdsk-url-1 = {https://doi.org/10.1093/acprof:oso/9780199584376.001.0001}}

@article{Lichtenberk2009,
	author = {Lichtenberk, Frantisek},
	checked = {EE 2022},
	doi = {10.1353/ol.0.0054},
	journal = {Oceanic Linguistics},
	number = {2},
	pages = {379--402},
	title = {{Oceanic} Possessive Classifiers},
	volume = {48},
	year = {2009},
	bdsk-url-1 = {https://doi.org/10.1353/ol.0.0054}}

@book{Malchukov2000,
	address = {München},
	author = {Malchukov, Andrej L.},
	checked = {EE 2022},
	doi = {none},
	number = {3},
	publisher = {LINCOM Europa},
	series = {{LINCOM} Studies in Language Typology ({LSLT})},
	title = {Dependency Reversal in Noun-attributive Constructions: {Towards} a Typology},
	year = {2000},
	bdsk-url-1 = {https://doi.org/none}}

@inproceedings{Matisoff1992,
	address = {Tempe, AZ},
	author = {Matisoff, James A.},
	booktitle = {Papers from the {First Annual Meeting} of the {Southeast Asian Linguistics Society} ({SEALS}), 1991},
	checked = {EE 2022},
	editor = {Martha Ratliff and Eric Schiller},
	pages = {293--349},
	publisher = {Arizona State University, Program for Southeast Asian Studies},
	title = {The Mother of All Morphemes: {Augmentatives} and Diminutives in Areal and Universal Perspective},
	year = {1992}}

@article{MeakinsNordlinger2017,
	author = {Meakins, Felicity and Rachel Nordlinger},
	checked = {EE 2022},
	doi = {10.1515/lingty-2017-0004},
	journal = {Linguistic Typology},
	number = {1},
	pages = {143--176},
	title = {Possessor Dissension: {Agreement} Mismatch in {Ngumpin-Yapa} Possessive Constructions},
	volume = {21},
	year = {2017},
	bdsk-url-1 = {https://doi.org/10.1515/lingty-2017-0004}}

@incollection{Moravcsik1995,
	address = {New York, NY},
	author = {Moravcsik, Edith A.},
	booktitle = {Double Case: {Agreement} by \emph{Suffixaufnahme}},
	checked = {EE 2022},
	doi = {none},
	editor = {Frans Plank},
	pages = {451--484},
	publisher = {Oxford University Press},
	series = {none},
	title = {Summing up \emph{Suffixaufnahme}},
	year = {1995},
	bdsk-url-1 = {https://doi.org/none}}

@incollection{McNally2016,
	address = {Cambridge},
	author = {McNally, Louise},
	booktitle = {The {Cambridge} Handbook of Formal Semantics},
	checked = {EE 2022},
	doi = {10.1017/CBO9781139236157.016},
	editor = {Maria Aloni and Paul Dekker},
	number = {none},
	pages = {442--464},
	publisher = {Cambridge University Press},
	series = {Cambridge Handbooks in Language and Linguistics},
	title = {Modification},
	year = {2016},
	bdsk-url-1 = {https://doi.org/10.1017/CBO9781139236157.016}}

@book{Rijkhoff2002,
	address = {Oxford},
	author = {Rijkhoff, Jan},
	checked = {EE 2022},
	doi = {10.1093/acprof:oso/9780198237822.001.0001},
	number = {none},
	publisher = {Oxford University Press},
	series = {Oxford Studies in Typology and Linguistic Theory},
	title = {The Noun Phrase},
	year = {2002},
	bdsk-url-1 = {https://doi.org/10.1093/acprof:oso/9780198237822.001.0001}}

@article{Ritchie2017,
	author = {Ritchie, Sandy},
	checked = {EE 2022},
	doi = {10.1075/sl.41.3.05rit},
	journal = {Studies in Language},
	number = {3},
	pages = {660--716},
	title = {Agreement with the Internal Possessor in {Chimane}: {A} Mediated Locality Approach},
	volume = {41},
	year = {2017},
	bdsk-url-1 = {https://doi.org/10.1075/sl.41.3.05rit}}

@article{Ross1998,
	author = {Ross, Malcolm},
	checked = {EE 2022},
	doi = {10.2307/3623410},
	journal = {Oceanic Linguistics},
	number = {2},
	pages = {234--275},
	title = {Possessive-like Attribute Constructions in the {Oceanic} Languages of {Northwest Melanesia}},
	volume = {37},
	year = {1998},
	bdsk-url-1 = {https://doi.org/10.2307/3623410}}

@book{Pinkster2015,
	address = {Oxford},
	author = {Pinkster, Harm},
	checked = {EE 2022},
	doi = {10.1093/acprof:oso/9780199283613.001.0001},
	publisher = {Oxford University Press},
	series = {none},
	title = {The {Oxford Latin} Syntax},
	volume = {1: {The} Simple Clause},
	year = {2015},
	bdsk-url-1 = {https://doi.org/10.1093/acprof:oso/9780199283613.001.0001}}

@incollection{Plank1995,
	address = {New York, NY},
	author = {Plank, Frans},
	booktitle = {Double Case: {Agreement} by \emph{Suffixaufnahme}},
	checked = {EE 2022},
	doi = {none},
	editor = {Frans Plank},
	pages = {3--110},
	publisher = {Oxford University Press},
	series = {none},
	title = {{(Re-)}Introducing \emph{Suffixaufnahme}},
	year = {1995},
	bdsk-url-1 = {https://doi.org/none}}

@book{Reinoehl2016,
	address = {Oxford},
	author = {Reinöhl, Uta},
	checked = {EE 2022},
	doi = {10.1093/acprof:oso/9780198736660.001.0001},
	number = {none},
	publisher = {Oxford University Press},
	series = {Oxford Studies in Diachronic and Historical Linguistics},
	title = {Grammaticalization and the Rise of Configurationality in {Indo-Aryan}},
	year = {2016},
	bdsk-url-1 = {https://doi.org/10.1093/acprof:oso/9780198736660.001.0001}}

@book{Riessler2016,
	address = {Berlin},
	author = {Rießler, Michael},
	checked = {EE 2022},
	doi = {10.17169/langsci.b19.295},
	number = {2},
	publisher = {Language Science Press},
	series = {Studies in Diversity Linguistics},
	title = {Adjective Attribution},
	year = {2016},
	bdsk-url-1 = {https://doi.org/10.17169/langsci.b19.295}}

@book{Schuh1998,
	address = {Berkeley, CA},
	author = {Schuh, Russell G.},
	checked = {EE 2022},
	doi = {none},
	number = {130},
	publisher = {University of California Press},
	series = {University of {California} Publications in Linguistics},
	title = {A Grammar of {Miya}},
	year = {1998},
	bdsk-url-1 = {https://doi.org/none}}

@book{Siegel1976,
	address = {Amherst, MA},
	author = {Siegel, Muffy E. A.},
	checked = {EE 2022},
	doi = {10.7275/0ws6-st16},
	number = {2443},
	publisher = {University of Massachusetts},
	series = {Doctoral Dissertations 1896--February 2014},
	title = {Capturing the Adjective},
	year = {1976},
	bdsk-url-1 = {https://doi.org/10.7275/0ws6-st16}}

@incollection{Sosenskaja2001,
	address = {Moscow},
	author = {Sosenskaja, Tat'jana B.},
	booktitle = {{Bagvalinskij jazyk. Grammatika. Teksty. Slovari} [{The Bagwalal} Language: {Grammar}. {Texts}. {Dictionaries}]},
	editor = {Aleksandr E. Kibrik},
	pages = {168--172},
	publisher = {Nasledie},
	title = {{Narečie i poslelog} [{Adverb} and Adposition]},
	year = {2001}}

@article{Spevak2015,
	author = {Spevak, Olga},
	checked = {EE 2022},
	doi = {10.1515/joll-2015-0012},
	journal = {Journal of Latin Linguistics},
	number = {2},
	pages = {307--323},
	title = {Appositive Construction or Noun Phrase? {On} the Status of Postnominal Adjectives in {Latin} and {Ancient Greek}},
	volume = {14},
	year = {2015},
	bdsk-url-1 = {https://doi.org/10.1515/joll-2015-0012}}

@article{PalmerBrown2007,
	author = {Palmer, Bill and Dunstan Brown},
	checked = {EE 2022},
	doi = {10.1353/ol.2007.0022},
	journal = {Oceanic Linguistics},
	number = {1},
	pages = {199--209},
	title = {Heads in {Oceanic} Indirect Possession},
	volume = {46},
	year = {2007},
	bdsk-url-1 = {https://doi.org/10.1353/ol.2007.0022}}

@incollection{Testelec1998,
	address = {Berlin},
	author = {Testelec, Yakov G.},
	booktitle = {Eurotyp: {Typology} of Languages in {Europe}},
	checked = {EE 2022},
	doi = {10.1515/9783110812206.649},
	editor = {Anna Siewierska},
	number = {20},
	pages = {649--679},
	publisher = {Mouton de Gruyter},
	series = {Empirical Approaches to Language Typology},
	title = {Word Order Variation in Some {SOV} Languages of {Europe}},
	volume = {1: {Constituent} Order in the Languages of {Europe}},
	year = {1998},
	bdsk-url-1 = {https://doi.org/10.1515/9783110812206.649}}

@incollection{Nikolevaetal2019,
	author = {Nikolaeva, Irina and András Bárány and Oliver Bond},
	checked = {EE 2022},
	crossref = {BaranyNikolaeva2019},
	doi = {10.1093/oso/9780198812142.003.0001},
	pages = {1--38},
	title = {Towards a Typology of Prominent Internal Possessors},
	bdsk-url-1 = {https://doi.org/10.1093/oso/9780198812142.003.0001}}

@article{LouagieVerstraete2016,
	author = {Louagie, Dana and Jean-Christophe Verstraete},
	checked = {EE 2022},
	doi = {10.1515/lingty-2016-0002},
	journal = {Linguistic Typology},
	number = {1},
	pages = {25--80},
	title = {Noun Phrase Constituency in {Australian} Languages: {A} Typological Study},
	volume = {20},
	year = {2016},
	bdsk-url-1 = {https://doi.org/10.1515/lingty-2016-0002}}

@incollection{Thompson1989,
	address = {Amsterdam},
	author = {Thompson, Sandra A.},
	booktitle = {Linguistic Categorization},
	checked = {EE 2022},
	doi = {10.1075/cilt.61.16tho},
	editor = {Roberta Corrigan and Fred Eckman and Michael Noonan},
	number = {61},
	pages = {245--265},
	publisher = benjamins,
	series = {Current Issues in Linguistic Theory},
	title = {A Discourse Approach to the Cross-linguistic Category `{Adjective}'},
	year = {1989},
	bdsk-url-1 = {https://doi.org/10.1075/cilt.61.16tho}}

@article{Wierzbicka1986,
	author = {Wierzbicka, Anna},
	checked = {EE 2022},
	doi = {10.1075/sl.10.2.05wie},
	journal = {Studies in Language},
	number = {2},
	pages = {353--389},
	title = {What's in a Noun? ({Or}: {How} Do Nouns Differ in Meaning from Adjectives?)},
	volume = {10},
	year = {1986},
	bdsk-url-1 = {https://doi.org/10.1075/sl.10.2.05wie}}

@book{Hardjadibrata1985,
	address = {Canberra},
	author = {Hardjadibrata, Rabin R.},
	checked = {EE 2022},
	doi = {none},
	number = {65},
	publisher = {Department of Linguistics, Research School of Pacific Studies, Australian National University},
	series = {Pacific Linguistics Series D},
	title = {Sundanese: {A} Syntactic Analysis},
	year = {1985},
	bdsk-url-1 = {https://doi.org/none}}

@article{Hetzron1976,
	author = {Hetzron, Robert},
	checked = {EE 2022},
	journal = {Afroasiatic Linguistics},
	number = {3},
	pages = {31--75},
	title = {The {Agaw} Languages},
	volume = {3},
	year = {1976}}

@book{Sumbatova2014,
	address = {Moscow},
	authauthor = {Sumbatova, Nina R. and Lander, Yury},
	author = {Sumbatova, Nina R. and Lander, Yury A.},
	checked = {EE 2022},
	date-modified = {2022-08-17 16:53:40 +0200},
	doi = {none},
	number = {none},
	publisher = {Jazyki slavjanskoj kul'tury},
	series = {Studia Philologica},
	title = {Darginskij govor selenija {Tanty}: {Grammatičeskij} očerk, voprosy sintaksisa [{The} {Dargwa} Variety of the {Tanti} Village: {A} Grammatical Sketch. {Aspects} of Syntax]},
	year = {2014},
	bdsk-url-1 = {https://doi.org/none}}

@inproceedings{Lander2009,
	address = {Moscow},
	author = {Lander, Yury},
	booktitle = {{VIII Meždunarodnoj} konferenciji po jazykam {Dal'nego Vostoka}, {Jugo-Vostočnoj Azii} i {Zapadnoj Afriki} ({Moskva}, 22--24 sentjabrja 2009~g.): {Tezisy} i doklady [{VIII International} Conference on the Languages ​​of the {Far East}, {Southeast Asia} and {West Africa} ({Moscow}, Septermber 22--24, 2009): {Abstracts and Reports}]},
	checked = {EE 2022},
	doi = {none},
	editor = {Kasevich, Vadim B. and Valentin F. Vydrine and Yury Lander and Madina K. Shakhbieva},
	pages = {242--257},
	publisher = {Kluch-C},
	series = {none},
	title = {Western {Indonesian} Prenominal Modifiers and Compositional Obligatoriness},
	year = {2009},
	bdsk-url-1 = {https://doi.org/none}}

@inproceedings{Lander2010,
	address = {Lyon},
	author = {Lander, Yury},
	booktitle = {Essais de Typologie et de Linguistique Générale: {Mélanges} Offerts à {Denis Creissels}},
	checked = {EE 2022},
	doi = {none},
	editor = {Franck Floricic},
	pages = {287--311},
	publisher = {ENS Éditions},
	series = {none},
	title = {Dialectics of Adnominal Modifiers: {On} Concord and Incorporation in Nominal Phrases},
	year = {2010},
	bdsk-url-1 = {https://doi.org/none}}

@article{NordlingerSadler2004,
	author = {Nordlinger, Rachel and Louisa Sadler},
	checked = {EE 2022, LK 2022},
	journal = {Language},
	number = {4},
	pages = {776--806},
	stableurl = {https://www.jstor.org/stable/4489781},
	title = {Nominal Tense in Crosslinguistic Perspective},
	volume = {80},
	year = {2004}}

@incollection{Luraghi2010,
	address = {London},
	author = {Luraghi, Silvia},
	booktitle = {The {Continuum} Companion to Historical Linguistics},
	checked = {EE 2022},
	doi = {none},
	editor = {Luraghi, Silvia and Vit Bubenik},
	number = {none},
	pages = {212--229},
	publisher = {Continuum},
	series = {Bloomsbury Companions},
	title = {The Rise (and Possible Downfall) of Configurationality},
	year = {2010},
	bdsk-url-1 = {https://doi.org/none}}

@incollection{Partee2010,
	address = {Bingley},
	author = {Partee, Barbara H.},
	booktitle = {Presuppositions and Discourse: {Essays} Offered to {Hans Kamp}},
	checked = {EE 2022},
	doi = {10.1163/9789004253162},
	editor = {Rainer Bäuerle and Uwe Reyle and Thomas Ede Zimmermann},
	number = {21},
	pages = {273--285},
	publisher = {Emerald Group Publishing Ltd.},
	series = {Current Research in the Semantics/""Pragmatics Interface},
	title = {Privative Adjectives: {Subsective} Plus Coercion},
	year = {2010},
	bdsk-url-1 = {https://doi.org/10.1163/9789004253162}}

@book{Trask1996,
	address = {London},
	author = {Trask, Robert Lawrence},
	checked = {EE 2022},
	doi = {none},
	publisher = {Routledge},
	series = {none},
	title = {A Dictionary of Phonetics and Phonology},
	year = {1996},
	bdsk-url-1 = {https://doi.org/none}}

@book{yearbook88,
	address = {Dordrecht},
	booktitle = {Yearbook of Morphology},
	checked = {EE 2022, LK 2022},
	date-modified = {2022-08-08 12:04:03 +0200},
	doi = {10.1515/9783112329528},
	editor = {Booij, Geert and Marle, Jaap van de},
	publisher = foris,
	series = {none},
	title = {Yearbook of Morphology},
	volume = {1},
	year = {1988},
	bdsk-url-1 = {https://doi.org/10.1515/9783112329528}}

@collection{BaranyNikolaeva2019,
	address = {Oxford},
	checked = {EE 2022, LK 2022},
	doi = {10.1093/oso/9780198812142.001.0001},
	editor = {Bárány, András and Oliver Bond and Irina Nikolaeva},
	publisher = {Oxford University Press},
	series = {none},
	title = {Prominent Internal Possessors},
	year = {2019},
	bdsk-url-1 = {https://doi.org/10.1093/oso/9780198812142.001.0001}}

@article{Weise1920,
	author = {Weise, Oskar},
	checked = {stmue 2021},
	date-added = {2022-08-30 13:36:00 +0200},
	date-modified = {2022-08-30 13:45:09 +0200},
	journal = {Jahrbuch des Vereins für niederdeutsche Sprachforschung},
	langid = {ngerman},
	number = {none},
	pages = {28--40},
	title = {{Beiträge zur Niederdeutschen Wortbildung}},
	volume = {46},
	year = {1920},
	bdsk-url-1 = {https://archive.org/stream/niederdeutsches_jahrbuch_1918bis1920/niederdeutsches_jahrbuch_1918bis1920_djvu.txt}}

@article{Arcodia2018,
	author = {Arcodia, Giorgio Francesco},
	checked = {LK 2022},
	doi = {10.1515/ling-2018-0025},
	journal = {Linguistics},
	number = {6},
	pages = {1197--1243},
	title = {Coordinating nominal compounds: {Universal} vs. areal tendencies},
	volume = {56},
	year = {2018},
	bdsk-url-1 = {https://doi.org/10.1515/ling-2018-0025}}

@article{AsdahlHolmberg1973,
	author = {Åsdahl Holmberg, Märta},
	journal = {Niederdeutsche Mitteilungen},
	langid = {ngerman},
	pages = {42--58},
	title = {{Zum Wortbildungstyp \emph{nickköppen}}},
	volume = {29},
	year = {1973}}

@article{BreindlThurmair1992,
	author = {Breindl, Eva and Maria Thurmair},
	checked = {stmue 2021},
	doi = {none},
	journal = ds,
	langid = {ngerman},
	number = {1},
	pages = {32--61},
	title = {{Der Fürstbischof im Hosenrock: Eine Studie zu den nominalen Kopulativkomposita des Deutschen}},
	volume = {20},
	year = {1992},
	bdsk-url-1 = {https://pub.ids-mannheim.de/laufend/deusprach/ds92.html}}

@incollection{BueckingRau2013,
	address = {Leiden},
	author = {Bücking, Sebastian and Jennifer Rau},
	booktitle = {Beyond Expressives: {Explorations} in Use-Conditional Meaning},
	checked = {LK 2022},
	date-modified = {2022-08-29 16:15:19 +0200},
	doi = {10.1163/9789004183988_003},
	editor = {Daniel Gutzmann and Hans-Martin Gärtner},
	number = {28},
	pages = {59--94},
	publisher = brill,
	series = {Current Issues in the Semantics/Pragmatics Interface},
	title = {German Non-Inflectional Constructions as Separate Performatives},
	year = {2013},
	bdsk-url-1 = {https://doi.org/10.1163/9789004183988_003}}

@book{CorbettEtAl1993,
	address = {Cambridge},
	checked = {LK 2022},
	doi = {10.1017/CBO9780511659454},
	editor = {Corbett, Greville G. and Norman M. Fraser and Scott McGlashan},
	publisher = {Cambridge University Press},
	series = {none},
	title = {Heads in Grammatical Theory},
	year = {1993},
	bdsk-url-1 = {https://doi.org/10.1017/CBO9780511659454}}

@book{Elsen2014,
	address = {Berlin},
	author = {Elsen, Hilke},
	checked = {LK 2022},
	doi = {10.1515/9783110369304},
	edition = 2,
	langid = {ngerman},
	number = {none},
	publisher = {De Gruyter},
	series = {De Gruyter Studium},
	title = {{Grundzüge der Morphologie des Deutschen}},
	year = {2014},
	bdsk-url-1 = {https://doi.org/10.1515/9783110369304}}

@article{Finkbeiner2014,
	author = {Finkbeiner, Rita},
	checked = {LK 2022},
	doi = {10.3366/word.2014.0065},
	journal = {Word Structure},
	number = {2},
	pages = {182--213},
	title = {Identical Constituent Compounds in {German}},
	volume = {7},
	year = {2014},
	bdsk-url-1 = {https://doi.org/10.3366/word.2014.0065}}

@article{GhomeshiEtAl2004,
	author = {Ghomeshi, Jila and Ray Jackendoff and Nicole Rosen and Kevin Russell},
	checked = {LK 2022},
	doi = {10.1023/B:NALA.0000015789.98638.f9},
	journal = {Natural Language and Linguistic Theory},
	number = {2},
	pages = {307--357},
	title = {Contrastive Focus Reduplication in {English} (The Salad-Salad Paper)},
	volume = {22},
	year = {2004},
	bdsk-url-1 = {https://doi.org/10.1023/B:NALA.0000015789.98638.f9}}

@article{vanGinneken1939,
	author = {van Ginneken, Jac.},
	checked = {stmue 2021},
	date-modified = {2022-08-30 14:53:33 +0200},
	doi = {none},
	journal = {Onze Taaltuin},
	number = {5},
	pages = {129--146},
	title = {Nederlandsche taal- en cultuurrelicten uit den steentijd},
	volume = {8},
	year = {1939},
	bdsk-url-1 = {https://www.dbnl.org/tekst/_taa011193901_01/_taa011193901_01_0019.php#19}}

@book{Henzen1965,
	address = {Tübingen},
	author = {Henzen, Walter},
	checked = {LK 2022},
	doi = {10.1515/9783111393162},
	edition = {3},
	langid = {ngerman},
	number = {5},
	publisher = niemeyer,
	series = {Sammlung kurzer Grammatiken germanischer Dialekte: B, Ergänzungsreihe},
	title = {{Deutsche Wortbildung}},
	year = {1965},
	bdsk-url-1 = {https://doi.org/10.1515/9783111393162}}

@book{Hohenhaus1996,
	address = {Frankfurt a.\,M.},
	author = {Hohenhaus, Peter},
	checked = {LK 2022},
	doi = {none},
	langid = {ngerman},
	number = {317},
	publisher = lang,
	series = {Europäische Hochschulschriften},
	title = {{Ad-hoc-Wortbildung: Terminologie, Typologie und Theorie kreativer Wortbildung im Englischen}},
	year = {1996},
	bdsk-url-1 = {https://doi.org/none}}

@article{Hohenhaus2004,
	author = {Hohenhaus, Peter},
	checked = {LK 2022},
	doi = {10.1515/flin.2004.38.3-4.297},
	journal = {Folia Linguistica},
	number = {3--4},
	pages = {297--332},
	title = {Identical Constituent Compounds: {A} Corpus-Based Study},
	volume = {38},
	year = {2004},
	bdsk-url-1 = {https://doi.org/10.1515/flin.2004.38.3-4.297}}

@incollection{Horn2018,
	address = {Berlin},
	author = {Horn, Laurence R.},
	booktitle = {Exact Repetition in Grammar and Discourse},
	checked = {LK 2022},
	doi = {10.1515/9783110592498-010},
	editor = {Rita Finkbeiner and Ulrike Freywald},
	number = {323},
	pages = {233--264},
	publisher = {De Gruyter},
	series = {Trends in Linguistics: Studies and Monographs},
	title = {The Lexical Clone: {Pragmatics}, Prototypes, Productivity},
	year = {2018},
	bdsk-url-1 = {https://doi.org/10.1515/9783110592498-010}}

@book{Kaiser2017,
	address = {Heidelberg},
	author = {Kaiser, Julia},
	checked = {LK 2022},
	doi = {none},
	langid = {ngerman},
	number = {15},
	publisher = {Universitätsverlag Winter},
	series = {OraLingua},
	title = {{„Absolute“ Verwendung von Modalverben im gesprochenen Deutsch: Eine interaktionslinguistische Untersuchung}},
	year = {2017},
	bdsk-url-1 = {https://doi.org/none}}

@book{Lohde2006,
	address = {Tübingen},
	author = {Lohde, Michael},
	checked = {LK 2022},
	doi = {none},
	langid = {ngerman},
	number = {none},
	publisher = narr,
	series = {Narr Studienbücher},
	title = {{Wortbildung des modernen Deutschen: Ein Lehr- und Übungsbuch}},
	year = {2006},
	bdsk-url-1 = {https://doi.org/none}}

@incollection{Michel2014,
	address = {Berlin},
	author = {Michel, Sascha},
	booktitle = {{Grammatik als Netzwerk von Konstruktionen: Sprachwissen im Fokus der Konstruktionsgrammatik}},
	checked = {LK 2022},
	doi = {10.1515/9783110353693.139},
	editor = {Alexander Lasch and Alexander Ziem},
	langid = {ngerman},
	number = {15},
	pages = {139--156},
	publisher = {De Gruyter},
	series = {Sprache und Wissen},
	title = {{Konstruktionsgrammatik und Wortbildung: Theoretische Reflexionen und praktische Anwendungen am Beispiel der Verschmelzung von Konstruktionen}},
	year = {2014},
	bdsk-url-1 = {https://doi.org/10.1515/9783110353693.139}}

@incollection{Olsen2015a,
	address = {Berlin},
	author = {Olsen, Susan},
	booktitle = {{Wörterbücher zur Sprach- und Kommunikationswissen\-schaft (WSK) Online}},
	checked = {LK 2022},
	doi = {none},
	editor = {Stefan J. Schierholz},
	langid = {ngerman},
	pages = {none},
	publisher = {De Gruyter},
	series = {none},
	title = {Inversionskompositum},
	url = {https://www.degruyter.com/database/WSK/entry/wsk_id_wsk_artikel_artikel_17138/html},
	urldate = {2022-06-18},
	year = {2015},
	bdsk-url-1 = {https://www.degruyter.com/database/WSK/entry/wsk_id_wsk_artikel_artikel_17138/html},
	bdsk-url-2 = {https://doi.org/none}}

@incollection{Olsen2015b,
	author = {Olsen, Susan},
	checked = {LK 2022},
	crossref = {MOOR2015a-ed},
	doi = {10.1515/9783110246254-022},
	pages = {364--386},
	title = {Composition},
	year = {2015},
	bdsk-url-1 = {https://doi.org/10.1515/9783110246254-022}}

@article{Pankow2003,
	author = {Pankow, Christiane},
	checked = {LK 2022},
	doi = {10.13092/lo.15.817},
	journal = {Linguistik online},
	langid = {ngerman},
	number = {3},
	pages = {89--124},
	title = {{Zur Darstellung nonverbalen Verhaltens in deutschen und schwedischen IRC-Chats: Eine Korpusuntersuchung}},
	volume = {15},
	year = {2003},
	bdsk-url-1 = {https://doi.org/10.13092/lo.15.817}}

@book{Plag2003,
	address = {Cambridge},
	author = {Plag, Ingo},
	checked = {LK 2022},
	doi = {10.1017/9781316771402},
	number = {none},
	publisher = {Cambridge University Press},
	series = {Cambridge Textbooks in Linguistics},
	title = {Word-Formation in {English}},
	year = {2003},
	bdsk-url-1 = {https://doi.org/10.1017/9781316771402}}

@book{Richling2008,
	address = {Saarbrücken},
	author = {Richling, Julia},
	checked = {LK 2022},
	doi = {none},
	langid = {ngerman},
	publisher = {VDM Verlag Dr. Müller},
	series = {none},
	title = {{Die Sprache in Foren und Newsgroups: Eine Untersuchung der konzeptuellen Mündlichkeit und Schriftlichkeit im Wandel der Zeit}},
	year = {2008},
	bdsk-url-1 = {https://doi.org/none}}

@article{vanRiemsdijk2002,
	author = {van Riemsdijk, Henk},
	checked = {LK 2022},
	journal = {Journal of Comparative Germanic Linguistics},
	number = {1/3},
	pages = {143--196},
	stableurl = {https://www.jstor.org/stable/23741028},
	title = {The Unbearable Lightness of {GO}ing: {The} Projection Parameter as a Pure Parameter Governing the Distribution of Elliptic Motion Verbs in {Germanic}},
	volume = {5},
	year = {2002}}

@incollection{vanRiemsdijk2012,
	address = {Amsterdam},
	author = {van Riemsdijk, Henk},
	booktitle = {Of Grammar, Words, and Verses: {In} Honor of {Carlos Piera}},
	checked = {stmue 2021},
	date-modified = {2022-08-29 16:03:40 +0200},
	doi = {10.1075/lfab.8.05van},
	editor = {Esther Torrego},
	number = {8},
	pages = {19--39},
	publisher = benjamins,
	series = {Language Faculty and Beyond},
	title = {The Absent, the Silent, and the Audible: {Some} Thoughts on the Morphology of Silent Verbs},
	year = {2012},
	bdsk-url-1 = {https://doi.org/10.1075/lfab.8.05van}}

@article{Schlobinski2001,
	author = {Schlobinski, Peter},
	checked = {LK 2022},
	date-modified = {2022-08-29 16:17:42 +0200},
	doi = {10.1515/zfgl.2001.013},
	journal = {Zeitschrift für germanistische Linguistik},
	langid = {ngerman},
	number = {2},
	pages = {192--218},
	title = {{*knuddel zurueckknuddel dich ganzdollknuddel*: Inflektive und Inflektivkonstruktionen im Deutschen}},
	volume = {29},
	year = {2001},
	bdsk-url-1 = {https://doi.org/10.1515/zfgl.2001.013}}

@article{Schmidt1996,
	author = {Schmidt, Rosemarie},
	checked = {LK 2022},
	doi = {none},
	journal = {Deutsch als Fremdsprache},
	langid = {ngerman},
	number = {2},
	pages = {86--91},
	title = {{Die \glqq{}Entübelung\grqq{} von Wortstrukturproblemen: Zum Head-Status von Präfixen im Deutschen und im Schwedischen}},
	volume = {33},
	year = {1996},
	bdsk-url-1 = {https://doi.org/none}}

@incollection{SimonWiese2011,
	address = {Berlin},
	author = {Simon, Horst J. and Heike Wiese},
	booktitle = {Expecting the Unexpected: {Exceptions} in Grammar},
	checked = {LK 2022},
	doi = {10.1515/9783110219098.3},
	editor = {Horst J. Simon and Heike Wiese},
	number = {216},
	pages = {3--30},
	publisher = {De Gruyter},
	series = {Trends in Linguistics: Studies and Monographs},
	title = {What are Exceptions? {And} what Can Be Done about Them?},
	year = {2011},
	bdsk-url-1 = {https://doi.org/10.1515/9783110219098.3}}

@book{StolzStrohUrdze2011,
	address = {Berlin},
	author = {Stolz, Thomas and Cornelia Stroh and Aina Urdze},
	checked = {LK 2022},
	doi = {10.1524/9783050050973},
	number = {8},
	publisher = {Akademie Verlag},
	series = {Studia Typologica},
	title = {Total Reduplication: {The} Areal Linguistics of a Potential Universal},
	year = {2011},
	bdsk-url-1 = {https://doi.org/10.1524/9783050050973}}

@incollection{Teuber1999,
	address = {Hildesheim},
	author = {Teuber, Oliver},
	booktitle = {{Variation und Stabilität in der Wortstruktur: Untersuchungen zu Entwicklung, Erwerb und Varietäten des Deutschen und anderer Sprachen}},
	checked = {LK 2022},
	doi = {none},
	editor = {Matthias Butt and Nanna Fuhrhop},
	langid = {ngerman},
	number = {141--142},
	pages = {7--26},
	publisher = olms,
	series = {Germanistische Linguistik},
	title = {{{\emph{fasel beschreib erwähn}: Der Inflektiv als Wortform des Deutschen}}},
	year = {1999},
	bdsk-url-1 = {https://doi.org/none}}

@book{Waelchli2005,
	address = {Oxford},
	author = {Wälchli, Bernhard},
	checked = {LK 2022},
	doi = {10.1093/acprof:oso/9780199276219.001.0001},
	number = {none},
	publisher = {Oxford University Press},
	series = {Oxford Studies in Typology and Linguistic Theory},
	title = {Co-Compounds and Natural Coordination},
	year = {2005},
	bdsk-url-1 = {https://doi.org/10.1093/acprof:oso/9780199276219.001.0001}}

@article{Weggelaar1986,
	annote = {C ist wohl Cornelis, aber wird im Aufsatz auch nicht expandiert},
	author = {Weggelaar, C.},
	checked = {LK 2022},
	date-modified = {2022-08-29 16:14:15 +0200},
	doi = {10.1086/466024},
	journal = {International Journal of American Linguistics},
	number = {3},
	pages = {301--305},
	title = {Noun Incorporation in {Dutch}},
	volume = {52},
	year = {1986},
	bdsk-url-1 = {https://doi.org/10.1086/466024}}
