

@book{behaghel23,
	address = {Heidelberg},
	author = {Otto Behaghel},
	checked = {EE 2022, LK 2022},
	date-added = {2022-08-26 18:41:43 +0200},
	date-modified = {2022-08-26 18:41:43 +0200},
	doi = {none},
	number = {10},
	publisher = {Winter},
	series = {Germanische Bibliothek},
	title = {{Deutsche Syntax: Eine geschichtliche Darstellung}},
	volume = {II: Die Wort\-klassen und Wortformen: B.\ Adverbium, C.\ Verbum},
	year = {1923},
	bdsk-url-1 = {https://doi.org/none}}

@book{dowty:1979:word:meaning,
	address = {Dordrecht},
	author = {Dowty, David R.},
	checked = {EE 2022},
	date-added = {2022-08-09 18:01:52 +0200},
	date-modified = {2022-08-09 18:01:52 +0200},
	doi = {10.1007/978-94-009-9473-7},
	langid = {british},
	number = {7},
	publisher = {Reidel},
	series = {Studies in Linguistics and Philosophy (SLAP)},
	title = {Word Meaning and {Montague Grammar}: {The} Semantics of Verbs and Times in {Generative Semantics} and {Montague}’s {PTQ}},
	year = {1979},
	bdsk-url-1 = {https://doi.org/10.1007/978-94-009-9473-7}}

@incollection{Dowty2003,
	address = {Berlin},
	author = {Dowty, Richard},
	booktitle = {Modifying adjuncts},
	date-added = {2022-08-08 11:54:32 +0200},
	date-modified = {2022-08-08 11:54:32 +0200},
	editor = {Ewald Lang and Claudia Maienborn and Cathrine Fabricius-Hansen},
	pages = {33--66},
	publisher = {Mouton de Gruyter},
	title = {The dual analysis of adjuncts/complements in {Categorial Grammar}},
	year = {2003}}

@book{SchwarzChur2001,
	address = {Tübingen},
	author = {Schwarz, Monika and Jeanette Chur},
	date-added = {2022-08-08 11:48:55 +0200},
	date-modified = {2022-08-08 11:48:55 +0200},
	publisher = {Narr},
	title = {Semantik. {Ein} {Arbeitsbuch}},
	year = {2001}}

@book{Croft2002,
	address = {Oxford},
	author = {Croft, William},
	date-added = {2022-08-08 11:48:07 +0200},
	date-modified = {2022-08-08 11:48:07 +0200},
	publisher = {Oxford University Press},
	title = {Radical {Construction} {Grammar}},
	year = {2002}}

@article{Rooth1992-removed,
	author = {Rooth, Mats},
	date-added = {2022-08-08 11:41:10 +0200},
	date-modified = {2022-08-08 11:41:10 +0200},
	journal = {Natural Language Semantics},
	pages = {75--116},
	title = {A theory of focus interpretation},
	volume = {1},
	year = {1992}}

@book{Emonds76a-u-removed,
	address = {New York, NY},
	author = {Emonds, Joseph E.},
	checked = {stmue 2021},
	date-added = {2022-08-08 11:41:10 +0200},
	date-modified = {2022-08-08 11:41:10 +0200},
	langid = {english},
	number = {none},
	publisher = {Academic Press},
	series = {none},
	title = {A Transformational Approach to {English} Syntax: {Root}, Structure-Preserving, and Local Transformations},
	year = {1976}}

@book{Cinque99a-u-removed,
	address = {New York, NY},
	author = {Cinque, Guglielmo},
	checked = {stmue 2021},
	date-added = {2022-08-08 11:41:10 +0200},
	date-modified = {2022-08-08 11:41:10 +0200},
	langid = {english},
	number = {15},
	publisher = {Oxford University Press},
	series = {Oxford Studies in Comparative Syntax},
	title = {Adverbs and Functional Heads: {A} Cross-Linguistic Perspective},
	year = {1999}}

@book{anderson:1992:a-morphous:morphology-removed,
	author = {Anderson, Stephen R.},
	date-added = {2022-08-08 11:41:10 +0200},
	date-modified = {2022-08-08 11:41:10 +0200},
	langid = {british},
	publisher = {Cambridge: Cambridge University Press},
	title = {{A-Morphous Morphology}},
	year = {1992}}

@book{Anderson92a-u-removed,
	address = {Cambridge},
	author = {Anderson, Stephen R.},
	checked = {stmue 2021},
	date-added = {2022-08-08 11:41:10 +0200},
	date-modified = {2022-08-08 11:41:10 +0200},
	doi = {10.1017/CBO9780511586262},
	ids = {Anderson1992-r,Anderson92-r},
	langid = {english},
	number = {62},
	publisher = {Cambridge University Press},
	series = {Cambridge Studies in Linguistics},
	title = {A-Morphous Morphology},
	year = {1992},
	bdsk-url-1 = {https://doi.org/10.1017/CBO9780511586262}}

@article{Wunderlich1987-removed,
	author = {Wunderlich, Dieter},
	date-added = {2022-08-08 11:41:10 +0200},
	date-modified = {2022-08-08 11:41:10 +0200},
	journal = {Linguistics},
	pages = {283--331},
	title = {An investigation of lexical composition: {{T}}he case of {German} \textit{be-} verbs},
	volume = {25},
	year = {1987}}

@article{Williams1982-removed,
	author = {Williams, Edwin},
	date-added = {2022-08-08 11:41:10 +0200},
	date-modified = {2022-08-08 11:41:10 +0200},
	journal = {Linguistic Inquiry},
	number = {1},
	pages = {160--163},
	title = {Another argument that passive is transformational},
	volume = {13},
	year = {1982}}

@article{Spencer1988-removed,
	author = {Spencer, Andrew},
	date-added = {2022-08-08 11:41:10 +0200},
	date-modified = {2022-08-08 11:41:10 +0200},
	journal = {Language},
	number = {4},
	pages = {663--682},
	title = {Bracketing Paradoxes and the Lexicon},
	volume = {64},
	year = {1988}}

@book{PP2020a-ed-removed,
	address = cambridgeuk,
	booktitle = {{Cambridge} Handbook of {Germanic} Linguistics},
	checked = {stmue 2021},
	date-added = {2022-08-08 11:41:10 +0200},
	date-modified = {2022-08-08 11:41:10 +0200},
	doi = {10.1017/9781108378291},
	editor = {Michael T. Putnam and B. Richard Page},
	number = {33},
	publisher = cup,
	series = {Cambridge Handbooks in Language and Linguistics},
	title = {{Cambridge} Handbook of {Germanic} Linguistics},
	year = {2020},
	bdsk-url-1 = {https://doi.org/10.1017/9781108378291}}

@book{waelchli:2005:co-compounds:natural-removed,
	author = {Wälchli, Bernhard},
	date-added = {2022-08-08 11:41:10 +0200},
	date-modified = {2022-08-08 11:41:10 +0200},
	langid = {british},
	publisher = {Oxford: Oxford University Press},
	title = {Co-Compounds and Natural Coordination},
	year = {2005}}

@book{Partee2004a-ed-removed,
	address = {Malden, MA},
	booktitle = {Compositionality in Formal Semantics: {Selected} Papers by {Barbara H. Partee}},
	date-added = {2022-08-08 11:41:10 +0200},
	date-modified = {2022-08-08 11:41:10 +0200},
	doi = {10.1002/9780470751305},
	editor = {Partee, Barbara H.},
	number = {1},
	publisher = {Blackwell Publishers Ltd},
	series = {Explorations in Semantics},
	title = {Compositionality in Formal Semantics: {Selected} Papers by {Barbara H. Partee}},
	year = {2004},
	bdsk-url-1 = {https://doi.org/10.1002/9780470751305}}

@incollection{Chomsky:1973:condTrans-removed,
	address = {New York},
	author = {Chomsky, Noam},
	booktitle = {A festschrift for {M}orris {H}alle},
	date-added = {2022-08-08 11:41:10 +0200},
	date-modified = {2022-08-08 11:41:10 +0200},
	editor = {Anderson, Stephen R. and Kiparsky, Paul},
	pages = {232-286},
	publisher = {Holt, Rinehart and Winston},
	title = {Conditions on transformations},
	year = {1973}}

@book{booij:2010:construction:morphology-removed,
	author = {Booĳ, Geert},
	date-added = {2022-08-08 11:41:10 +0200},
	date-modified = {2022-08-08 11:41:10 +0200},
	langid = {british},
	publisher = {Oxford: Oxford University Press},
	title = {{Construction Morphology}},
	year = {2010}}

@incollection{AC2020a-removed,
	author = {Abeillé, Anne and Chaves, Rui P.},
	crossref = {HPSGHandbook},
	date-added = {2022-08-08 11:41:10 +0200},
	date-modified = {2022-08-08 11:41:10 +0200},
	title = {Coordination}}

@incollection{Booij1985-removed,
	address = {Dordrecht},
	author = {Booij, Geert},
	booktitle = {Advances in nonlinear phonology},
	date-added = {2022-08-08 11:41:10 +0200},
	date-modified = {2022-08-08 11:41:10 +0200},
	editor = {Harry van der Hulst and Norval Smith},
	pages = {143--160},
	publisher = {Foris},
	title = {Coordination reduction in complex words: {{A}} case for prosodic phonology},
	year = {1985}}

@book{Adger:2003:Core-syntax-removed,
	address = {Oxford},
	author = {Adger, David},
	date-added = {2022-08-08 11:41:10 +0200},
	date-modified = {2022-08-08 11:41:10 +0200},
	keywords = {Minimalist program <Linguistik> Syntax},
	publisher = {Oxford University Press},
	title = {Core syntax: A minimalist approach},
	year = {2003}}

@book{Lieber1992-removed,
	address = {Chicago},
	author = {Lieber, Rochelle},
	date-added = {2022-08-08 11:41:10 +0200},
	date-modified = {2022-08-08 11:41:10 +0200},
	publisher = {University of Chicago Press},
	title = {Deconstructing morphology: {{W}}ord formation in syntactic theory},
	year = {1992}}

@book{paul1919-removed,
	address = {Halle/""Saale},
	author = {Hermann Paul},
	checked = {EE 2022 – der Eintrag aus biblio hat im Titel IV aber volume = 3},
	date-added = {2022-08-08 11:41:10 +0200},
	date-modified = {2022-08-08 11:41:10 +0200},
	keywords = {reference grammar, German},
	publisher = {Niemeyer},
	title = {{Deutsche Grammatik. Band III: Syntax}},
	year = {1919}}

@incollection{Paul1905-removed,
	address = {Straßburg},
	author = {Paul, Hermann},
	booktitle = {Grundriss der germanischen {Philologie}},
	date-added = {2022-08-08 11:41:10 +0200},
	date-modified = {2022-08-08 11:41:10 +0200},
	pages = {39--140},
	publisher = {Trübner},
	title = {{Deutsche Metrik}},
	year = {1905}}

@book{behaghel28-removed,
	address = {Heidelberg},
	author = {Otto Behaghel},
	checked = {EE 2022 – biblio Eintrag ohne Untertitel},
	date-added = {2022-08-08 11:41:10 +0200},
	date-modified = {2022-08-08 11:41:10 +0200},
	keywords = {grammar, German},
	publisher = {Winter},
	title = {{Deutsche Syntax: Eine geschichtliche Darstellung. Bd. III: Die Satzgebilde}},
	year = {1928}}

@incollection{Olsen:1991:DP-removed,
	address = {Berlin, Boston},
	author = {Olsen, Susan},
	booktitle = {{D}{E}{T}, {C}{O}{M}{P} und {I}{N}{F}{L}. {Z}ur {S}yntax funktionaler {Kategorien} und grammatischer {Funktionen}},
	date-added = {2022-08-08 11:41:10 +0200},
	date-modified = {2022-08-08 11:41:10 +0200},
	editor = {Olsen, Susan and Fanselow, Gisbert},
	pages = {35-56},
	publisher = {De Gruyter},
	title = {{Die deutsche Nominalphrase als "`Determinansphrase"'}},
	year = {1991}}

@article{Haider:1988:DeutscheNominalphrase-removed,
	author = {Haider, Hubert},
	date-added = {2022-08-08 11:41:10 +0200},
	date-modified = {2022-08-08 11:41:10 +0200},
	journal = {Zeitschrift für Sprachwissenschaft},
	number = {1},
	pages = {32-59},
	title = {Die {S}truktur der deutschen {N}ominalphrase},
	volume = {7},
	year = {1988}}

@incollection{Haider:1992:DP-removed,
	address = {Berlin, Boston},
	author = {Haider, Hubert},
	booktitle = {Deutsche {S}yntax},
	date-added = {2022-08-08 11:41:10 +0200},
	date-modified = {2022-08-08 11:41:10 +0200},
	editor = {Hoffmann, Ludger},
	pages = {304-333},
	publisher = {De Gruyter},
	title = {{Die Struktur der Nominalphrase -- {L}exikalische und funktionale {S}trukturen}},
	year = {1992}}

@book{Bhatt:1990:Nominalphrase-removed,
	address = {Tübingen},
	author = {Bhatt, Christa},
	date-added = {2022-08-08 11:41:10 +0200},
	date-modified = {2022-08-08 11:41:10 +0200},
	publisher = {Narr},
	title = {Die syntaktische {Struktur} der {Nominalphrase} im {Deutschen}},
	year = {1990}}

@book{donalies:2002:wortbildung:deutschen-removed,
	author = {Donalies, Elke},
	date-added = {2022-08-08 11:41:10 +0200},
	date-modified = {2022-08-08 11:41:10 +0200},
	langid = {german},
	number = {27},
	publisher = {Tübingen: Narr},
	series = {{Studien zur deutschen Sprache}},
	title = {{Die Wortbildung des Deutschen}: {Ein Überblick}},
	year = {2002}}

@incollection{Kiparsky1973-removed,
	address = {New York},
	author = {Kiparsky, Paul},
	booktitle = {A {Festschrift} for {Morris} {Halle}},
	date-added = {2022-08-08 11:41:10 +0200},
	date-modified = {2022-08-08 11:41:10 +0200},
	editor = {Stephen Anderson and Paul Kiparsky},
	pages = {93--106},
	publisher = {Holt, Rinehart and Winston},
	title = {Elsewhere in phonology},
	year = {1973}}

@book{Altmann1981-removed,
	address = {Tübingen},
	author = {Altmann, Hans},
	date-added = {2022-08-08 11:41:10 +0200},
	date-modified = {2022-08-08 11:41:10 +0200},
	publisher = {Niemeyer},
	title = {Formen der "`{Herausstellung}"' im {Deutschen}},
	year = {1981}}

@article{Harris1946-removed,
	author = {Harris, Zellig S.},
	date-added = {2022-08-08 11:41:10 +0200},
	date-modified = {2022-08-08 11:41:10 +0200},
	journal = {Language},
	pages = {161--183},
	title = {From morpheme to utterance},
	volume = {22},
	year = {1946}}

@article{Reis1983-removed,
	author = {Reis, Marga},
	date-added = {2022-08-08 11:41:10 +0200},
	date-modified = {2022-08-08 11:41:10 +0200},
	journal = {Zeitschrift für Sprachwissenschaft},
	pages = {110--131},
	title = {Gegen die {K}ompositionstheorie der {A}ffigierung},
	volume = {2},
	year = {1983}}

@incollection{McCarthyPrince1993-removed,
	address = {Dordrecht},
	author = {McCarthy, John J. and Prince, Alan},
	booktitle = {Yearbook of Morphology 1993},
	date-added = {2022-08-08 11:41:10 +0200},
	date-modified = {2022-08-08 11:41:10 +0200},
	doi = {10.1007/978-94-017-3712-8_4},
	editor = {Geert Booij and Jap van Marle},
	pages = {79--153},
	publisher = {Kluwer Academic Publishers},
	title = {Generalized Alignment},
	year = {1993},
	bdsk-url-1 = {https://doi.org/10.1007/978-94-017-3712-8_4}}

@book{NNP94-removed,
	address = {Stanford, CA},
	booktitle = {German in {Head-Driven Phrase Structure Grammar}},
	date-added = {2022-08-08 11:41:10 +0200},
	date-modified = {2022-08-08 11:41:10 +0200},
	editor = {Nerbonne, John and Netter, Klaus and Pollard, Carl},
	number = {46},
	publisher = {CSLI Publications},
	series = {CSLI Lecture Notes},
	title = {German in {Head-Driven Phrase Structure Grammar}},
	year = {1994}}

@book{MuellerGT-Eng1-removed,
	address = {Berlin},
	author = {Stefan Müller},
	booktitle = {Grammatical Theory: {From} {Transformational Grammar} to Constraint"=Based Approaches},
	checked = {stmue 2021},
	date-added = {2022-08-08 11:41:10 +0200},
	date-modified = {2022-08-08 11:41:10 +0200},
	doi = {10.17169/langsci.b25.167},
	edition = {1},
	langid = {english},
	number = {1},
	publisher = {Language Science Press},
	series = {Textbooks in Language Sciences},
	title = {Grammatical Theory: {From} {Transformational Grammar} to Constraint"=Based Approaches},
	year = {2016},
	bdsk-url-1 = {https://doi.org/10.17169/langsci.b25.167}}

@book{IDS97-removed,
	address = {Berlin},
	booktitle = {{Grammatik der deutschen Sprache}},
	checked = {dm 2021},
	date-added = {2022-08-08 11:41:10 +0200},
	date-modified = {2022-08-08 11:41:10 +0200},
	doi = {10.1515/9783110872163},
	editor = {Zifonun, Gisela and Eroms, Hans-Werner and Stickel, Gerhard},
	langid = {english},
	number = {7},
	publisher = {De Gruyter},
	series = {Schriften des Instituts für deutsche Sprache},
	title = {{Grammatik der deutschen Sprache}},
	year = {1997},
	bdsk-url-1 = {https://doi.org/10.1515/9783110872163}}

@book{Zifonun1997-removed,
	address = {Berlin},
	author = {Zifonun, Gisela and Ludger Hoffmann and Bruno Strecker and Joachim Ballweg and Ursula Brauße and Eva Breindl and Ulrich Engel and Helmut Frosch and Ursula Hoberg and Klaus Vorderwülbecke},
	date-added = {2022-08-08 11:41:10 +0200},
	date-modified = {2022-08-08 11:41:10 +0200},
	publisher = {De Gruyter},
	sortname = {Zifonun, Gisela and Ludger Hoffmann and Bruno Strecker and Joachim Ballweg and Ursula Brausse and Eva Breindl and Ulrich Engel and Helmut Frosch and Ursula Hoberg and Klaus Vorderwulbecke},
	title = {{Grammatik} der deutschen {Sprache}},
	year = {1997}}

@book{HPSGHandbook-removed,
	address = {Berlin},
	booktitle = {{Head-Driven Phrase Structure Grammar: The} Handbook},
	date-added = {2022-08-08 11:41:10 +0200},
	date-modified = {2022-08-08 11:41:10 +0200},
	editor = {Müller, Stefan and Abeillé, Anne and Borsley, Robert D. and Koenig, Jean-Pierre},
	note = {\toappear},
	publisher = {Language Science Press},
	series = {Empirically Oriented Theoretical Morphology and Syntax},
	title = {{Head-Driven Phrase Structure Grammar: The} Handbook},
	year = {2021}}

@article{Zwicky:1985:heads-removed,
	author = {Zwicky, Arnold M.},
	date-added = {2022-08-08 11:41:10 +0200},
	date-modified = {2022-08-08 11:41:10 +0200},
	journal = {Journal of Linguistics},
	langid = {british},
	number = {1},
	pages = {1--29},
	title = {Heads},
	volume = {21},
	year = {1985}}

@book{CFMcG93a-ed-removed-duplicate,
	address = {Cambridge},
	booktitle = {Heads in Grammatical Theory},
	checked = {stmue 2021},
	date-added = {2022-08-08 11:41:10 +0200},
	date-modified = {2022-08-08 11:41:10 +0200},
	doi = {10.1017/CBO9780511659454},
	editor = {Corbett, Greville G. and Norman M. Fraser and Scott McGlashan},
	langid = {english},
	publisher = {Cambridge University Press},
	title = {Heads in Grammatical Theory},
	year = {1993},
	bdsk-url-1 = {https://doi.org/10.1017/CBO9780511659454}}

@book{stump:2001:inflectional:morphology-removed,
	author = {Stump, Gregory T.},
	date-added = {2022-08-08 11:41:10 +0200},
	date-modified = {2022-08-08 11:41:10 +0200},
	langid = {british},
	number = {93},
	publisher = {Cambridge: Cambridge University Press},
	series = {{Cambridge} Studies in Linguistics},
	title = {Inflectional Morphology: {A} Theory of Paradigm Structure},
	year = {2001}}

@book{Stump2001-removed,
	address = {Cambridge},
	author = {Stump, Gregory},
	date-added = {2022-08-08 11:41:10 +0200},
	date-modified = {2022-08-08 11:41:10 +0200},
	publisher = {Cambridge University Press},
	title = {Inflectional morphology: {A} theory of paradigm structure},
	year = {2001}}

@book{lieb:1983:integrational:linguistics:1-removed,
	author = {Lieb, Hans-Heinrich},
	date-added = {2022-08-08 11:41:10 +0200},
	date-modified = {2022-08-08 11:41:10 +0200},
	langid = {british},
	number = {17},
	publisher = {Amsterdam: Benjamins},
	series = {Current Issues in Linguistic Theory},
	title = {{Integrational Linguistics}},
	volume = {1: General Outline},
	year = {1983}}

@book{Bloomfield1933-removed,
	address = {New York},
	author = {Bloomfield, Leonard},
	date-added = {2022-08-08 11:41:10 +0200},
	date-modified = {2022-08-08 11:41:10 +0200},
	publisher = {Holt, Rinehart, and Winston},
	title = {Language},
	year = {1933}}

@book{Stiebels1996-removed,
	address = {Berlin},
	author = {Stiebels, Barbara},
	date-added = {2022-08-08 11:41:10 +0200},
	date-modified = {2022-08-08 11:41:10 +0200},
	publisher = {Akademie Verlag},
	title = {{Lexikalische} {A}djunkte und {A}rgumente: {Zum} semantischen {Beitrag} von verbalen {Präfixen} und {Partikeln}},
	year = {1996}}

@book{Spencer1991-removed,
	address = {Oxford},
	author = {Spencer, Andrew},
	date-added = {2022-08-08 11:41:10 +0200},
	date-modified = {2022-08-08 11:41:10 +0200},
	publisher = {Blackwell},
	title = {Morphological Theory},
	year = {1991}}

@book{plank:1981:morphologische:irregularitaeten-removed,
	author = {Plank, Frans},
	date-added = {2022-08-08 11:41:10 +0200},
	date-modified = {2022-08-08 11:41:10 +0200},
	langid = {german},
	publisher = {Tübingen: Narr},
	title = {{Morphologische (Ir‑)Regularitäten}: {Aspekte der Wortstrukturtheorie}},
	year = {1981}}

@book{Bybee1985-removed,
	address = {Amsterdam},
	author = {Bybee, Joan},
	date-added = {2022-08-08 11:41:10 +0200},
	date-modified = {2022-08-08 11:41:10 +0200},
	publisher = {Benjamins},
	title = {Morphology},
	year = {1985}}

@book{DiSciulloWilliams1987-removed,
	address = {Cambridge},
	author = {Di Sciullo, Anna Maria and Edwin Williams},
	date-added = {2022-08-08 11:41:10 +0200},
	date-modified = {2022-08-08 11:41:10 +0200},
	publisher = {MIT Press},
	title = {On the definition of word},
	year = {1987}}

@article{Williams1981-removed,
	author = {Williams, Edwin},
	date-added = {2022-08-08 11:41:10 +0200},
	date-modified = {2022-08-08 11:41:10 +0200},
	journal = {Linguistic Inquiry},
	pages = {245--274},
	title = {On the notions `lexically related' and `head of a word'},
	volume = {12},
	year = {1981}}

@book{Lieber1981-removed,
	address = {Bloomington},
	author = {Lieber, Rochelle},
	date-added = {2022-08-08 11:41:10 +0200},
	date-modified = {2022-08-08 11:41:10 +0200},
	publisher = {IULC},
	title = {On the organization of the lexicon},
	year = {1981}}

@book{PS2004a-removed-duplicate,
	address = {Malden, MA},
	author = {Prince, Alan and Smolensky, Paul},
	checked = {stmue 2021},
	date-added = {2022-08-08 11:41:10 +0200},
	date-modified = {2022-08-08 11:41:10 +0200},
	doi = {10.1002/9780470759400},
	langid = {english},
	number = {none},
	publisher = {Blackwell Publishing},
	series = {none},
	title = {{Optimality Theory}: {Constraint} Interaction in {Generative Grammar}},
	year = {2004},
	bdsk-url-1 = {https://doi.org/10.1002/9780470759400}}

@article{Haider2004-removed,
	author = {Haider, Hubert},
	date-added = {2022-08-08 11:41:10 +0200},
	date-modified = {2022-08-08 11:41:10 +0200},
	journal = {Lingua},
	number = {6},
	pages = {779--807},
	title = {Pre- and postverbal adverbials in {VO} and {OV}},
	volume = {114},
	year = {2004}}

@article{warner95-removed,
	author = {Warner, Anthony R.},
	checked = {EE 2022},
	date-added = {2022-08-08 11:41:10 +0200},
	date-modified = {2022-08-08 11:41:10 +0200},
	journal = {Language},
	number = {3},
	pages = {533--557},
	title = {Predicting the progressive passive: Parametric change within a lexicalist framework},
	volume = {71},
	year = {1995}}

@book{Paul1920-removed,
	address = {Tübingen},
	author = {Paul, Hermann},
	date-added = {2022-08-08 11:41:10 +0200},
	date-modified = {2022-08-08 11:41:10 +0200},
	edition = {10},
	publisher = {Niemeyer},
	sortyear = {1920},
	title = {{Prinzipien der Sprachgeschichte}},
	year = {1920/1995}}

@incollection{Bruening:2009:DP-removed,
	address = {Philadelphia},
	author = {Bruening, Benjamin},
	booktitle = {University of {P}ennsylvania {W}orking {P}apers in {L}inguistics 15(1): {P}roceedings of the 32nd {A}nnual {P}enn {L}inguistics {C}olloquium},
	date-added = {2022-08-08 11:41:10 +0200},
	date-modified = {2022-08-08 11:41:10 +0200},
	editor = {MacKenzie, Laurel},
	pages = {26--35},
	publisher = {University of Pennsylvania},
	title = {Selectional Asymmetries between {CP} and {DP} Suggest that the {DP} Hypothesis is Wrong},
	year = {2009}}

@incollection{Selkirk95a-u-removed,
	authauthor = {Selkirk, Elizabeth O.},
	author = {Selkirk, Elizabeth},
	checked = {stmue 2021},
	crossref = {Goldsmith95a-ed},
	date-added = {2022-08-08 11:41:10 +0200},
	date-modified = {2022-08-08 11:41:10 +0200},
	langid = {english},
	pages = {550--569},
	sortname = {Selkirk, Elizabeth O.},
	title = {Sentence Prosody: {Intonation}, Stress, and Phrasing}}

@incollection{Selkirk1995-removed,
	address = {Cambridge},
	author = {Selkirk, Elisabeth},
	booktitle = {The handbook of phonological theory},
	date-added = {2022-08-08 11:41:10 +0200},
	date-modified = {2022-08-08 11:41:10 +0200},
	editor = {John A. Goldsmith},
	pages = {550--569},
	publisher = {Blackwell},
	title = {Sentence prosody: {{I}}ntonation, stress and phrasing},
	year = {1995}}

@article{Hoekstra1988-removed,
	author = {Teun Hoekstra},
	date-added = {2022-08-08 11:41:10 +0200},
	date-modified = {2022-08-08 11:41:10 +0200},
	journal = {Lingua},
	pages = {101--139},
	title = {Small Clause Results},
	volume = {74},
	year = {1988}}

@incollection{Greenberg1963-removed,
	address = {Cambridge},
	author = {Greenberg, Joseph H.},
	booktitle = {Universals of language},
	date-added = {2022-08-08 11:41:10 +0200},
	date-modified = {2022-08-08 11:41:10 +0200},
	editor = {Joseph H. Greenberg},
	pages = {73--113},
	publisher = {MIT Press},
	title = {Some universals of grammar with particular reference to the order of meaningful elements},
	year = {1963}}

@book{Searle1969-removed,
	address = {Cambridge, UK},
	author = {Searle, {John R.}},
	checked = {stmue 2021},
	date-added = {2022-08-08 11:41:10 +0200},
	date-modified = {2022-08-08 11:41:10 +0200},
	doi = {10.1017/CBO9781139173438},
	langid = {english},
	publisher = {Cambridge University Press},
	title = {Speech acts: {An} Essay in the Philosophy of Language},
	year = {1969},
	bdsk-url-1 = {https://doi.org/10.1017/CBO9781139173438}}

@book{Bech1983-removed,
	address = {Tübingen},
	author = {Bech, Gunnar},
	date-added = {2022-08-08 11:41:10 +0200},
	date-modified = {2022-08-08 11:41:10 +0200},
	publisher = {Niemeyer},
	title = {{Studien} über das deutsche {V}erbum infinitum},
	year = {1983}}

@book{Chomsky1957-removed,
	address = {The Hague},
	author = {Noam Chomsky},
	date-added = {2022-08-08 11:41:10 +0200},
	date-modified = {2022-08-08 11:41:10 +0200},
	publisher = {Mouton},
	title = {Syntactic structures},
	year = {1957}}

@book{Jackendoff1997-removed,
	address = {Cambridge},
	author = {Jackendoff, Ray},
	date-added = {2022-08-08 11:41:10 +0200},
	date-modified = {2022-08-08 11:41:10 +0200},
	publisher = {MIT Press},
	title = {The Architecture of the language faculty},
	year = {1997}}

@book{HuddlestonPullum2002-removed,
	address = {Cambridge},
	author = {Huddleston, Rodney and Pullum, Geoffrey K.},
	date-added = {2022-08-08 11:41:10 +0200},
	date-modified = {2022-08-08 11:41:10 +0200},
	publisher = {Cambridge University Press},
	title = {The {Cambridge} grammar of the {English} language},
	year = {2002}}

@phdthesis{Abney:1987:Diss-removed,
	address = {Cambridge MA},
	author = {Abney, Steven},
	date-added = {2022-08-08 11:41:10 +0200},
	date-modified = {2022-08-08 11:41:10 +0200},
	school = {MIT},
	title = {The {E}nglish noun phrase in its sentential aspect},
	type = {Doctoral Dissertation},
	year = {1987}}

@book{Goldsmith95a-ed-removed,
	address = {London},
	booktitle = {The Handbook of Phonological Theory},
	checked = {stmue 2021},
	date-added = {2022-08-08 11:41:10 +0200},
	date-modified = {2022-08-08 11:41:10 +0200},
	doi = {none},
	edition = {1},
	editor = {Goldsmith, John A.},
	langid = {english},
	number = {none},
	publisher = {Basil Blackwell},
	series = {Blackwell Handbooks in Linguistics},
	title = {The Handbook of Phonological Theory},
	year = {1995},
	bdsk-url-1 = {https://doi.org/none}}

@incollection{scalise:et:al:2010:head:compounding-removed,
	author = {Scalise, Sergio and Fábregas, Antonio},
	booktitle = {Cross-disciplinary Issues in Compounding},
	date-added = {2022-08-08 11:41:10 +0200},
	date-modified = {2022-08-08 11:41:10 +0200},
	editor = {Scalise, Sergio and Vogel, Irene},
	langid = {british},
	number = {311},
	pages = {109–126},
	publisher = {Amsterdam: Benjamins},
	series = {Current Issues in Linguistic Theory},
	title = {The Head in Compounding},
	year = {2010}}

@article{Bruening:2020:NP-DP-removed,
	author = {Bruening, Benjamin},
	date-added = {2022-08-08 11:41:10 +0200},
	date-modified = {2022-08-08 11:41:10 +0200},
	journal = {Glossa: a {Journal} of {General} {Linguistics}},
	number = {15},
	title = {The head of the nominal is {N}, not {D}: {N}-to-{D} Movement, Hybrid Agreement, and conventionalized expressions},
	volume = {5(1)},
	year = {2020}}

@book{Chomsky:1995:minprog-removed,
	address = {Cambridge, MA},
	author = {Chomsky, Noam},
	date-added = {2022-08-08 11:41:10 +0200},
	date-modified = {2022-08-08 11:41:10 +0200},
	keywords = {Linguistik Theorie Universalgrammatik},
	publisher = {MIT Press},
	title = {The minimalist program},
	year = {1995}}

@article{Salzmann:2020:NP-DP-removed,
	author = {Salzmann, Martin},
	date-added = {2022-08-08 11:41:10 +0200},
	date-modified = {2022-08-08 11:41:10 +0200},
	journal = {Glossa: a {Journal} of {General} {Linguistics}},
	number = {1},
	pages = {83},
	title = {The {NP} vs. {D}{P} debate. {W}hy previous arguments are inconclusive and what a good argument could look like. {E}vidence from agreement with hybrid nouns},
	volume = {5},
	year = {2020}}

@book{Wiese2000-removed,
	address = {Oxford},
	author = {Wiese, Richard},
	checked = {EE 2022},
	date-added = {2022-08-08 11:41:10 +0200},
	date-modified = {2022-08-08 11:41:10 +0200},
	publisher = {Oxford University Press},
	title = {The Phonology of {German}},
	year = {2000}}

@book{MoskalSmith2021-removed,
	address = {In Oxford Encyclopedia of Morphology. Oxford},
	author = {Moskal, Beata and Smith, Peter W.},
	date-added = {2022-08-08 11:41:10 +0200},
	date-modified = {2022-08-08 11:41:10 +0200},
	publisher = {Oxford University Press},
	title = {The status of heads in morphology},
	year = {2021}}

@book{Haider2010-removed,
	address = {Cambridge},
	author = {Haider, Hubert},
	date-added = {2022-08-08 11:41:10 +0200},
	date-modified = {2022-08-08 11:41:10 +0200},
	publisher = {Cambridge University Press},
	title = {The syntax of {German}},
	year = {2010}}

@book{Selkirk1982-removed,
	address = {Cambridge},
	author = {Selkirk, Elisabeth},
	date-added = {2022-08-08 11:41:10 +0200},
	date-modified = {2022-08-08 11:41:10 +0200},
	publisher = {MIT Press},
	title = {The syntax of words},
	year = {1982}}

@article{hockett:1954:two:models-removed,
	author = {Hockett, Charles F.},
	date-added = {2022-08-08 11:41:10 +0200},
	date-modified = {2022-08-08 11:41:10 +0200},
	journal = {Word},
	langid = {british},
	pages = {210–234},
	title = {Two Models of Grammatical Description},
	volume = {10},
	year = {1954}}

@article{Riehemann1998-removed,
	author = {Riehemann, Susanne Z.},
	date-added = {2022-08-08 11:41:10 +0200},
	date-modified = {2022-08-08 11:41:10 +0200},
	journal = {Journal of Comparative Germanic Linguistics},
	pages = {49--77},
	title = {Type-based derivational morphology},
	volume = {2},
	year = {1998}}

@article{Hoehle1982-removed,
	author = {Höhle, Tilman N.},
	date-added = {2022-08-08 11:41:10 +0200},
	date-modified = {2022-08-08 11:41:10 +0200},
	journal = {Zeitschrift für Sprachwissenschaft},
	pages = {76--112},
	sortname = {Hohle, Tilman N.},
	title = {Über {K}omposition und {D}erivation: {{Z}}ur {K}onstituentenstruktur von {W}ortbildungsprodukten im {Deutschen}},
	volume = {1},
	year = {1982}}

@book{Eschenlohr1999-removed,
	address = {Hildesheim},
	author = {Eschenlohr, Stefanie},
	date-added = {2022-08-08 11:41:10 +0200},
	date-modified = {2022-08-08 11:41:10 +0200},
	publisher = {Olms},
	title = {Vom {N}omen zum {V}erb: {{K}}onversion, {P}räfigierung und {R}ückbildung im {Deutschen}},
	year = {1999}}

@incollection{Haider2020a-removed,
	author = {Hubert Haider},
	checked = {stmue 2021},
	crossref = {PP2020a-ed},
	date-added = {2022-08-08 11:41:10 +0200},
	date-modified = {2022-08-08 11:41:10 +0200},
	doi = {10.1017/9781108378291.016},
	pages = {339--364},
	title = {{VO/OV}-base Ordering},
	bdsk-url-1 = {https://doi.org/10.1017/9781108378291.016}}

@article{Selting1993-removed,
	author = {Selting, Margret},
	checked = {stmue 2021},
	date-added = {2022-08-08 11:41:10 +0200},
	date-modified = {2022-08-08 11:41:10 +0200},
	doi = {10.1515/zfgl.1993.21.3.291},
	journal = {Zeitschrift für germanistische Linguistik},
	number = {3},
	pages = {291--319},
	title = {{Voranstellungen vor den Satz. Zur grammatischen Form und interaktiven Funktion von Linksversetzung und Freiem Thema im Deutschen}},
	volume = {21},
	year = {1993},
	bdsk-url-1 = {https://doi.org/10.1515/zfgl.1993.21.3.291}}

@incollection{Croft1995-removed,
	address = {Dordrecht},
	author = {Croft, William},
	booktitle = {Phrase Structure and the Lexicon},
	date-added = {2022-08-08 11:41:10 +0200},
	date-modified = {2022-08-08 11:41:10 +0200},
	doi = {10.1007/978-94-015-8617-7_3},
	editor = {Johan Rooryck and Laurie Zaring},
	pages = {35--75},
	publisher = {Kluwer},
	title = {What's a Head?},
	year = {1995},
	bdsk-url-1 = {https://doi.org/10.1007/978-94-015-8617-7_3}}

@incollection{Croft1996-removed,
	address = {Dordrecht},
	author = {Croft, William},
	booktitle = {Phrase Structure and the Lexicon},
	date-added = {2022-08-08 11:41:10 +0200},
	date-modified = {2022-08-08 11:41:10 +0200},
	doi = {10.1007/978-94-015-8617-7_3},
	editor = {Johan Rooryck and Laurie Zaring},
	number = 33,
	pages = {35--75},
	publisher = {Kluwer},
	series = {Studies in Natural Language and Linguistic Theory},
	title = {What’s a head?},
	year = {1996},
	bdsk-url-1 = {https://doi.org/10.1007/978-94-015-8617-7_3}}

@book{aronoff:1976:word:formation-removed,
	address = {Cambridge, MA},
	author = {Aronoff, Mark},
	date-added = {2022-08-08 11:41:10 +0200},
	date-modified = {2022-08-08 11:41:10 +0200},
	langid = {british},
	number = {1},
	publisher = {MIT Press},
	series = {{Linguistic Inquiry} Monographs},
	title = {Word Formation in {Generative Grammar}},
	year = {1976}}

@book{FleischerBarz1995-removed,
	address = {Tübingen},
	author = {Fleischer, Wolfgang and Irmhild Barz},
	date-added = {2022-08-08 11:41:10 +0200},
	date-modified = {2022-08-08 11:41:10 +0200},
	publisher = {Niemeyer},
	title = {{Wortbildung} der deutschen {Gegenwartssprache}},
	year = {1995}}

@book{AltmannKemmerling2000-removed,
	address = {Wiesbaden},
	author = {Altmann, Hans and Silke Kemmerling},
	date-added = {2022-08-08 11:41:10 +0200},
	date-modified = {2022-08-08 11:41:10 +0200},
	publisher = {Westdeutscher Verlag},
	title = {{Wortbildung} fürs {E}xamen},
	year = {2000}}

@book{Olsen1986-removed,
	address = {Stuttgart},
	author = {Olsen, Susan},
	date-added = {2022-08-08 11:41:10 +0200},
	date-modified = {2022-08-08 11:41:10 +0200},
	publisher = {Kröner},
	title = {{Wortbildung} im {Deutschen}},
	year = {1986}}

@article{Hudson1987-removed,
	author = {Hudson, Richard A.},
	date-added = {2022-08-08 11:41:10 +0200},
	date-modified = {2022-08-08 11:41:10 +0200},
	journal = {Journal of Linguistics},
	pages = {109--132},
	title = {Zwicky on heads},
	volume = {23},
	year = {1987}}

@inproceedings{Keenan1974-removed,
	address = {Chicago},
	author = {Keenan, Edward L.},
	booktitle = {Papers from the {Tenth Regional Meeting} of the {Chicago Linguistic Society}},
	pages = {298--309},
	publisher = {Chicago Linguistic Society},
	title = {The Functional Principle: {Generalizing} the notion of `Subject of'},
	year = {1974}}

@book{Selkirk1986-removed,
	address = {Cambridge, MA},
	author = {Selkirk, Elisabeth},
	date-modified = {2022-07-05 22:16:55 +0200},
	publisher = {The MIT press},
	series = {Current Studies in Linguistics},
	title = {Phonology and Syntax: {The} Relation between Sound and Structure},
	year = {1986},
	bdsk-url-1 = {https://doi.org/none}}

@book{Hawkins1995-removed,
	address = {Cambridge},
	author = {Hawkins, John A.},
	publisher = {Cambridge University Press},
	title = {A performance theory of order and constituency},
	year = {1994}}

@book{Fleischer:1982:Phraseologie-removed,
	address = {Leipzig},
	author = {Fleischer, Wolfgang},
	checked = {EE 2022, LK 2022},
	doi = {10.1515/9783110947625},
	number = {none},
	publisher = {Bibliographisches Institut},
	series = {none},
	title = {{Phraseologie der deutschen Gegenwartssprache}},
	year = {1982},
	bdsk-url-1 = {https://doi.org/10.1515/9783110947625}}
