@article{anonymous:2012:gps-schatzsuche:koblenz,
	date = {2012-08-30},
	journal = {{Rhein-Zeitung}},
	keywords = {source},
	langid = {german},
	pages = {21},
	title = {{Auf GPS-Schatzsuche durch Koblenz}}}

@article{anonymous:1981:boeses:wort,
	journal = {{Der Spiegel}},
	keywords = {source},
	langid = {german},
	pages = {71},
	title = {{Böses Wort}},
	volume = {34},
	year = {1981}}

@online{anonymous:0:naturbuecher,
	keywords = {source},
	langid = {german},
	title = {{Naturbücher}},
	url = {http://www.thingo.de/naturbücher-versand_59350.html},
	urldate = {2018-06-17},
	noyear = {nodate},
	bdsk-url-1 = {http://www.thingo.de/naturb%C3%BCcher-versand_59350.html}}

@online{anonymous:2018:naturlaub:norden,
	keywords = {source},
	langid = {german},
	title = {{Naturlaub im Norden}: {Ein Familien-Roadtrip durch Mecklenburg-Vor\-pom\-mern}},
	url = {https://familytraveller.de/reiseziele/deutschland/naturlaub-im-norden/},
	urldate = {2018-06-17},
	year = {2017},
	bdsk-url-1 = {https://familytraveller.de/reiseziele/deutschland/naturlaub-im-norden/}}
