
@string{today = {2022-08-10}}


@book{Behaghel23b,
	abstract = {zitiert von UB79:100 Korrelat-es von der Entfernung abhaengig, zitiert
	inGrewendorf90a:95 Aspektuelle Deutung der Praefixe},
	address = {Heidelberg},
	author = {Otto Behaghel},
	checked = {EE 2022, LK 2022},
	date-added = {2022-08-26 19:15:25 +0200},
	date-modified = {2022-08-26 19:15:25 +0200},
	doi = {none},
	ids = {Behaghel24a,behaghel23},
	number = {10},
	publisher = {Carl Winter's Universitätsbuchhandlung},
	series = {Germanische Bibliothek 1: Sammlung germanischer Elementar- und Handbücher. R. 1: Grammatiken},
	title = {{Die deutsche Syntax: Eine geschichtliche Darstellung}},
	volume = {2: Die Wortklassen und Wortformen: B.\ Adverbium, C.\ Verbum},
	year = {1924},
	bdsk-url-1 = {https://doi.org/none}}

@book{Behaghel28-u,
	address = {Heidelberg},
	author = {Otto Behaghel},
	checked = {stmue 2021},
	date-added = {2022-08-26 19:15:25 +0200},
	date-modified = {2022-08-26 19:15:25 +0200},
	ids = {behaghel28},
	number = {10},
	publisher = {Carl Winter's Universitätsbuchhandlung},
	series = {Germanische Bibliothek 1: Sammlung germanischer Elementar- und Handbücher. R. 1: Grammatiken},
	title = {{Die deutsche Syntax: Eine geschichtliche Darstellung}},
	volume = {3: Die Satzgebilde},
	year = {1928}}

@article{Olsen90a-u,
	author = {Susan Olsen},
	checked = {stmue 2021},
	date-added = {2022-08-25 21:58:47 +0200},
	date-modified = {2022-08-29 17:55:04 +0200},
	ids = {Olsen1990a},
	journal = {Linguistische Berichte},
	number = {none},
	optlocation = {von S. geerbt, kopiert},
	pages = {185--216},
	title = {{Konversion als ein kombinatorischer Wortbildungsprozeß}},
	volume = {127},
	year = {1990}}

@article{Mueller2003a,
	author = {Stefan Müller},
	checked = {stmue 2021},
	cited = {J Morris, PJ Holcomb - Cognitive Brain Research, 2005, Event-related potentials to violations of inflectional verb morphology in {English} C Fortmann - Zeitschrift für Sprachwissenschaft, 2007, Bewegungsresistente Verben (erst ab 2009 in web of science indiziert, 13.11.2011) C. Blom, Complex predicates in Dutch: synchrony and diachrony, 2005, PhD Thesis Heather Newell, McGill, A late adjunction solution to bracketing paradoxes NELS 2004 poster Heather Newell, Bracketing Paradoxes and Particle verbs, Proceedings of Console {XIII}, 2005, 249-272},
	date-added = {2022-08-25 21:46:05 +0200},
	date-modified = {2022-08-25 21:46:05 +0200},
	doi = {10.1017/S0022226703002032},
	journal = jl,
	number = {2},
	opturl = {https://hpsg.hu-berlin.de/~stefan/Pub/paradox.html},
	opturldate = today,
	pages = {275--325},
	title = {Solving the Bracketing Paradox: {An} Analysis of the Morphology of {German} Particle Verbs},
	volume = {39},
	year = {2003},
	bdsk-file-1 = {YnBsaXN0MDDSAQIDBFxyZWxhdGl2ZVBhdGhZYWxpYXNEYXRhXxBGLi4vLi4vLi4vV2ViLVBhcGVycy9NL01tL011ZWxsZXIvU3RlZmFuLzIwMDMtamwtYnJhY2tldGluZy1wYXJhZG94LnBkZk8RAcIAAAAAAcIAAgAADE1hY2ludG9zaCBIRAAAAAAAAAAAAAAAAAAAAAAAAABCRAAB/////x4yMDAzLWpsLWJyYWNrZXRpbmctcGFyYWRveC5wZGYAAAAAAAAAAAAAAAAAAAAAAAAAAAAAAAAAAAAAAAAAAAD/////AAAAAAAAAAAAAAAAAAMABgAACiBjdQAAAAAAAAAAAAAAAAAGU3RlZmFuAAIAVi86VXNlcnM6c3RlZmFuOkRvY3VtZW50czpXZWItUGFwZXJzOk06TW06TXVlbGxlcjpTdGVmYW46MjAwMy1qbC1icmFja2V0aW5nLXBhcmFkb3gucGRmAA4APgAeADIAMAAwADMALQBqAGwALQBiAHIAYQBjAGsAZQB0AGkAbgBnAC0AcABhAHIAYQBkAG8AeAAuAHAAZABmAA8AGgAMAE0AYQBjAGkAbgB0AG8AcwBoACAASABEABIAVFVzZXJzL3N0ZWZhbi9Eb2N1bWVudHMvV2ViLVBhcGVycy9NL01tL011ZWxsZXIvU3RlZmFuLzIwMDMtamwtYnJhY2tldGluZy1wYXJhZG94LnBkZgATAAEvAAAVAAIADf//AAAACAANABoAJABtAAAAAAAAAgEAAAAAAAAABQAAAAAAAAAAAAAAAAAAAjM=},
	bdsk-url-1 = {https://doi.org/10.1017/S0022226703002032}}

@book{MR2001a,
	address = Stanford,
	author = {Laura A. Michaelis and Josef Ruppenhofer},
	checked = {stmue 2021},
	date-added = {2022-08-25 20:43:57 +0200},
	date-modified = {2022-08-25 20:44:11 +0200},
	ids = {MichaelisRuppenhofer2001},
	number = {none},
	publisher = cslip,
	series = {Stanford Monographs in Linguistics},
	title = {Beyond Alternations: {A} {Constructional} Model of the {German} Applicative Pattern},
	year = {2001}}

@article{Fortmann2007a,
	author = {Christian Fortmann},
	checked = {stmue 2021},
	date-added = {2022-08-25 20:34:02 +0200},
	date-modified = {2022-08-26 08:41:57 +0200},
	doi = {10.1515/ZFS.2007.009},
	journal = zs,
	langid = {ngerman},
	number = {1},
	pages = {1--40},
	title = {{Bewegungsresistente Verben}},
	volume = {26},
	year = {2007},
	bdsk-file-1 = {YnBsaXN0MDDSAQIDBFxyZWxhdGl2ZVBhdGhZYWxpYXNEYXRhXxBOLi4vLi4vLi4vV2ViLVBhcGVycy9GL0ZtL0ZvcnRtYW5uLzIwMDctYmV3ZWd1bmdzcmVzaXN0ZW50ZS12ZXJiZW4tZm9ydG1hbm4ucGRmTxEB8AAAAAAB8AACAAAMTWFjaW50b3NoIEhEAAAAAAAAAAAAAAAAAAAAAAAAAEJEAAH/////HzIwMDctYmV3ZWd1bmdzcmVzaSNGRkZGRkZGRi5wZGYAAAAAAAAAAAAAAAAAAAAAAAAAAAAAAAAAAAAAAAAAAP////8AAAAAAAAAAAAAAAAAAwAFAAAKIGN1AAAAAAAAAAAAAAAAAAhGb3J0bWFubgACAF4vOlVzZXJzOnN0ZWZhbjpEb2N1bWVudHM6V2ViLVBhcGVyczpGOkZtOkZvcnRtYW5uOjIwMDctYmV3ZWd1bmdzcmVzaXN0ZW50ZS12ZXJiZW4tZm9ydG1hbm4ucGRmAA4AWgAsADIAMAAwADcALQBiAGUAdwBlAGcAdQBuAGcAcwByAGUAcwBpAHMAdABlAG4AdABlAC0AdgBlAHIAYgBlAG4ALQBmAG8AcgB0AG0AYQBuAG4ALgBwAGQAZgAPABoADABNAGEAYwBpAG4AdABvAHMAaAAgAEgARAASAFxVc2Vycy9zdGVmYW4vRG9jdW1lbnRzL1dlYi1QYXBlcnMvRi9GbS9Gb3J0bWFubi8yMDA3LWJld2VndW5nc3Jlc2lzdGVudGUtdmVyYmVuLWZvcnRtYW5uLnBkZgATAAEvAAAVAAIADf//AAAACAANABoAJAB1AAAAAAAAAgEAAAAAAAAABQAAAAAAAAAAAAAAAAAAAmk=},
	bdsk-url-1 = {https://doi.org/10.1515/ZFS.2007.009}}

@book{Selkirk84a-u,
	abstract = {Meinunger2000a:33 Fokus Projektion},
	address = cambridgeusa,
	author = {Elisabeth O. Selkirk},
	checked = {stmue 2021},
	date-added = {2022-08-17 16:55:49 +0200},
	date-modified = {2022-08-17 16:56:08 +0200},
	ids = {Selkirk1986},
	number = {10},
	publisher = mitpress,
	series = {Current Studies in Linguistics},
	title = {Phonology and Syntax: {The} Relation between Sound and Structure},
	year = {1984}}

@incollection{Webelhuth95a,
	author = {Gert Webelhuth},
	checked = {stmue 2021},
	crossref = {Webelhuth95a-ed},
	date-added = {2022-08-17 16:23:47 +0200},
	date-modified = {2022-08-17 16:23:47 +0200},
	pages = {15--95},
	title = {{X-bar Theory} and {Case Theory}},
	bdsk-file-1 = {YnBsaXN0MDDSAQIDBFxyZWxhdGl2ZVBhdGhZYWxpYXNEYXRhXxBPLi4vLi4vLi4vV2ViLVBhcGVycy9XL1dlYmVsaHV0aC8xOTk1LXgtYmFyLXRoZW9yeS1hbmQtY2FzZS10aGVvcnktd2ViZWxodXRoLnBkZk8RAfwAAAAAAfwAAgAADE1hY2ludG9zaCBIRAAAAAAAAAAAAAAAAAAAAAAAAABCRAAB/////x8xOTk1LXgtYmFyLXRoZW9yeS0jRkZGRkZGRkYucGRmAAAAAAAAAAAAAAAAAAAAAAAAAAAAAAAAAAAAAAAAAAD/////AAAAAAAAAAAAAAAAAAMABAAACiBjdQAAAAAAAAAAAAAAAAAJV2ViZWxodXRoAAACAF8vOlVzZXJzOnN0ZWZhbjpEb2N1bWVudHM6V2ViLVBhcGVyczpXOldlYmVsaHV0aDoxOTk1LXgtYmFyLXRoZW9yeS1hbmQtY2FzZS10aGVvcnktd2ViZWxodXRoLnBkZgAADgBgAC8AMQA5ADkANQAtAHgALQBiAGEAcgAtAHQAaABlAG8AcgB5AC0AYQBuAGQALQBjAGEAcwBlAC0AdABoAGUAbwByAHkALQB3AGUAYgBlAGwAaAB1AHQAaAAuAHAAZABmAA8AGgAMAE0AYQBjAGkAbgB0AG8AcwBoACAASABEABIAXVVzZXJzL3N0ZWZhbi9Eb2N1bWVudHMvV2ViLVBhcGVycy9XL1dlYmVsaHV0aC8xOTk1LXgtYmFyLXRoZW9yeS1hbmQtY2FzZS10aGVvcnktd2ViZWxodXRoLnBkZgAAEwABLwAAFQACAA3//wAAAAgADQAaACQAdgAAAAAAAAIBAAAAAAAAAAUAAAAAAAAAAAAAAAAAAAJ2}}

@article{Salzmann2020a,
	author = {Martin Salzmann},
	checked = {stmue 2021},
	date-added = {2022-08-17 16:21:03 +0200},
	date-modified = {2022-08-17 17:07:33 +0200},
	doi = {10.5334/gjgl.1123},
	ids = {Salzmann:2020:NP-DP},
	journal = glossa,
	number = {1},
	pages = {83. 1--46},
	title = {The {NP} vs. {DP} Debate. {Why} Previous Arguments are Inconclusive and What a Good Argument Could Look Like. {Evidence} from Agreement with Hybrid Nouns},
	volume = {5},
	year = {2020},
	bdsk-file-1 = {YnBsaXN0MDDSAQIDBFxyZWxhdGl2ZVBhdGhZYWxpYXNEYXRhXxA/Li4vLi4vLi4vV2ViLVBhcGVycy9TL1NhL1NhbHptYW5uLzIwMjAtVGhlIE5QIHZzLiBEUCBkZWJhdGUucGRmTxEBtgAAAAABtgACAAAMTWFjaW50b3NoIEhEAAAAAAAAAAAAAAAAAAAAAAAAAEJEAAH/////HTIwMjAtVGhlIE5QIHZzLiBEUCBkZWJhdGUucGRmAAAAAAAAAAAAAAAAAAAAAAAAAAAAAAAAAAAAAAAAAAAAAP////8AAAAAAAAAAAAAAAAAAwAFAAAKIGN1AAAAAAAAAAAAAAAAAAhTYWx6bWFubgACAE8vOlVzZXJzOnN0ZWZhbjpEb2N1bWVudHM6V2ViLVBhcGVyczpTOlNhOlNhbHptYW5uOjIwMjAtVGhlIE5QIHZzLiBEUCBkZWJhdGUucGRmAAAOADwAHQAyADAAMgAwAC0AVABoAGUAIABOAFAAIAB2AHMALgAgAEQAUAAgAGQAZQBiAGEAdABlAC4AcABkAGYADwAaAAwATQBhAGMAaQBuAHQAbwBzAGgAIABIAEQAEgBNVXNlcnMvc3RlZmFuL0RvY3VtZW50cy9XZWItUGFwZXJzL1MvU2EvU2Fsem1hbm4vMjAyMC1UaGUgTlAgdnMuIERQIGRlYmF0ZS5wZGYAABMAAS8AABUAAgAN//8AAAAIAA0AGgAkAGYAAAAAAAACAQAAAAAAAAAFAAAAAAAAAAAAAAAAAAACIA==}}

@inproceedings{Sag2007a,
	author = {Ivan A. Sag},
	checked = {stmue 2021},
	crossref = {Mueller2007a-ed},
	date-added = {2022-08-17 16:17:15 +0200},
	date-modified = {2022-08-17 16:17:15 +0200},
	doi = {10.21248/hpsg.2007.23},
	pages = {394--414},
	title = {Remarks on Locality},
	bdsk-file-1 = {YnBsaXN0MDDSAQIDBFxyZWxhdGl2ZVBhdGhZYWxpYXNEYXRhXxA5Li4vLi4vLi4vV2ViLVBhcGVycy9TL1NhL1NhZy8yMDA3LVJlbWFya3Mtb24tTG9jYWxpdHkucGRmTxEBpAAAAAABpAACAAAMTWFjaW50b3NoIEhEAAAAAAAAAAAAAAAAAAAAAAAAAEJEAAH/////HDIwMDctUmVtYXJrcy1vbi1Mb2NhbGl0eS5wZGYAAAAAAAAAAAAAAAAAAAAAAAAAAAAAAAAAAAAAAAAAAAAAAP////8AAAAAAAAAAAAAAAAAAwAFAAAKIGN1AAAAAAAAAAAAAAAAAANTYWcAAAIASS86VXNlcnM6c3RlZmFuOkRvY3VtZW50czpXZWItUGFwZXJzOlM6U2E6U2FnOjIwMDctUmVtYXJrcy1vbi1Mb2NhbGl0eS5wZGYAAA4AOgAcADIAMAAwADcALQBSAGUAbQBhAHIAawBzAC0AbwBuAC0ATABvAGMAYQBsAGkAdAB5AC4AcABkAGYADwAaAAwATQBhAGMAaQBuAHQAbwBzAGgAIABIAEQAEgBHVXNlcnMvc3RlZmFuL0RvY3VtZW50cy9XZWItUGFwZXJzL1MvU2EvU2FnLzIwMDctUmVtYXJrcy1vbi1Mb2NhbGl0eS5wZGYAABMAAS8AABUAAgAN//8AAAAIAA0AGgAkAGAAAAAAAAACAQAAAAAAAAAFAAAAAAAAAAAAAAAAAAACCA==},
	bdsk-url-1 = {https://doi.org/10.21248/hpsg.2007.23}}

@inproceedings{MuellerPredication,
	author = {Stefan Müller},
	checked = {stmue 2021},
	crossref = {Mueller2009a-ed},
	date-added = {2022-08-17 16:15:43 +0200},
	date-modified = {2022-08-17 16:15:43 +0200},
	doi = {10.21248/hpsg.2009.11},
	pages = {213--233},
	title = {On Predication},
	bdsk-url-1 = {https://doi.org/10.21248/hpsg.2009.11},
	bdsk-url-2 = {https://hpsg.hu-berlin.de/~stefan/Pub/predication.html}}

@book{CHJL2002a-ed,
	address = {Berlin},
	checked = {stmue 2021},
	date-added = {2022-08-17 15:30:51 +0200},
	date-modified = {2022-08-17 15:30:51 +0200},
	doi = {10.1515/9783110194029},
	editor = {Cruse, D. Alan and Hundsnurscher, Franz and Job, Michael and Lutzeier, Peter R.},
	number = {21},
	publisher = {De Gruyter Mouton},
	volume = {1},
	xdata = {CHJL2002a-ed-xdata},
	year = {2002},
	bdsk-url-1 = {https://doi.org/10.1515/9783110194029}}

@book{MOOR2015a-ed,
	address = Berlin,
	booktitle = {Word Formation: {An} International Handbook of the Languages of {Europe}},
	checked = {stmue 2021},
	date-added = {2022-08-17 15:10:16 +0200},
	date-modified = {2022-08-17 15:10:16 +0200},
	doi = {10.1515/9783110246254},
	editor = {Peter O. Müller and Ingeborg Ohnheiser and Susan Olsen and Franz Rainer},
	number = {40},
	publisher = degruytermouton,
	title = {Word Formation: {An} International Handbook of the Languages of {Europe}},
	volume = {1},
	xdata = {MOOR2015a-ed-xdata},
	year = {2015},
	bdsk-url-1 = {https://doi.org/10.1515/9783110246254}}

@book{Reis93a-ed,
	address = {Tübingen},
	booktitle = {{Wortstellung und Informationsstruktur}},
	checked = {stmue 2021},
	date-added = {2022-08-17 14:38:18 +0200},
	date-modified = {2022-08-17 14:38:18 +0200},
	doi = {10.1515/9783111658469},
	editor = {Marga Reis},
	number = {306},
	publisher = Niemeyer,
	series = la,
	title = {{Wortstellung und Informationsstruktur}},
	year = {1993},
	bdsk-url-1 = {https://doi.org/10.1515/9783111658469}}

@incollection{Stechow93a,
	address = {Berlin},
	author = {Stechow, Arnim von},
	checked = {stmue 2021},
	crossref = {JvSSV93a-ed},
	date-added = {2022-08-16 19:48:34 +0200},
	date-modified = {2022-08-16 19:48:34 +0200},
	doi = {10.1515/9783110095869.1.1.1},
	number = {9},
	pages = {1--88},
	title = {{Die Aufgaben der Syntax}},
	volume = {1},
	bdsk-url-1 = {https://doi.org/10.1515/9783110095869.1.1.1}}

@techreport{BPG95a,
	address = {Pennnsylvania},
	author = {Baayen, R. Harald and Richard Piepenbrock and Leon Gulikers},
	checked = {stmue 2021},
	date-added = {2022-08-11 15:58:25 +0200},
	date-modified = {2022-08-11 15:58:25 +0200},
	doi = {10.35111/gs6s-gm48},
	institution = {Linguistic Data Consortium, University of Pennsylvania},
	title = {The {CELEX} lexical database (release 2). CD-ROM.},
	year = {1995},
	bdsk-url-1 = {https://doi.org/10.35111/gs6s-gm48}}

@book{Dowty79a,
	address = DordrechtBostonLondon,
	authauthor = {David Dowty},
	author = {David R. Dowty},
	checked = {stmue 2021},
	date-added = {2022-08-09 18:03:31 +0200},
	date-modified = {2022-08-09 18:03:39 +0200},
	doi = {10.1007/978-94-009-9473-7},
	ids = {Dowty:1979a,dowty:1979:word:meaning},
	number = {7},
	publisher = {D. Reidel Publishing Company},
	series = {Synthese Language Library},
	sortname = {David Dowty},
	title = {Word Meaning and {Montague Grammar}: {The} Semantics of Verbs and Times in {Generative Semantics} and {Montague}’s {PTQ}},
	year = {1979},
	bdsk-url-1 = {https://doi.org/10.1007/978-94-009-9473-7}}

@book{PS2004a-u,
	address = {Malden, MA},
	author = {Alan Prince and Paul Smolensky},
	checked = {stmue 2021},
	date-added = {2022-08-09 16:56:45 +0200},
	date-modified = {2022-08-09 16:56:45 +0200},
	doi = {10.1002/9780470759400},
	publisher = blackwellPublishing,
	series = {none},
	title = {{Optimality Theory}: {Constraint} Interaction in {Generative Grammar}},
	year = {2004},
	bdsk-url-1 = {https://doi.org/10.1002/9780470759400}}

@techreport{PS93a-related,
	author = {Alan Prince and Paul Smolensky},
	checked = {stmue 2021},
	date-added = {2022-08-09 16:56:11 +0200},
	date-modified = {2022-08-09 16:57:45 +0200},
	institution = {Center for Cognitive Science, Rutgers University, Piscataway, NJ, and Computer Science Department, University of Colorado, Boulder},
	number = {2},
	title = {{Optimality Theory}: {Constraint} Interaction in {Generative Grammar}},
	type = {RuCCS Technical Report},
	year = {1993},
	bdsk-url-1 = {http://roa.rutgers.edu/files/537-0802/537-0802-PRINCE-0-0.PDF}}

@incollection{Booij85a-u,
	address = dordrechtcinnaminson,
	annote = {zitiert von Wurmbrand98b:286 Deletion statt Koordination, Luedeling2001a:45 phonological word Koordinationsdaten können nicht zum Beweis eines strukturellen Unterschieds bei Partikelverben genommen werden: Wort oder Phrasenstatus},
	authauthor = {Geert Booij},
	author = {Geert E. Booij},
	booktitle = {Advances in Non-Linear Phonology},
	checked = {stmue 2021},
	date-added = {2022-08-09 15:48:55 +0200},
	date-modified = {2022-08-09 16:29:20 +0200},
	doi = {10.1515/9783110869194-008},
	editor = {van der Hulst, Harry and Norval Smith},
	ids = {booij:85,Booij1985},
	number = {7},
	pages = {143--160},
	publisher = foris,
	series = {Linguistic Models},
	sortname = {Geert Booij},
	title = {Coordination Reduction in Complex Words: {A} Case for Prosodic Phonology},
	year = {1985},
	bdsk-url-1 = {https://doi.org/10.1515/9783110869194-008}}

@incollection{Selkirk95a-u,
	authauthor = {Elisabeth O. Selkirk},
	author = {Elisabeth Selkirk},
	checked = {stmue 2021},
	crossref = {Goldsmith95a-ed},
	date-added = {2022-08-09 14:44:34 +0200},
	date-modified = {2022-08-09 14:45:09 +0200},
	ids = {Selkirk1995},
	pages = {550--569},
	sortname = {Elisabeth O. Selkirk},
	title = {Sentence Prosody: {Intonation}, Stress, and Phrasing}}

@book{Selkirk82a-u,
	abstract = {McIntyre2001c:18 Rewrite Rules für Morphologie, Rapp97a:199 No-Phrase-Constraint, Zwicky92a:349},
	address = cambridgeusa,
	author = {Elisabeth O. Selkirk},
	checked = {stmue 2021},
	date-added = {2022-08-09 14:43:58 +0200},
	date-modified = {2022-08-09 14:44:25 +0200},
	ids = {Selkirk1982},
	number = {7},
	optlocation = {Out of Print},
	publisher = mitpress,
	series = {Linguistic Inquiry Monographs},
	title = {The Syntax of Words},
	year = {1982}}

@incollection{MP93a-u,
	author = {John J. McCarthy and Alan Prince},
	checked = {stmue 2021},
	crossref = {yearbook93},
	date-added = {2022-08-09 14:42:09 +0200},
	date-modified = {2022-08-09 14:42:45 +0200},
	doi = {10.1007/978-94-017-3712-8_4},
	ids = {McCarthyPrince1993},
	pages = {79--153},
	title = {Generalized Alignment},
	bdsk-url-1 = {https://doi.org/10.1007/978-94-017-3712-8_4}}

@incollection{Pollard90a-Eng,
	authauthor = {Carl Pollard},
	author = {Carl J. Pollard},
	crossref = {BvH96a-ed},
	date-added = {2022-08-09 14:19:56 +0200},
	date-modified = {2022-08-09 14:19:56 +0200},
	doi = {10.1515/9783110873467.279},
	note = {Published version of a Ms. dated January 1990},
	pages = {279--305},
	sortname = {Carl Pollard},
	title = {On Head Non-Movement},
	year = {1996},
	bdsk-url-1 = {https://doi.org/10.1515/9783110873467.279}}

@article{Spencer88a,
	author = {Andrew Spencer},
	checked = {stmue 2021},
	date-added = {2022-08-09 14:08:24 +0200},
	date-modified = {2022-08-09 14:08:38 +0200},
	doi = {10.2307/414563},
	ids = {Spencer1988},
	journal = {Language},
	number = {4},
	pages = {663--682},
	title = {Bracketing Paradoxes and the {English} Lexicon},
	volume = {64},
	year = {1988},
	bdsk-url-1 = {https://doi.org/10.2307/414563}}

@inproceedings{WL2007a-u,
	author = {Wang, Lulu and Liu, Haitao},
	crossref = {Mueller2007a-ed},
	date-added = {2022-08-09 12:14:47 +0200},
	date-modified = {2022-08-09 12:14:47 +0200},
	doi = {10.21248/hpsg.2007.17},
	pages = {287--305},
	title = {A Description of {Chinese NPs} using {Head-Driven Phrase Structure Grammar}},
	bdsk-url-1 = {https://doi.org/10.21248/hpsg.2007.17}}

@article{Haspelmath2010a,
	author = {Martin Haspelmath},
	checked = {stmue 2021},
	date-added = {2022-08-09 11:57:08 +0200},
	date-modified = {2022-08-09 11:57:18 +0200},
	ids = {Haspelmath2010},
	journal = {Language},
	number = {3},
	pages = {663--687},
	stableurl = {https://www.jstor.org/stable/40961695},
	title = {Comparative Concepts and Descriptive Categories in Crosslinguistic Studies},
	volume = {86},
	year = {2010},
	bdsk-url-1 = {https://www.jstor.org/stable/40961695}}

@book{WZ2003a,
	address = {Stanford, CA},
	author = {Wechsler, Stephen and Zlatić, Larisa},
	checked = {stmue 2021},
	date-added = {2022-08-09 11:45:46 +0200},
	date-modified = {2022-08-09 11:45:46 +0200},
	ids = {Wechsler+Zlatic:2003,wechsler},
	number = {none},
	publisher = {CSLI Publications},
	series = {Stanford Monographs in Linguistics},
	title = {The Many Faces of Agreement},
	year = {2003}}

@article{VH77a-u,
	abstract = {Hoeksema91c:665 Linearisierung und Liberation?},
	author = {Theo Vennemann and Ray Harlow},
	checked = {stmue 2021},
	date-added = {2022-08-09 11:45:18 +0200},
	date-modified = {2022-08-09 11:45:18 +0200},
	doi = {10.1515/thli.1977.4.1-3.227},
	journal = {Theoretical Linguistics},
	number = {1--3},
	pages = {227--254},
	title = {{Categorial Grammar} and Consistent Basic {VX} Serialization},
	volume = {4},
	year = {1977},
	bdsk-url-1 = {https://dx.doi.org/10.1515/thli.1977.4.1-3.227}}

@article{VanEynde2006b,
	author = {Van Eynde, Frank},
	checked = {stmue 2021},
	date-added = {2022-08-09 11:43:23 +0200},
	date-modified = {2022-08-09 11:43:23 +0200},
	doi = {10.1017/S0022226705003713},
	ids = {Eynde2006a},
	journal = {Journal of Linguistics},
	number = {1},
	pages = {139--186},
	title = {{NP-Internal} Agreement and the Structure of the Noun Phrase},
	volume = {42},
	year = {2006},
	bdsk-url-1 = {https://doi.org/10.1017/S0022226705003713}}

@book{Tomasello2003a,
	address = {Cambridge, MA},
	author = {Tomasello, Michael},
	checked = {stmue 2021},
	date-added = {2022-08-09 11:41:18 +0200},
	date-modified = {2022-08-09 11:41:18 +0200},
	ids = {Tomasello2003},
	number = {none},
	publisher = {Harvard University Press},
	series = {none},
	title = {Constructing a Language: {A} Usage-Based Theory of Language Acquisition},
	year = {2003}}

@book{SWB2003a,
	address = {Stanford, CA},
	author = {Sag, Ivan A. and Wasow, Thomas and Bender, Emily M.},
	checked = {stmue 2021},
	date-added = {2022-08-09 11:41:04 +0200},
	date-modified = {2022-08-09 11:41:04 +0200},
	edition = {2},
	ids = {sagwasowbender,Sag+etal:2003,Sag:Wasow:ea:03,Sag:Wasow:Bender:2003,sag2003syntactic,SagWasow03},
	number = {152},
	publisher = {CSLI Publications},
	series = {CSLI Lecture Notes},
	title = {Syntactic Theory: {A} Formal Introduction},
	year = {2003}}

@article{Sag97a,
	abstract = {Kathol2000a:21 -> head analysis for {English} complementizers Die Sache mit der Extra Regel für N-RS-Kombination funktioniert wegen Extraposition von Relativsätzen nicht. Siehe Review von Kim 2020.},
	author = {Sag, Ivan A.},
	checked = {stmue 2021},
	date-added = {2022-08-09 11:35:26 +0200},
	date-modified = {2022-08-09 11:35:26 +0200},
	doi = {10.1017/S002222679700652X},
	ids = {Sag1997,Sag97,Sag:97},
	journal = {Journal of Linguistics},
	number = {2},
	pages = {431--483},
	title = {English Relative Clause Constructions},
	volume = {33},
	year = {1997},
	bdsk-url-1 = {https://doi.org/10.1017/S002222679700652X}}

@article{Sag2020a,
	author = {Sag, Ivan A. and Chaves, Rui and Abeillé, Anne and Estigarribia, Bruno and {Van Eynde}, Frank and Flickinger, Dan and Kay, Paul and Michaelis-Cummings, Laura A. and Müller, Stefan and Pullum, Geoffrey K. and Wasow, Thomas},
	checked = {stmue 2021},
	date-added = {2022-08-09 11:35:04 +0200},
	date-modified = {2022-08-09 11:35:04 +0200},
	doi = {10.1017/S002222671800052X},
	ids = {Sagetal2020,SagEtAl20},
	journal = {Journal of Linguistics},
	number = {1},
	pages = {87--155},
	title = {Lessons from the {English} Auxiliary System},
	volume = {56},
	year = {2020},
	bdsk-url-1 = {https://doi.org/10.1017/S002222671800052X}}

@book{Radford97a-u,
	address = {Cambridge, UK},
	author = {Radford, Andrew},
	checked = {stmue 2021},
	date-added = {2022-08-09 11:34:42 +0200},
	date-modified = {2022-08-09 11:34:42 +0200},
	doi = {10.1017/CBO9781139166706},
	number = {none},
	publisher = {Cambridge University Press},
	series = {Cambridge Textbooks in Linguistics},
	title = {Syntactic Theory and the Structure of {English}: {A} {Minimalist} Approach},
	year = {1997},
	bdsk-url-1 = {https://doi.org/10.1017/CBO9781139166706}}

@book{ps2,
	address = {Chicago, IL},
	author = {Pollard, Carl and Sag, Ivan A.},
	checked = {stmue 2021},
	date-added = {2022-08-09 11:34:18 +0200},
	date-modified = {2022-08-09 11:34:18 +0200},
	ids = {PollardandSag1994,PollardSag1994,Pollard+Sag:1994,pollard+sag:1994,pollardsag,hpsg,Pollard:Sag:1994,pollard;sag94,Pollard94,Pollard:Sag:94},
	number = {4},
	publisher = {The University of Chicago Press},
	series = {Studies in Contemporary Linguistics},
	title = {{Head-Driven Phrase Structure Grammar}},
	year = {1994}}

@book{ps,
	address = {Stanford, CA},
	author = {Pollard, Carl and Sag, Ivan A.},
	checked = {stmue 2021},
	date-added = {2022-08-09 11:34:01 +0200},
	date-modified = {2022-08-09 11:34:01 +0200},
	ids = {PollardandSag1987,PollardSag1987,pollard+sag:1987,hpsg1,Pollard:Sag:1987,pollard;sag87,Pollard87},
	number = {13},
	publisher = {CSLI Publications},
	series = {CSLI Lecture Notes},
	title = {Information-Based Syntax and Semantics},
	year = {1987}}

@article{OGrady98a-u,
	abstract = {Scrambling lexikalisches Phänomen},
	author = {William {O'Grady}},
	checked = {stmue 2021},
	date-added = {2022-08-09 11:33:40 +0200},
	date-modified = {2022-08-09 11:33:40 +0200},
	doi = {10.1023/A:1005932710202},
	journal = nllt,
	number = {2},
	pages = {279–312},
	title = {The Syntax of Idioms},
	volume = {16},
	year = {1998},
	bdsk-url-1 = {https://doi.org/10.1023/A:1005932710202}}

@article{OG2012a-u,
	author = {Timothy Osborne and Thomas M. Groß},
	checked = {stmue 2021},
	date-added = {2022-08-09 11:31:14 +0200},
	date-modified = {2022-08-09 11:31:14 +0200},
	doi = {10.1515/cog-2012-0006},
	journal = {Cognitive Linguistics},
	number = {1},
	optlocation = {Platte},
	pages = {165--216},
	title = {Constructions are Catenae: {Construction Grammar} meets {Dependency Grammar}},
	volume = {23},
	year = {2012},
	bdsk-url-1 = {https://doi.org/10.1515/cog-2012-0006}}

@article{NSW94a,
	author = {Nunberg, Geoffrey and Sag, Ivan A. and Wasow, Thomas},
	checked = {stmue 2021},
	date-added = {2022-08-09 11:29:24 +0200},
	date-modified = {2022-08-09 11:29:24 +0200},
	doi = {10.2307/416483},
	journal = {Language},
	number = {3},
	pages = {491--538},
	title = {Idioms},
	volume = {70},
	year = {1994},
	bdsk-url-1 = {https://doi.org/10.2307/416483}}

@mastersthesis{Ng97a,
	author = {Say Kiat Ng},
	checked = {stmue 2021},
	date-added = {2022-08-09 11:29:01 +0200},
	date-modified = {2022-08-09 11:29:01 +0200},
	school = {University of Edinburgh, Department of Linguistics},
	title = {A Double-Specifier Account of {Chinese} {NPs} using {Head-Driven Phrase Structure Grammar}},
	type = {{MSc} Speech and Language Processing},
	year = {1997}}

@book{Newmeyer2005a,
	address = {Oxford},
	annotation = {18 verschiedene Hierarchien von semantischen Rollen (S. 216-217)},
	author = {Newmeyer, Frederick J.},
	checked = {stmue 2021},
	date-added = {2022-08-09 11:27:55 +0200},
	date-modified = {2022-08-09 11:27:55 +0200},
	number = {none},
	publisher = {Oxford University Press},
	series = {Oxford Linguistics},
	title = {Possible and Probable Languages: {A} {Generative} Perspective on Linguistic Typology},
	year = {2005}}

@book{Netter98a-Eng,
	address = {Saar\-brü\-cken},
	author = {Klaus Netter},
	checked = {stmue 2021},
	date-added = {2022-08-09 11:17:40 +0200},
	date-modified = {2022-08-09 11:18:34 +0200},
	number = {3},
	publisher = {German Research Center for Artificial Intelligence (DFKI) and University of the Saarland},
	series = {Saar\-brü\-cken Dissertations in Computational Linguisticsand Language Technology},
	title = {Functional Categories in an {HPSG} for {German}},
	year = {1998}}

@article{MyPM2021a,
	author = {{Machicao y Priemer}, Antonio and Müller, Stefan},
	checked = {dm2021},
	date-added = {2022-08-09 11:11:51 +0200},
	date-modified = {2022-08-09 11:11:51 +0200},
	doi = {10.5334/gjgl.1128},
	journal = {Glossa: a journal of general linguistics},
	number = {1},
	pages = {1--38},
	title = {{NPs} in {German}: {Locality}, Theta Roles, and Prenominal Genitives},
	volume = {6},
	year = {2021},
	bdsk-url-1 = {https://doi.org/10.5334/gjgl.1128}}

@article{MuellerPersian,
	annotation = {Zeitschriftenartikel: Bender u.a. 2010 Grammar Customization. Research on Language and Computation},
	author = {Müller, Stefan},
	checked = {stmue 2021},
	date-added = {2022-08-09 11:11:22 +0200},
	date-modified = {2022-08-09 11:11:22 +0200},
	doi = {10.1017/S0022226709990284},
	ids = {Mueller2010},
	journal = {Journal of Linguistics},
	number = {3},
	pages = {601--655},
	title = {Persian Complex Predicates and the Limits of Inheritance"=Based Analyses},
	volume = {46},
	year = {2010},
	bdsk-url-1 = {https://doi.org/10.1017/S0022226709990284}}

@book{MuellerLFGphrasal,
	address = {Berlin},
	author = {Müller, Stefan},
	booktitle = {A Lexicalist Account of Argument Structure: {Template}"=Based Phrasal {LFG} Approaches and a Lexical {HPSG} Alternative},
	checked = {stmue 2021},
	date-added = {2022-08-09 11:10:53 +0200},
	date-modified = {2022-08-09 11:10:53 +0200},
	doi = {10.5281/zenodo.1441351},
	number = {2},
	publisher = {Language Science Press},
	series = {Conceptual Foundations of Language Science},
	title = {A Lexicalist Account of Argument Structure: {Template}"=Based Phrasal {LFG} Approaches and a Lexical {HPSG} Alternative},
	year = {2018},
	bdsk-url-1 = {https://doi.org/10.5281/zenodo.1441351}}

@book{MuellerLehrbuch3,
	address = {Tübingen},
	author = {Müller, Stefan},
	checked = {stmue 2021},
	date-added = {2022-08-09 11:10:31 +0200},
	date-modified = {2022-08-09 11:10:31 +0200},
	edition = {3},
	ids = {MuellerLehrbuch},
	number = {17},
	publisher = {Stauffenburg Verlag},
	series = {Stauffenburg Einführungen},
	title = {{Head-Driven Phrase Structure Grammar: Eine Einführung}},
	year = {2013}}

@book{MuellerLehrbuch1,
	address = {Tübingen},
	author = {Müller, Stefan},
	checked = {stmue 2021},
	date-added = {2022-08-09 11:10:14 +0200},
	date-modified = {2022-08-09 11:10:14 +0200},
	edition = {1},
	number = {17},
	publisher = {Stauffenburg Verlag},
	series = {Stauffenburg Einführungen},
	title = {{Head-Driven Phrase Structure Grammar: Eine Einführung}},
	year = {2007}}

@book{MuellerGT-Eng4,
	address = {Berlin},
	author = {Stefan Müller},
	booktitle = {Grammatical Theory: {From} {Transformational Grammar} to Constraint"=Based Approaches},
	checked = {stmue 2021},
	date-added = {2022-08-09 11:07:31 +0200},
	date-modified = {2022-08-09 11:07:31 +0200},
	doi = {10.5281/zenodo.3992307},
	edition = {4},
	ids = {MuellerGT-Eng},
	langid = {english},
	number = {1},
	opturl = {https://langsci-press.org/catalog/book/287},
	publisher = {Language Science Press},
	series = {Textbooks in Language Sciences},
	title = {Grammatical Theory: {From} {Transformational Grammar} to Constraint"=Based Approaches},
	year = {2020},
	bdsk-url-1 = {https://doi.org/10.5281/zenodo.3364215}}

@book{MuellerGermanic,
	author = {Müller, Stefan},
	checked = {stmue 2021},
	date-added = {2022-08-09 10:56:02 +0200},
	date-modified = {2022-08-09 10:56:02 +0200},
	note = {\toappear},
	publisher = {Language Science Press},
	series = {Textbooks in Language Sciences},
	title = {Germanic Syntax},
	url = {https://hpsg.hu-berlin.de/~stefan/Pub/germanic.html},
	urldate = {2022-03-23},
	year = {2022},
	bdsk-url-1 = {https://hpsg.hu-berlin.de/~stefan/Pub/germanic.html}}

@misc{MuellerCopula,
	author = {Müller, Stefan},
	checked = {stmue 2021},
	date-added = {2022-08-09 10:55:31 +0200},
	date-modified = {2022-08-09 10:55:31 +0200},
	note = {Ms. Freie Universität Berlin},
	title = {On the Copula, Specificational Constructions and Type Shifting},
	year = {2012}}

@article{Mueller99b,
	author = {Müller, Stefan},
	checked = {stmue 2021},
	date-added = {2022-08-09 10:54:47 +0200},
	date-modified = {2022-08-09 10:54:47 +0200},
	doi = {10.1023/A:1004564801304},
	ids = {Mueller:99a,Mueller:99b},
	journal = {Grammars},
	number = {1},
	pages = {53--105},
	title = {An {HPSG}-Analysis for Free Relative Clauses in {German}},
	volume = {2},
	year = {1999},
	bdsk-url-1 = {https://doi.org/10.1023/A:1004564801304}}

@book{Mueller99a,
	address = {Tübingen},
	annotation = {486 Seiten 1999 186,- DM = 95,10€ 31.12.2006 91,59€ 27.11.2008 98€/157$ 23.12.2012 De Gruyter Print + E-Book $238,00/169,95€ = $0,58/0,35€ Print 114,95 buchhandel.de: Letzte Preisänderung am 11.03.2012 15.02.2015 139,95€ /US$ 196,00 print or ebook 23.06.2020 149,95€ Verkauf: Sommer 149, 31.12.99 181, 15.03.2010},
	author = {Müller, Stefan},
	checked = {stmue 2021},
	date-added = {2022-08-09 10:54:22 +0200},
	date-modified = {2022-08-09 10:54:22 +0200},
	doi = {10.1515/9783110915990},
	ids = {Mueller:99},
	number = {394},
	publisher = {Max Niemeyer Verlag},
	series = {Linguistische Arbeiten},
	title = {{Deutsche Syntax deklarativ: {Head-Driven Phrase Structure Grammar} für das Deutsche}},
	year = {1999},
	bdsk-url-1 = {https://doi.org/10.1515/9783110915990}}

@book{Kiss95a,
	address = {Tübingen},
	annotation = {118,- DM 04.02.2021 109,95€},
	author = {Kiss, Tibor},
	checked = {stmue 2021},
	date-added = {2022-08-09 10:53:48 +0200},
	date-modified = {2022-08-09 10:53:48 +0200},
	doi = {10.1515/9783110934670},
	number = {333},
	publisher = {Max Niemeyer Verlag},
	series = {Linguistische Arbeiten},
	title = {{Infinite Komplementation: Neue Studien zum deutschen Verbum infinitum}},
	year = {1995},
	bdsk-url-1 = {https://doi.org/10.1515/9783110934670}}

@inproceedings{Mueller96a,
	address = {Copenhagen, Denmark},
	author = {Müller, Stefan},
	booktitle = {Proceedings of {COLING-96: 16th International Conference on Computational Linguistics (COLING96). Copenhagen, Denmark, August} 5--9, 1996},
	checked = {stmue 2021},
	date-added = {2022-08-09 10:52:44 +0200},
	date-modified = {2022-08-09 10:52:44 +0200},
	editor = {Tsujii, Jun-ichi},
	pages = {800--805},
	publisher = {Association for Computational Linguistics},
	title = {Yet another Paper about Partial Verb Phrase Fronting in {German}},
	year = {1996}}

@article{Mueller2006d,
	author = {Müller, Stefan},
	checked = {stmue 2021},
	date-added = {2022-08-09 10:52:18 +0200},
	date-modified = {2022-08-09 10:52:18 +0200},
	doi = {10.1353/lan.2006.0213},
	ids = {Mueller2006},
	journal = {Language},
	number = {4},
	pages = {850--883},
	title = {Phrasal or Lexical Constructions?},
	volume = {82},
	year = {2006},
	bdsk-url-1 = {https://doi.org/10.1353/lan.2006.0213}}

@article{Mueller2005d,
	abstract = {Fanselow2006 (on purse syntax), Meinunger2009: Leftmost peripheral adverbs and adjectives in German: Journal of Comparative Germanic Ling, 12(2), Welke 2007 Einführung in die Satzanalyse Bildhauer Cook HPSG 2010 Oersnes2011a: Zur Syntax und Semantik der lieber-als-Konstruktion Deutsche Sprache},
	author = {Müller, Stefan},
	checked = {stmue 2021},
	date-added = {2022-08-09 10:51:57 +0200},
	date-modified = {2022-08-09 10:51:57 +0200},
	journal = {Linguistische Berichte},
	number = {none},
	pages = {297--330},
	title = {{Zur Analyse der scheinbar mehrfachen Vorfeldbesetzung}},
	volume = {203},
	year = {2005}}

@article{Mueller2003b,
	author = {Müller, Stefan},
	checked = {stmue 2021 gibt noch keine DOI},
	date-added = {2022-08-09 10:51:31 +0200},
	date-modified = {2022-08-09 10:51:31 +0200},
	journal = {Deutsche Sprache},
	number = {1},
	pages = {29--62},
	title = {{Mehrfache Vorfeldbesetzung}},
	volume = {31},
	year = {2003}}

@book{Mueller2002b,
	address = {Stanford, CA},
	author = {Müller, Stefan},
	booktitle = {Complex Predicates: {Verbal} Complexes, Resultative Constructions, and Particle Verbs in {German}},
	checked = {stmue 2021},
	date-added = {2022-08-09 10:51:14 +0200},
	date-modified = {2022-08-09 10:51:14 +0200},
	ids = {Mueller:02b},
	number = {13},
	publisher = {CSLI Publications},
	series = {Studies in Constraint"=Based Lexicalism},
	title = {Complex Predicates: {Verbal} Complexes, Resultative Constructions, and Particle Verbs in {German}},
	year = {2002}}

@incollection{Meurers99a,
	author = {Walt Detmar Meurers},
	checked = {stmue 2021},
	crossref = {WKK99a-ed},
	date-added = {2022-08-09 10:50:49 +0200},
	date-modified = {2022-08-09 10:50:49 +0200},
	optchapter = {9},
	opturl = {http://www.sfs.uni-tuebingen.de/~dm/papers/hpsg-volume98/pvp-revisited.html},
	pages = {129--144},
	title = {German Partial-{VP} Fronting Revisited},
	year = {1999},
	bdsk-url-1 = {http://www.sfs.uni-tuebingen.de/~dm/papers/hpsg-volume98/pvp-revisited.html}}

@article{Meurers2001a,
	authauthor = {Meurers, Walt Detmar},
	author = {Meurers, W. Detmar},
	checked = {stmue 2021},
	date-added = {2022-08-09 10:48:33 +0200},
	date-modified = {2022-08-09 10:48:33 +0200},
	doi = {10.1080/033258601753358605},
	ids = {Meurers2001,Meurers02},
	journal = {Nordic Journal of Linguistics},
	number = {2},
	pages = {161--217},
	sortname = {Meurers, Detmar},
	title = {On Expressing Lexical Generalizations in {HPSG}},
	volume = {24},
	year = {2001},
	bdsk-url-1 = {https://doi.org/10.1080/033258601753358605}}

@misc{KSF2015a,
	authauthor = {Kay, Paul and Sag, Ivan A. and Flickinger, Dan},
	author = {Kay, Paul and Sag, Ivan A. and Flickinger, Daniel P.},
	checked = {stmue 2021},
	date-added = {2022-08-09 10:48:13 +0200},
	date-modified = {2022-08-09 10:48:13 +0200},
	howpublished = {Ms. CSLI Stanford},
	title = {A Lexical Theory of Phrasal Idioms},
	year = {2015}}

@book{Kayne94a-u,
	address = {Cambridge, MA},
	author = {Kayne, Richard S.},
	checked = {stmue 2021},
	date-added = {2022-08-09 10:47:48 +0200},
	date-modified = {2022-08-09 10:47:48 +0200},
	ids = {Kayne:94},
	number = {25},
	publisher = {MIT Press},
	series = {Linguistic Inquiry Monographs},
	title = {The Antisymmetry of Syntax},
	year = {1994}}

@incollection{Kathol99b,
	abstract = {Kathol laesst von NP[nom] verschiedene Elemente in SUBJ zu, das widersprichtReis82, die Subjekt mit Nominativ gleichsetzt},
	author = {Kathol, Andreas},
	checked = {stmue 2021},
	crossref = {LG99a-ed},
	date-added = {2022-08-09 10:47:28 +0200},
	date-modified = {2022-08-09 10:47:28 +0200},
	ids = {Kathol1999b},
	pages = {223--274},
	title = {Agreement and the Syntax-Morphology Interface in {HPSG}}}

@book{Kathol2000a,
	address = {Oxford},
	author = {Kathol, Andreas},
	checked = {stmue 2021},
	date-added = {2022-08-09 10:47:05 +0200},
	date-modified = {2022-08-09 10:47:05 +0200},
	ids = {Kathol:2000,kathol_a00},
	number = {none},
	publisher = {Oxford University Press},
	series = {Oxford Linguistics},
	title = {Linear Syntax},
	year = {2000}}

@misc{Kasper97a,
	author = {Robert T. Kasper},
	checked = {stmue 2021},
	date-added = {2022-08-09 10:41:50 +0200},
	date-modified = {2022-08-09 10:41:50 +0200},
	ids = {Kasper1997},
	note = {Ms. {Ohio State University}},
	title = {The Semantics of Recursive Modification},
	url = {http://www.essex.ac.uk/linguistics/external/clmt/papers/hpsg/modification.ps},
	urldate = {2020-02-26},
	year = {1997},
	bdsk-url-1 = {http://www.essex.ac.uk/linguistics/external/clmt/papers/hpsg/modification.ps}}

@book{Johannessen98a-u,
	address = {Oxford},
	author = {Johannessen, Janne Bondi},
	checked = {stmue 2021},
	date-added = {2022-08-09 10:38:30 +0200},
	date-modified = {2022-08-09 10:38:30 +0200},
	ids = {johann},
	number = {none},
	publisher = {Oxford University Press},
	series = {Oxford Studies in Comparative Syntax},
	title = {Coordination},
	year = {1998}}

@article{Jackendoff2008a,
	author = {Jackendoff, Ray},
	checked = {stmue 2021},
	date-added = {2022-08-09 10:37:46 +0200},
	date-modified = {2022-08-09 10:37:46 +0200},
	journal = {Language},
	number = {1},
	pages = {8--28},
	stableurl = {https://www.jstor.org/stable/40071010},
	title = {Construction after {Construction} and Its Theoretical Challenges},
	volume = {84},
	year = {2008},
	bdsk-url-1 = {https://www.jstor.org/stable/40071010}}

@book{Hudson84a-u,
	abstract = {Goldberg95a:72 Vererbung, Hudson2004a:11 Determiners are Heads},
	address = {Oxford},
	annotation = {Lobin2003a:328 Hudson84: 90ff zur NP/DP-Unterscheidung},
	author = {Hudson, Richard},
	checked = {stmue 2021},
	date-added = {2022-08-09 10:36:16 +0200},
	date-modified = {2022-08-09 10:36:16 +0200},
	ids = {hudson84},
	number = {none},
	publisher = {Basil Blackwell},
	series = {none},
	title = {Word Grammar},
	year = {1984}}

@article{Haider2004a-u,
	author = {Hubert Haider},
	checked = {stmue 2021},
	date-added = {2022-08-09 10:35:34 +0200},
	date-modified = {2022-08-09 10:35:50 +0200},
	doi = {10.1016/S0024-3841(03)00051-2},
	ids = {Haider2004},
	journal = {Lingua. Special Issue: Taking up the gauntlet-Adverbs across frameworks},
	number = {6},
	pages = {779--807},
	title = {Pre- and Postverbal Adverbials in {OV} and {VO}},
	volume = {114},
	year = {2004},
	bdsk-url-1 = {https://doi.org/10.1016/S0024-3841(03)00051-2}}

@article{Hudson2004a,
	abstract = {hat komische Analyse von wh-Sätzen, in denen das wh-Wort der Kopf
	ist, behauptet Determinierer sind Pronomina, die Zählnomina als
	Argument nehmen, stimmt aber nicht für das Dt.},
	author = {Richard Hudson},
	checked = {stmue 2021},
	date-added = {2022-08-09 10:28:00 +0200},
	date-modified = {2022-08-09 10:28:00 +0200},
	doi = {10.1075/fol.11.1.03hud},
	journal = {Functions of Language},
	number = {1},
	pages = {7--42},
	title = {Are Determiners Heads?},
	volume = {11},
	year = {2004},
	bdsk-url-1 = {https://doi.org/10.1075/fol.11.1.03hud}}

@incollection{Holler-Feldhaus2001a,
	author = {Holler-Feldhaus, Anke},
	checked = {stmue 2021},
	crossref = {MK2001a-ed},
	date-added = {2022-08-09 10:20:36 +0200},
	date-modified = {2022-08-09 10:20:36 +0200},
	pages = {77--109},
	title = {An {HPSG} Analysis of {German} {Wh}-Interrogatives}}

@article{Hoehn2016a-u,
	author = {Höhn, Georg F. K.},
	checked = {stmue 2021},
	date-added = {2022-08-09 10:18:14 +0200},
	date-modified = {2022-08-09 10:18:14 +0200},
	doi = {10.1007/s11049-015-9311-y},
	journal = nllt,
	number = {2},
	pages = {543--592},
	title = {Unagreement is an Illusion: {Apparent} Person Mismatches and Nominal Structure},
	volume = {34},
	year = {2016},
	bdsk-url-1 = {https://doi.org/10.1007/s11049-015-9311-y}}

@article{HCF2002a,
	author = {Hauser, Marc D. and Chomsky, Noam and Fitch, W. Tecumseh},
	checked = {stmue 2021},
	date-added = {2022-08-09 08:30:26 +0200},
	date-modified = {2022-08-09 08:30:26 +0200},
	doi = {10.1126/science.298.5598.1569},
	journal = {Science},
	number = {5598},
	pages = {1569--1579},
	title = {The Faculty of Language: {What} Is It, Who Has It, and How Did It Evolve?},
	volume = {298},
	year = {2002},
	bdsk-url-1 = {https://doi.org/10.1126/science.298.5598.1569}}

@book{Haider93a,
	address = {Tübingen},
	author = {Haider, Hubert},
	checked = {stmue 2021},
	date-added = {2022-08-09 08:30:05 +0200},
	date-modified = {2022-08-09 08:30:05 +0200},
	langid = {ngerman},
	number = {325},
	publisher = {Gunter Narr Verlag},
	series = {Tübinger Beiträge zur Linguistik},
	title = {{Deutsche Syntax -- generativ: Vorstudien zur Theorie einer projektiven Grammatik}},
	year = {1993}}

@book{Haegeman94a-u,
	address = {Oxford},
	author = {Haegeman, Liliane},
	checked = {stmue 2021},
	date-added = {2022-08-09 08:29:31 +0200},
	date-modified = {2022-08-09 08:29:31 +0200},
	edition = {2},
	number = {1},
	publisher = {Blackwell Publishers Ltd},
	series = {Blackwell Textbooks in Linguistics},
	title = {Introduction to {Government and Binding Theory}},
	year = {1994}}

@book{GSag2000a-u,
	address = {Stanford, CA},
	author = {Ginzburg, Jonathan and Sag, Ivan A.},
	booktitle = {Interrogative Investigations: {The} Form, Meaning, and Use of {English} Interrogatives},
	checked = {dm 2021},
	date-added = {2022-08-09 08:29:05 +0200},
	date-modified = {2022-08-09 08:29:05 +0200},
	ids = {GinzburgandSag2001,ginzsag,GS00,Ginzburg:Sag:2000,Ginzburg:Sag:01,Ginzburg:Sag:00,ginzburg;sag00},
	number = {123},
	publisher = {CSLI Publications},
	series = {CSLI Lecture Notes},
	title = {Interrogative Investigations: {The} Form, Meaning, and Use of {English} Interrogatives},
	year = {2000}}

@inproceedings{GR81a,
	abstract = {zitiert in Bayer 96 (publisher und address von dort uebernommen)},
	address = {Pisa},
	author = {Groos, Anneke and van Riemsdijk, Henk},
	booktitle = {Theory of Markedness in {Generative} {Grammar}: {Proceedings} of the {IVth} {GLOW} Conference},
	checked = {stmue 2021},
	date-added = {2022-08-09 08:28:42 +0200},
	date-modified = {2022-08-09 08:28:42 +0200},
	editor = {Belletti, Adriana and Brandi, Luciana and Rizzi, Luigi},
	ids = {GR81,Groos:Riemsdijk:81},
	pages = {171--216},
	publisher = {Scuola Normale Superiore},
	title = {Matching Effects in Free Relatives: {A} Parameter of Core Grammar},
	year = {1981}}

@book{Goldberg2006a,
	address = {Oxford},
	author = {Goldberg, Adele E.},
	checked = {stmue 2021},
	date-added = {2022-08-09 08:28:23 +0200},
	date-modified = {2022-08-09 08:28:23 +0200},
	ids = {gold06},
	number = {none},
	publisher = {Oxford University Press},
	series = {Oxford Linguistics},
	title = {Constructions at Work: {The} Nature of Generalization in Language},
	year = {2006}}

@article{Goldberg2003b,
	author = {Goldberg, Adele E.},
	checked = {stmue 2021},
	date-added = {2022-08-09 08:28:13 +0200},
	date-modified = {2022-08-09 08:28:13 +0200},
	doi = {10.1016/S1364-6613(03)00080-9},
	journal = {Trends in Cognitive Sciences},
	number = {5},
	pages = {219--224},
	title = {Constructions: {A} New Theoretical Approach to Language},
	volume = {7},
	year = {2003},
	bdsk-url-1 = {https://doi.org/10.1016/S1364-6613(03)00080-9}}

@misc{GMueller2007a,
	author = {Gereon Müller},
	checked = {stmue 2021},
	date-added = {2022-08-09 08:27:47 +0200},
	date-modified = {2022-08-09 08:27:47 +0200},
	howpublished = {Handout University of Leipzig},
	title = {{Einführung in die Syntax: Funktionale Kategorien II: DP}},
	url = {http://home.uni-leipzig.de/muellerg/mu609.pdf},
	urldate = {2022-08-09},
	year = {2007},
	bdsk-url-1 = {http://home.uni-leipzig.de/muellerg/mu609.pdf}}

@article{FPAG2007a,
	author = {Freudenthal, Daniel and Pine, Julian M. and Aguado-Orea, Javier and Gobet, Fernand},
	checked = {stmue 2021},
	date-added = {2022-08-09 08:18:05 +0200},
	date-modified = {2022-08-09 08:18:05 +0200},
	doi = {10.1080/15326900701221454},
	journal = {Cognitive Science},
	number = {2},
	pages = {311--341},
	title = {Modeling the Developmental Patterning of Finiteness Marking in {English}, {Dutch}, {German}, and {Spanish} Using {MOSAIC}},
	volume = {31},
	year = {2007},
	bdsk-url-1 = {https://doi.org/10.1080/15326900701221454}}

@book{Engel77,
	abstract = {zitiert in Bausewein, Engel77:234 soll etwas über adverbial gebrauchte freie RSsagen},
	address = {Berlin},
	author = {Engel, Ulrich},
	checked = {stmue 2021},
	date-added = {2022-08-09 08:17:45 +0200},
	date-modified = {2022-08-09 08:17:45 +0200},
	number = {22},
	publisher = {Erich Schmidt Verlag},
	series = {Grundlagen der Germanistik},
	title = {{Syntax der deutschen Gegenwartssprache}},
	year = {1977}}

@incollection{Chomsky95b-u,
	address = {Washington, DC},
	author = {Chomsky, Noam},
	booktitle = {Evolution and Revolution in Linguistic Theory: {Essays} in Honor of {Carlos Otero}},
	checked = {stmue 2021},
	date-added = {2022-08-09 08:17:15 +0200},
	date-modified = {2022-08-09 08:17:15 +0200},
	editor = {Campos, Héctor and Kemp\-chin\-sky, Paula},
	number = {none},
	pages = {51--109},
	publisher = {Georgetown U Press},
	series = {Georgetown Studies in Romance Linguistics},
	title = {Bare Phrase Structure},
	year = {1995}}

@book{Chomsky81a,
	address = {Dordrecht},
	author = {Chomsky, Noam},
	checked = {stmue 2021},
	date-added = {2022-08-09 08:16:46 +0200},
	date-modified = {2022-08-09 08:16:46 +0200},
	doi = {10.1515/9783110884166},
	ids = {Chomsky:1981,chom:81,Chomsky81,Chomsky1981},
	langid = {english},
	number = {9},
	publisher = foris,
	series = {Studies in Generative Grammar},
	title = {Lectures on Government and Binding},
	year = {1981},
	bdsk-url-1 = {https://doi.org/10.1515/9783110884166}}

@incollection{Chomsky2001a-u,
	author = {Chomsky, Noam},
	checked = {stmue 2021},
	crossref = {Kenstowicz2001a-ed},
	date-added = {2022-08-09 08:16:10 +0200},
	date-modified = {2022-08-09 08:16:10 +0200},
	pages = {1--52},
	title = {Derivation by Phase}}

@incollection{CR2010a,
	author = {Cinque, Guglielmo and Rizzi, Luigi},
	checked = {stmue 2021},
	crossref = {Heine:Narrog2010a-ed},
	date-added = {2022-08-09 06:30:06 +0200},
	date-modified = {2022-08-09 06:30:06 +0200},
	doi = {10.1093/oxfordhb/9780199544004.013.0003},
	langid = {english},
	pages = {51--65},
	title = {The Cartography of Syntactic Structures},
	bdsk-url-1 = {https://doi.org/10.1093/oxfordhb/9780199544004.013.0003}}

@article{KC77a,
	abstract = {Bindungstheorie, nicht FAS, nicht CoLi, Coli erst ab 87, kopiert},
	author = {Edward L. Keenan and Bernard Comrie},
	checked = {stmue 2021},
	date-added = {2022-08-09 06:28:53 +0200},
	date-modified = {2022-08-09 06:28:53 +0200},
	ids = {KeenanandComrie1977},
	journal = li,
	number = {1},
	pages = {63--99},
	stableurl = {https://www.jstor.org/stable/4177973},
	title = {Noun Phrase Accessibility and {Universal Grammar}},
	volume = {8},
	year = {1977}}

@incollection{wals-85,
	address = {Leipzig},
	author = {Matthew S. Dryer},
	checked = {stmue 2021},
	crossref = {wals},
	date-added = {2022-08-09 06:28:01 +0200},
	date-modified = {2022-08-09 06:28:01 +0200},
	pages = {none},
	title = {Order of Adposition and Noun Phrase},
	url = {http://wals.info/chapter/85},
	urldate = {2020-08-18},
	bdsk-url-1 = {http://wals.info/chapter/85}}

@article{Brame82a,
	annote = {Det ist der Kopf},
	author = {Michael Brame},
	checked = {stmue 2021},
	date-added = {2022-08-08 21:01:55 +0200},
	date-modified = {2022-08-08 21:01:55 +0200},
	doi = {none},
	journal = {Linguistic Analysis},
	number = {4},
	pages = {321--325},
	title = {The Head-Selector Theory of Lexical Specifications and the Non-Existence of Coarse Categories},
	volume = {10},
	year = {1982},
	bdsk-url-1 = {https://doi.org/none}}

@article{Bowers93a-u,
	author = {Bowers, John},
	checked = {stmue 2021},
	date-added = {2022-08-08 21:01:22 +0200},
	date-modified = {2022-08-08 21:01:22 +0200},
	journal = li,
	number = {4},
	pages = {591--656},
	stableurl = {https://www.jstor.org/stable/4178835},
	title = {The Syntax of Predication},
	volume = {24},
	year = {1993},
	bdsk-url-1 = {https://www.jstor.org/stable/4178835}}

@article{BMS2001a,
	author = {Gosse Bouma and Robert Malouf and Ivan A. Sag},
	checked = {stmue 2021},
	date-added = {2022-08-08 20:59:11 +0200},
	date-modified = {2022-08-08 20:59:11 +0200},
	doi = {10.1023/A:1006473306778},
	ids = {Boumaetal2001,Bouma:Malouf:Sag:01,bouma},
	journal = nllt,
	number = {1},
	pages = {1--65},
	title = {Satisfying Constraints on Extraction and Adjunction},
	volume = {19},
	year = {2001},
	bdsk-url-1 = {http://ftp-linguistics.stanford.edu/sag/bms-nllt.pdf},
	bdsk-url-2 = {https://doi.org/10.1023/A:1006473306778}}

@article{BC99a,
	authauthor = {Ted Briscoe and Ann Copestake},
	author = {Ted J. Briscoe and Ann Copestake},
	checked = {stmue 2021},
	date-added = {2022-08-08 19:19:48 +0200},
	date-modified = {2022-08-08 19:19:48 +0200},
	ids = {BriscoeandCopestake1999},
	journal = {Computational Linguistics},
	number = {4},
	pages = {487--526},
	title = {Lexical Rules in Constraint"=Based Grammar},
	url = {http://www.aclweb.org/anthology/J99-4002},
	urldate = {2021-02-10},
	volume = {25},
	year = {1999},
	bdsk-url-1 = {http://www.aclweb.org/anthology/J99-4002}}

@inproceedings{BB2011b-u,
	author = {Solveig Bosse and Benjamin Bruening},
	checked = {stmue 2021},
	crossref = {wccfl2011},
	date-added = {2022-08-08 19:19:16 +0200},
	date-modified = {2022-08-08 19:19:16 +0200},
	pages = {69--77},
	title = {Benefactive Versus Experiencer Datives}}

@book{BATW2016a,
	address = oxfordcambridge,
	author = {Joan Bresnan and Ash Asudeh and Ida Toivonen and Stephen Wechsler},
	booktitle = {Lexical-Functional Syntax},
	checked = {dm 2021},
	date-added = {2022-08-08 19:17:49 +0200},
	date-modified = {2022-08-08 19:17:49 +0200},
	doi = {10.1002/9781119105664},
	edition = {2},
	ids = {Bresnan+etal:2015,BATW2015a},
	number = 16,
	optisbn = {9781119105664},
	publisher = wileyBlackwell,
	series = {Blackwell Textbooks in Linguistics},
	title = {Lexical"=Functional Syntax},
	year = {2016},
	bdsk-url-1 = {https://doi.org/10.1002/9781119105664}}

@inproceedings{Babel,
	address = {London},
	author = {Stefan Müller},
	booktitle = {Proceedings of the {Fourth International Conference on the Practical Application of Prolog}},
	checked = {stmue 2021},
	date-added = {2022-08-08 19:17:24 +0200},
	date-modified = {2022-08-08 19:17:24 +0200},
	editor = {Peter Reintjes},
	opturl = {https://hpsg.hu-berlin.de/~stefan/Pub/babel.html},
	opturldate = today,
	pages = {263--277},
	publisher = {Practical Application Company},
	title = {The {Babel-System}: {An} {HPSG} Fragment for {German}, a Parser, and a Dialogue Component},
	year = {1996}}

@inproceedings{AS2015a,
	author = {Arnold, Doug and Spencer, Andrew},
	checked = {stmue 2021},
	crossref = {Mueller2015a-ed},
	date-added = {2022-08-08 19:17:01 +0200},
	date-modified = {2022-08-08 19:17:01 +0200},
	doi = {10.21248/hpsg.2015.3},
	ids = {ArnoldSpencer2015},
	pages = {41--60},
	title = {A Constructional Analysis for the Skeptical},
	bdsk-url-1 = {https://doi.org/10.21248/hpsg.2015.3}}

@article{Wunderlich87d,
	abstract = {Haider88a:45 unäre Projektion für Nominalisierung, kopiert},
	author = {Dieter Wunderlich},
	checked = {stmue 2021},
	date-added = {2022-08-08 18:35:37 +0200},
	date-modified = {2022-08-08 18:35:37 +0200},
	journal = {Studium Linguistik},
	number = {none},
	pages = {36--44},
	title = {{Vermeide Pronomen -- Vermeide leere Kategorien}},
	volume = {21},
	year = {1987}}

@article{Wunderlich87c,
	author = {Dieter Wunderlich},
	checked = {stmue 2021},
	date-added = {2022-08-08 18:34:13 +0200},
	date-modified = {2022-08-08 18:34:35 +0200},
	doi = {10.1515/ling.1987.25.2.283},
	ids = {Wunderlich1987},
	journal = {Linguistics},
	number = {2},
	pages = {283--331},
	title = {An Investigation of Lexical Composition: {The} Case of {German} \emph{be}-Verbs},
	volume = {25},
	year = {1987},
	bdsk-url-1 = {https://doi.org/10.1515/ling.1987.25.2.283}}

@article{vanLangendonck94a,
	author = {Van Langendonck, Willy},
	checked = {stmue 2021},
	date-added = {2022-08-08 18:32:18 +0200},
	date-modified = {2022-08-08 18:32:18 +0200},
	doi = {10.1515/cogl.1994.5.3.243},
	journal = {Cognitive Linguistics},
	number = {3},
	pages = {243--259},
	title = {Determiners as Heads?},
	volume = {5},
	year = {1994},
	bdsk-url-1 = {https://doi.org/10.1515/cogl.1994.5.3.243}}

@article{VanEynde2020b,
	author = {Van Eynde, Frank},
	checked = {stmue 2021},
	date-added = {2022-08-08 18:17:56 +0200},
	date-modified = {2022-08-08 18:17:56 +0200},
	doi = {10.5334/gjgl.1119},
	ids = {VanEynde2020},
	journal = glossa,
	number = {1},
	pages = {65. 1--23},
	title = {Agreement, Disagreement and the {NP} vs.\ {DP} Debate},
	volume = 5,
	year = {2020},
	bdsk-url-1 = {https://doi.org/10.5334/gjgl.1119}}

@book{Spencer91a-u,
	abstract = {Anke $\to$ im letzten Kapitel sagt er was zu syntax/morph interface},
	address = {Oxford},
	author = {Spencer, Andrew},
	checked = {stmue 2021},
	date-added = {2022-08-08 18:15:00 +0200},
	date-modified = {2022-08-09 07:04:44 +0200},
	ids = {Spencer1991},
	number = {none},
	publisher = blackwell,
	series = {Blackwell Textbooks in Linguistics},
	title = {Morphological Theory: {An} Introduction to Word Structure in {Generative Grammar}},
	year = {1991},
	bdsk-file-1 = {YnBsaXN0MDDSAQIDBFxyZWxhdGl2ZVBhdGhZYWxpYXNEYXRhXxB9Li4vLi4vLi4vRS1Cb29rcy9MaW5ndWlzdGljcy9TL1NwZW5jZXIvMTk5MS1Nb3JwaG9sb2dpY2FsIFRoZW9yeV8gQW4gSW50cm9kdWN0aW9uIHRvIFdvcmQgU3RydWN0dXJlIGluIEdlbmVyYXRpdmUgR3JhbW1hci5wZGZPEQKkAAAAAAKkAAIAAAxNYWNpbnRvc2ggSEQAAAAAAAAAAAAAAAAAAAAAAAAAQkQAAf////8fMTk5MS1Nb3JwaG9sb2dpY2FsI0ZGRkZGRkZGLnBkZgAAAAAAAAAAAAAAAAAAAAAAAAAAAAAAAAAAAAAAAAAA/////wAAAABQREYgAAAAAAADAAUAAAogY3UAAAAAAAAAAAAAAAAAB1NwZW5jZXIAAAIAjS86VXNlcnM6c3RlZmFuOkRvY3VtZW50czpFLUJvb2tzOkxpbmd1aXN0aWNzOlM6U3BlbmNlcjoxOTkxLU1vcnBob2xvZ2ljYWwgVGhlb3J5XyBBbiBJbnRyb2R1Y3Rpb24gdG8gV29yZCBTdHJ1Y3R1cmUgaW4gR2VuZXJhdGl2ZSBHcmFtbWFyLnBkZgAADgCuAFYAMQA5ADkAMQAtAE0AbwByAHAAaABvAGwAbwBnAGkAYwBhAGwAIABUAGgAZQBvAHIAeQBfACAAQQBuACAASQBuAHQAcgBvAGQAdQBjAHQAaQBvAG4AIAB0AG8AIABXAG8AcgBkACAAUwB0AHIAdQBjAHQAdQByAGUAIABpAG4AIABHAGUAbgBlAHIAYQB0AGkAdgBlACAARwByAGEAbQBtAGEAcgAuAHAAZABmAA8AGgAMAE0AYQBjAGkAbgB0AG8AcwBoACAASABEABIAi1VzZXJzL3N0ZWZhbi9Eb2N1bWVudHMvRS1Cb29rcy9MaW5ndWlzdGljcy9TL1NwZW5jZXIvMTk5MS1Nb3JwaG9sb2dpY2FsIFRoZW9yeV8gQW4gSW50cm9kdWN0aW9uIHRvIFdvcmQgU3RydWN0dXJlIGluIEdlbmVyYXRpdmUgR3JhbW1hci5wZGYAABMAAS8AABUAAgAN//8AAAAIAA0AGgAkAKQAAAAAAAACAQAAAAAAAAAFAAAAAAAAAAAAAAAAAAADTA==}}

@book{SC2001a,
	address = {Tübingen},
	author = {Monika Schwarz and Jeannette Chur},
	checked = {stmue 2021},
	date-added = {2022-08-08 18:05:05 +0200},
	date-modified = {2022-08-09 11:40:52 +0200},
	edition = {3},
	ids = {SchwarzChur2001},
	number = {none},
	publisher = {Gunter Narr Verlag},
	series = {Narr Studienbücher},
	title = {{Semantik: Ein Arbeitsbuch}},
	year = {2001}}

@article{Reis83-u,
	author = {Marga Reis},
	checked = {stmue 2021},
	date-added = {2022-08-08 17:59:27 +0200},
	date-modified = {2022-08-08 17:59:57 +0200},
	doi = {10.1515/ZFSW.1983.2.1.110},
	ids = {Reis1983},
	journal = {Zeitschrift für Sprachwissenschaft},
	number = {1},
	pages = {110--131},
	title = {{Gegen die Kompositionstheorie der Affigierung}},
	volume = {2},
	year = {1983},
	bdsk-file-1 = {YnBsaXN0MDDSAQIDBFxyZWxhdGl2ZVBhdGhZYWxpYXNEYXRhXxBmLi4vLi4vLi4vV2ViLVBhcGVycy9SL1JhL1JlaXMvMTk4My1HZWdlbi1kaWUtS29tcG9zaXRpb25zdGhlb3JpZS1kZXItQWZmaWdpZXJ1bmctemZzdy4xOTgzLjIuMS4xMTAucGRmTxECVAAAAAACVAACAAAMTWFjaW50b3NoIEhEAAAAAAAAAAAAAAAAAAAAAAAAAEJEAAH/////HzE5ODMtR2VnZW4tZGllLUtvbSNGRkZGRkZGRi5wZGYAAAAAAAAAAAAAAAAAAAAAAAAAAAAAAAAAAAAAAAAAAP////8AAAAAAAAAAAAAAAAAAwAFAAAKIGN1AAAAAAAAAAAAAAAAAARSZWlzAAIAdi86VXNlcnM6c3RlZmFuOkRvY3VtZW50czpXZWItUGFwZXJzOlI6UmE6UmVpczoxOTgzLUdlZ2VuLWRpZS1Lb21wb3NpdGlvbnN0aGVvcmllLWRlci1BZmZpZ2llcnVuZy16ZnN3LjE5ODMuMi4xLjExMC5wZGYADgCSAEgAMQA5ADgAMwAtAEcAZQBnAGUAbgAtAGQAaQBlAC0ASwBvAG0AcABvAHMAaQB0AGkAbwBuAHMAdABoAGUAbwByAGkAZQAtAGQAZQByAC0AQQBmAGYAaQBnAGkAZQByAHUAbgBnAC0AegBmAHMAdwAuADEAOQA4ADMALgAyAC4AMQAuADEAMQAwAC4AcABkAGYADwAaAAwATQBhAGMAaQBuAHQAbwBzAGgAIABIAEQAEgB0VXNlcnMvc3RlZmFuL0RvY3VtZW50cy9XZWItUGFwZXJzL1IvUmEvUmVpcy8xOTgzLUdlZ2VuLWRpZS1Lb21wb3NpdGlvbnN0aGVvcmllLWRlci1BZmZpZ2llcnVuZy16ZnN3LjE5ODMuMi4xLjExMC5wZGYAEwABLwAAFQACAA3//wAAAAgADQAaACQAjQAAAAAAAAIBAAAAAAAAAAUAAAAAAAAAAAAAAAAAAALl},
	bdsk-url-1 = {https://doi.org/10.1515/ZFSW.1983.2.1.110}}

@book{Radford2004a-u,
	address = cambridgeuk,
	author = {Andrew Radford},
	booktitle = {English Syntax: {An} Introduction},
	checked = {stmue 2021},
	date-added = {2022-08-08 17:56:18 +0200},
	date-modified = {2022-08-08 17:56:18 +0200},
	publisher = cup,
	series = {none},
	title = {English Syntax: {An} Introduction},
	year = {2004},
	bdsk-file-1 = {YnBsaXN0MDDSAQIDBFxyZWxhdGl2ZVBhdGhZYWxpYXNEYXRhXxBOLi4vLi4vLi4vRS1Cb29rcy9MaW5ndWlzdGljcy9SL1JhZGZvcmQvMjAwNC1FbmdsaXNoIFN5bnRheCBBbiBJbnRyb2R1Y3Rpb24ucGRmTxEB5gAAAAAB5gACAAAMTWFjaW50b3NoIEhEAAAAAAAAAAAAAAAAAAAAAAAAAEJEAAH/////HzIwMDQtRW5nbGlzaCBTeW50YSNGRkZGRkZGRi5wZGYAAAAAAAAAAAAAAAAAAAAAAAAAAAAAAAAAAAAAAAAAAP////8AAAAAUERGIAAAAAAAAwAFAAAKIGN1AAAAAAAAAAAAAAAAAAdSYWRmb3JkAAACAF4vOlVzZXJzOnN0ZWZhbjpEb2N1bWVudHM6RS1Cb29rczpMaW5ndWlzdGljczpSOlJhZGZvcmQ6MjAwNC1FbmdsaXNoIFN5bnRheCBBbiBJbnRyb2R1Y3Rpb24ucGRmAA4AUAAnADIAMAAwADQALQBFAG4AZwBsAGkAcwBoACAAUwB5AG4AdABhAHgAIABBAG4AIABJAG4AdAByAG8AZAB1AGMAdABpAG8AbgAuAHAAZABmAA8AGgAMAE0AYQBjAGkAbgB0AG8AcwBoACAASABEABIAXFVzZXJzL3N0ZWZhbi9Eb2N1bWVudHMvRS1Cb29rcy9MaW5ndWlzdGljcy9SL1JhZGZvcmQvMjAwNC1FbmdsaXNoIFN5bnRheCBBbiBJbnRyb2R1Y3Rpb24ucGRmABMAAS8AABUAAgAN//8AAAAIAA0AGgAkAHUAAAAAAAACAQAAAAAAAAAFAAAAAAAAAAAAAAAAAAACXw==}}

@article{Newmeyer2004b,
	abstract = {Untersucht die Sichtweise, dass Parameter die funktionalen Köpfe sind, und kommt zu dem Schluss, dass ijre Wirkung viel geringer ist, denn es können nicht mehr Grammatiken sondern nur noch Lexikonelemente unterschieden werden.

Allerdings: Wenn bestimmte LE in allen Grammatiken vorhanden sind, kann man doch wieder Grammatiken unterscheiden.

},
	author = {Newmeyer, Frederick J.},
	checked = {stmue 2021},
	date-added = {2022-08-08 17:54:03 +0200},
	date-modified = {2022-08-08 17:54:03 +0200},
	doi = {10.1075/livy.4.06new},
	journal = {Linguistic Variation Yearbook},
	number = {none},
	pages = {181--234},
	title = {Against a Parameter-Setting Approach to Typological Variation},
	volume = {4},
	year = {2004},
	bdsk-file-1 = {YnBsaXN0MDDSAQIDBFxyZWxhdGl2ZVBhdGhZYWxpYXNEYXRhXxBlLi4vLi4vLi4vV2ViLVBhcGVycy9OL05ld21leWVyLzIwMDQtQWdhaW5zdC1hLXBhcmFtZXRlci1zZXR0aW5nLWFwcHJvYWNoLXRvLXR5cG9sb2dpY2FsLXZhcmlhdGlvbi5wZGZPEQJUAAAAAAJUAAIAAAxNYWNpbnRvc2ggSEQAAAAAAAAAAAAAAAAAAAAAAAAAQkQAAf////8fMjAwNC1BZ2FpbnN0LWEtcGFyI0ZGRkZGRkZGLnBkZgAAAAAAAAAAAAAAAAAAAAAAAAAAAAAAAAAAAAAAAAAA/////wAAAAAAAAAAAAAAAAADAAQAAAogY3UAAAAAAAAAAAAAAAAACE5ld21leWVyAAIAdS86VXNlcnM6c3RlZmFuOkRvY3VtZW50czpXZWItUGFwZXJzOk46TmV3bWV5ZXI6MjAwNC1BZ2FpbnN0LWEtcGFyYW1ldGVyLXNldHRpbmctYXBwcm9hY2gtdG8tdHlwb2xvZ2ljYWwtdmFyaWF0aW9uLnBkZgAADgCOAEYAMgAwADAANAAtAEEAZwBhAGkAbgBzAHQALQBhAC0AcABhAHIAYQBtAGUAdABlAHIALQBzAGUAdAB0AGkAbgBnAC0AYQBwAHAAcgBvAGEAYwBoAC0AdABvAC0AdAB5AHAAbwBsAG8AZwBpAGMAYQBsAC0AdgBhAHIAaQBhAHQAaQBvAG4ALgBwAGQAZgAPABoADABNAGEAYwBpAG4AdABvAHMAaAAgAEgARAASAHNVc2Vycy9zdGVmYW4vRG9jdW1lbnRzL1dlYi1QYXBlcnMvTi9OZXdtZXllci8yMDA0LUFnYWluc3QtYS1wYXJhbWV0ZXItc2V0dGluZy1hcHByb2FjaC10by10eXBvbG9naWNhbC12YXJpYXRpb24ucGRmAAATAAEvAAAVAAIADf//AAAACAANABoAJACMAAAAAAAAAgEAAAAAAAAABQAAAAAAAAAAAAAAAAAAAuQ=},
	bdsk-url-1 = {https://doi.org/10.1075/livy.4.06new}}

@article{Olsen87b-u,
	author = {Susan Olsen},
	checked = {stmue 2021},
	date-added = {2022-08-08 14:49:25 +0200},
	date-modified = {2022-08-08 14:49:25 +0200},
	journal = {Studium Linguistik},
	number = {none},
	pages = {1--35},
	title = {{Zum sogenannten substantivierten Adjektiv im Deutschen: Deutsch als eine pro-drop Sprache}},
	volume = {21},
	year = {1987},
	bdsk-file-1 = {YnBsaXN0MDDSAQIDBFxyZWxhdGl2ZVBhdGhZYWxpYXNEYXRhXxBxLi4vLi4vLi4vV2ViLVBhcGVycy9PL09sc2VuLzE5ODctWnVtLXN1YnN0YW50aXZpZXJ0ZW4tQWRqZWt0aXYtaW0tRGV1dHNjaGVuLURldXRzY2gtYWxzLWVpbmUtcHJvLURyb3AtU3ByYWNoZS5wZGZPEQKIAAAAAAKIAAIAAAxNYWNpbnRvc2ggSEQAAAAAAAAAAAAAAAAAAAAAAAAAQkQAAf////8fMTk4Ny1adW0tc3Vic3RhbnRpI0ZGRkZGRkZGLnBkZgAAAAAAAAAAAAAAAAAAAAAAAAAAAAAAAAAAAAAAAAAA/////wAAAAAAAAAAAAAAAAADAAQAAAogY3UAAAAAAAAAAAAAAAAABU9sc2VuAAACAIEvOlVzZXJzOnN0ZWZhbjpEb2N1bWVudHM6V2ViLVBhcGVyczpPOk9sc2VuOjE5ODctWnVtLXN1YnN0YW50aXZpZXJ0ZW4tQWRqZWt0aXYtaW0tRGV1dHNjaGVuLURldXRzY2gtYWxzLWVpbmUtcHJvLURyb3AtU3ByYWNoZS5wZGYAAA4ArABVADEAOQA4ADcALQBaAHUAbQAtAHMAdQBiAHMAdABhAG4AdABpAHYAaQBlAHIAdABlAG4ALQBBAGQAagBlAGsAdABpAHYALQBpAG0ALQBEAGUAdQB0AHMAYwBoAGUAbgAtAEQAZQB1AHQAcwBjAGgALQBhAGwAcwAtAGUAaQBuAGUALQBwAHIAbwAtAEQAcgBvAHAALQBTAHAAcgBhAGMAaABlAC4AcABkAGYADwAaAAwATQBhAGMAaQBuAHQAbwBzAGgAIABIAEQAEgB/VXNlcnMvc3RlZmFuL0RvY3VtZW50cy9XZWItUGFwZXJzL08vT2xzZW4vMTk4Ny1adW0tc3Vic3RhbnRpdmllcnRlbi1BZGpla3Rpdi1pbS1EZXV0c2NoZW4tRGV1dHNjaC1hbHMtZWluZS1wcm8tRHJvcC1TcHJhY2hlLnBkZgAAEwABLwAAFQACAA3//wAAAAgADQAaACQAmAAAAAAAAAIBAAAAAAAAAAUAAAAAAAAAAAAAAAAAAAMk}}

@article{Muysken82a,
	annote = {checkednumber = {nicht auffindbar}},
	author = {Pieter Muysken},
	checked = {stmue 2021},
	date-added = {2022-08-08 14:45:24 +0200},
	date-modified = {2022-08-08 14:45:24 +0200},
	journal = {Journal of Linguistic Research},
	number = {none},
	pages = {57--75},
	title = {Parametrizing the Notion of ``Head''},
	volume = {2},
	year = {1982},
	bdsk-file-1 = {YnBsaXN0MDDSAQIDBFxyZWxhdGl2ZVBhdGhZYWxpYXNEYXRhXxBKLi4vLi4vLi4vV2ViLVBhcGVycy9NL01tL011eXNrZW4vcGFyYW1ldHJpemluZy10aGUtbm90aW9uLWhlYWQtbXV5c2tlbi5wZGZPEQHiAAAAAAHiAAIAAAxNYWNpbnRvc2ggSEQAAAAAAAAAAAAAAAAAAAAAAAAAQkQAAf////8fcGFyYW1ldHJpemluZy10aGUtI0ZGRkZGRkZGLnBkZgAAAAAAAAAAAAAAAAAAAAAAAAAAAAAAAAAAAAAAAAAA/////wAAAAAAAAAAAAAAAAADAAUAAAogY3UAAAAAAAAAAAAAAAAAB011eXNrZW4AAAIAWi86VXNlcnM6c3RlZmFuOkRvY3VtZW50czpXZWItUGFwZXJzOk06TW06TXV5c2tlbjpwYXJhbWV0cml6aW5nLXRoZS1ub3Rpb24taGVhZC1tdXlza2VuLnBkZgAOAFQAKQBwAGEAcgBhAG0AZQB0AHIAaQB6AGkAbgBnAC0AdABoAGUALQBuAG8AdABpAG8AbgAtAGgAZQBhAGQALQBtAHUAeQBzAGsAZQBuAC4AcABkAGYADwAaAAwATQBhAGMAaQBuAHQAbwBzAGgAIABIAEQAEgBYVXNlcnMvc3RlZmFuL0RvY3VtZW50cy9XZWItUGFwZXJzL00vTW0vTXV5c2tlbi9wYXJhbWV0cml6aW5nLXRoZS1ub3Rpb24taGVhZC1tdXlza2VuLnBkZgATAAEvAAAVAAIADf//AAAACAANABoAJABxAAAAAAAAAgEAAAAAAAAABQAAAAAAAAAAAAAAAAAAAlc=}}

@incollection{MuellerOrder,
	author = {Stefan Müller},
	checked = {stmue 2021},
	crossref = {HPSGHandbook},
	date-added = {2022-08-08 14:40:15 +0200},
	date-modified = {2022-08-08 14:40:15 +0200},
	doi = {10.5281/zenodo.5599836},
	pages = {369--417},
	title = {Constituent Order},
	bdsk-url-1 = {https://doi.org/10.5281/zenodo.5599836}}

@incollection{MuellerCxG,
	author = {Stefan Müller},
	checked = {stmue 2021},
	crossref = {HPSGHandbook},
	date-added = {2022-08-08 14:39:42 +0200},
	date-modified = {2022-08-08 14:39:42 +0200},
	doi = {10.5281/zenodo.5599882},
	pages = {1497--1553},
	title = {{HPSG and Construction Grammar}},
	bdsk-url-1 = {https://doi.org/10.5281/zenodo.5599882}}

@book{yearbook95,
	address = DordrechtProvidence,
	booktitle = {Yearbook of Morphology 1995},
	checked = {stmue 2021},
	date-added = {2022-08-08 14:38:01 +0200},
	date-modified = {2022-08-08 14:38:01 +0200},
	editor = {Geert Booij and Jaap van Marle},
	publisher = foris,
	series = {none},
	title = {Yearbook of Morphology 1995},
	volume = {8},
	year = {1996}}

@book{Lieber92a-u,
	abstract = {McIntyre2000a:23 morphology can be subsumed under syntax, 45: phrasal compoundssind morphologisch, Lüdeling2001a:67 gegen das no-phrase-constraint},
	address = Chicago,
	author = {Rochelle Lieber},
	checked = {stmue 2021},
	date-added = {2022-08-08 14:17:24 +0200},
	date-modified = {2022-08-08 14:18:01 +0200},
	ids = {Lieber1992},
	publisher = ucp,
	series = {none},
	title = {Deconstructing Morphology: {Word} Formation in Syntactic Theory},
	year = {1992}}

@article{Jacobs2008a,
	author = {Jacobs, Joachim},
	checked = {stmue 2021},
	date-added = {2022-08-08 14:12:24 +0200},
	date-modified = {2022-08-08 14:12:24 +0200},
	journal = {Linguistische Berichte},
	number = {none},
	pages = {3--44},
	title = {{Wozu Konstruktionen?}},
	volume = {213},
	year = {2008},
	bdsk-file-1 = {YnBsaXN0MDDSAQIDBFxyZWxhdGl2ZVBhdGhZYWxpYXNEYXRhXxA5Li4vLi4vLi4vV2ViLVBhcGVycy9KL0phY29icy8yMDA4LVdvenUtS29uc3RydWt0aW9uZW4ucGRmTxEBpgAAAAABpgACAAAMTWFjaW50b3NoIEhEAAAAAAAAAAAAAAAAAAAAAAAAAEJEAAH/////HDIwMDgtV296dS1Lb25zdHJ1a3Rpb25lbi5wZGYAAAAAAAAAAAAAAAAAAAAAAAAAAAAAAAAAAAAAAAAAAAAAAP////8AAAAAAAAAAAAAAAAAAwAEAAAKIGN1AAAAAAAAAAAAAAAAAAZKYWNvYnMAAgBJLzpVc2VyczpzdGVmYW46RG9jdW1lbnRzOldlYi1QYXBlcnM6SjpKYWNvYnM6MjAwOC1Xb3p1LUtvbnN0cnVrdGlvbmVuLnBkZgAADgA6ABwAMgAwADAAOAAtAFcAbwB6AHUALQBLAG8AbgBzAHQAcgB1AGsAdABpAG8AbgBlAG4ALgBwAGQAZgAPABoADABNAGEAYwBpAG4AdABvAHMAaAAgAEgARAASAEdVc2Vycy9zdGVmYW4vRG9jdW1lbnRzL1dlYi1QYXBlcnMvSi9KYWNvYnMvMjAwOC1Xb3p1LUtvbnN0cnVrdGlvbmVuLnBkZgAAEwABLwAAFQACAA3//wAAAAgADQAaACQAYAAAAAAAAAIBAAAAAAAAAAUAAAAAAAAAAAAAAAAAAAIK}}

@article{Hoekstra88a,
	abstract = {zitiert in SW92, Kaufmann95a:141, Goldberg95a:238 stripping Rule,
	die Verbintransitiv macht},
	author = {Teun Hoekstra},
	checked = {stmue 2021},
	date-added = {2022-08-08 14:11:31 +0200},
	date-modified = {2022-08-08 14:22:17 +0200},
	doi = {10.1016/0024-3841(88)90056-3},
	ids = {Hoekstra1988},
	journal = {Lingua},
	number = {2--3},
	pages = {101--139},
	title = {Small Clause Results},
	volume = {74},
	year = {1988},
	bdsk-url-1 = {https://doi.org/10.1016/0024-3841(88)90056-3}}

@incollection{Hellan86a,
	abstract = {Erfinder der DP},
	author = {Lars Hellan},
	checked = {stmue 2021},
	crossref = {MR86a-ed},
	date-added = {2022-08-08 14:07:40 +0200},
	date-modified = {2022-08-08 14:07:40 +0200},
	doi = {10.1515/9783110871661-005},
	pages = {89--122},
	title = {The Headedness of {NPs} in {Norwegian}},
	bdsk-file-1 = {YnBsaXN0MDDSAQIDBFxyZWxhdGl2ZVBhdGhZYWxpYXNEYXRhXxBSLi4vLi4vLi4vV2ViLVBhcGVycy9IL0hhL0hlbGxhbi8xOTg2LXRoZS1oZWFkZWRuZXNzLW9mLW5wcy1pbi1ub3J3ZWdpYW4taGVsbGFuLnBkZk8RAgIAAAAAAgIAAgAADE1hY2ludG9zaCBIRAAAAAAAAAAAAAAAAAAAAAAAAABCRAAB/////x8xOTg2LXRoZS1oZWFkZWRuZXMjRkZGRkZGRkYucGRmAAAAAAAAAAAAAAAAAAAAAAAAAAAAAAAAAAAAAAAAAAD/////AAAAAAAAAAAAAAAAAAMABQAACiBjdQAAAAAAAAAAAAAAAAAGSGVsbGFuAAIAYi86VXNlcnM6c3RlZmFuOkRvY3VtZW50czpXZWItUGFwZXJzOkg6SGE6SGVsbGFuOjE5ODYtdGhlLWhlYWRlZG5lc3Mtb2YtbnBzLWluLW5vcndlZ2lhbi1oZWxsYW4ucGRmAA4AZgAyADEAOQA4ADYALQB0AGgAZQAtAGgAZQBhAGQAZQBkAG4AZQBzAHMALQBvAGYALQBuAHAAcwAtAGkAbgAtAG4AbwByAHcAZQBnAGkAYQBuAC0AaABlAGwAbABhAG4ALgBwAGQAZgAPABoADABNAGEAYwBpAG4AdABvAHMAaAAgAEgARAASAGBVc2Vycy9zdGVmYW4vRG9jdW1lbnRzL1dlYi1QYXBlcnMvSC9IYS9IZWxsYW4vMTk4Ni10aGUtaGVhZGVkbmVzcy1vZi1ucHMtaW4tbm9yd2VnaWFuLWhlbGxhbi5wZGYAEwABLwAAFQACAA3//wAAAAgADQAaACQAeQAAAAAAAAIBAAAAAAAAAAUAAAAAAAAAAAAAAAAAAAJ/},
	bdsk-url-1 = {https://doi.org/10.1515/9783110871661-005}}

@book{FB95a,
	address = {Tübingen},
	author = {Wolfgang Fleischer and Irmhild Barz},
	checked = {stmue 2021},
	date-added = {2022-08-08 14:04:50 +0200},
	date-modified = {2022-08-08 14:21:14 +0200},
	edition = {2},
	ids = {FleischerBarz1995},
	optisbn = {3484106824},
	optpages = {382},
	price = {39,80 DM},
	publisher = Niemeyer,
	series = {none},
	title = {{Wortbildung der deutschen Gegenwartssprache}},
	year = {1995}}

@article{Hoehle82b,
	author = {Tilman N. Höhle},
	checked = {stmue 2021},
	date-added = {2022-08-08 13:29:48 +0200},
	date-modified = {2022-08-08 14:22:00 +0200},
	doi = {10.1515/zfsw.1982.1.1.76},
	ids = {Hoehle1982},
	journal = {Zeitschrift für Sprachwissenschaft},
	number = {1},
	pages = {76--112},
	title = {{Über Komposition und Derivation: Zur Konstituentenstruktur von Wortbildungsprodukten im Deutschen}},
	volume = {1},
	year = {1982},
	bdsk-file-1 = {YnBsaXN0MDDSAQIDBFxyZWxhdGl2ZVBhdGhZYWxpYXNEYXRhXxBYLi4vLi4vLi4vV2ViLVBhcGVycy9IL0htL0hvZWhsZS9UaWxtYW4vMTk4Mi11ZWJlci1rb21wb3NpdGlvbi11bmQtZGVyaXZhdGlvbi10aG9laGxlLnBkZk8RAgwAAAAAAgwAAgAADE1hY2ludG9zaCBIRAAAAAAAAAAAAAAAAAAAAAAAAABCRAAB/////x8xOTgyLXVlYmVyLWtvbXBvc2kjRkZGRkZGRkYucGRmAAAAAAAAAAAAAAAAAAAAAAAAAAAAAAAAAAAAAAAAAAD/////AAAAAAAAAAAAAAAAAAMABgAACiBjdQAAAAAAAAAAAAAAAAAGVGlsbWFuAAIAaC86VXNlcnM6c3RlZmFuOkRvY3VtZW50czpXZWItUGFwZXJzOkg6SG06SG9laGxlOlRpbG1hbjoxOTgyLXVlYmVyLWtvbXBvc2l0aW9uLXVuZC1kZXJpdmF0aW9uLXRob2VobGUucGRmAA4AZAAxADEAOQA4ADIALQB1AGUAYgBlAHIALQBrAG8AbQBwAG8AcwBpAHQAaQBvAG4ALQB1AG4AZAAtAGQAZQByAGkAdgBhAHQAaQBvAG4ALQB0AGgAbwBlAGgAbABlAC4AcABkAGYADwAaAAwATQBhAGMAaQBuAHQAbwBzAGgAIABIAEQAEgBmVXNlcnMvc3RlZmFuL0RvY3VtZW50cy9XZWItUGFwZXJzL0gvSG0vSG9laGxlL1RpbG1hbi8xOTgyLXVlYmVyLWtvbXBvc2l0aW9uLXVuZC1kZXJpdmF0aW9uLXRob2VobGUucGRmABMAAS8AABUAAgAN//8AAAAIAA0AGgAkAH8AAAAAAAACAQAAAAAAAAAFAAAAAAAAAAAAAAAAAAACjw==},
	bdsk-url-1 = {https://doi.org/10.1515/zfsw.1982.1.1.76}}

@article{Harris46a-u,
	author = {Zellig S. Harris},
	checked = {stmue 2021},
	date-added = {2022-08-08 13:25:13 +0200},
	date-modified = {2022-08-08 14:21:34 +0200},
	doi = {10.2307/410205},
	ids = {Harris1946},
	journal = {Language},
	number = {3},
	pages = {161--183},
	title = {From Morpheme to Utterance},
	volume = {22},
	year = {1946},
	bdsk-file-1 = {YnBsaXN0MDDSAQIDBFxyZWxhdGl2ZVBhdGhZYWxpYXNEYXRhXxBDLi4vLi4vLi4vV2ViLVBhcGVycy9IL0hhL0hhcnJpcy8xOTQ2LUZyb20gbW9ycGhlbWUgdG8gdXR0ZXJhbmNlLnBkZk8RAcgAAAAAAcgAAgAADE1hY2ludG9zaCBIRAAAAAAAAAAAAAAAAAAAAAAAAABCRAAB/////x8xOTQ2LUZyb20gbW9ycGhlbWUjRkZGRkZGRkYucGRmAAAAAAAAAAAAAAAAAAAAAAAAAAAAAAAAAAAAAAAAAAD/////AAAAAAAAAAAAAAAAAAMABQAACiBjdQAAAAAAAAAAAAAAAAAGSGFycmlzAAIAUy86VXNlcnM6c3RlZmFuOkRvY3VtZW50czpXZWItUGFwZXJzOkg6SGE6SGFycmlzOjE5NDYtRnJvbSBtb3JwaGVtZSB0byB1dHRlcmFuY2UucGRmAAAOAEgAIwAxADkANAA2AC0ARgByAG8AbQAgAG0AbwByAHAAaABlAG0AZQAgAHQAbwAgAHUAdAB0AGUAcgBhAG4AYwBlAC4AcABkAGYADwAaAAwATQBhAGMAaQBuAHQAbwBzAGgAIABIAEQAEgBRVXNlcnMvc3RlZmFuL0RvY3VtZW50cy9XZWItUGFwZXJzL0gvSGEvSGFycmlzLzE5NDYtRnJvbSBtb3JwaGVtZSB0byB1dHRlcmFuY2UucGRmAAATAAEvAAAVAAIADf//AAAACAANABoAJABqAAAAAAAAAgEAAAAAAAAABQAAAAAAAAAAAAAAAAAAAjY=},
	bdsk-url-1 = {https://doi.org/10.2307/410205}}

@incollection{Fillmore2013a-u,
	author = {Charles J. Fillmore},
	crossref = {HandbookCxG},
	date-added = {2022-08-08 13:24:40 +0200},
	date-modified = {2022-08-08 13:24:40 +0200},
	doi = {10.1093/oxfordhb/9780195396683.013.0007},
	pages = {110--132},
	title = {{Berkeley Construction Grammar}},
	bdsk-file-1 = {YnBsaXN0MDDSAQIDBFxyZWxhdGl2ZVBhdGhZYWxpYXNEYXRhXxBRLi4vLi4vLi4vV2ViLVBhcGVycy9GL0ZhL0ZpbGxtb3JlLzIwMTMtYmVya2VsZXktY29uc3RydWN0aW9uLWdyYW1tYXItZmlsbG1vcmUucGRmTxEB/gAAAAAB/gACAAAMTWFjaW50b3NoIEhEAAAAAAAAAAAAAAAAAAAAAAAAAEJEAAH/////HzIwMTMtYmVya2VsZXktY29ucyNGRkZGRkZGRi5wZGYAAAAAAAAAAAAAAAAAAAAAAAAAAAAAAAAAAAAAAAAAAP////8AAAAAUERGIAAAAAAAAwAFAAAKIGN1AAAAAAAAAAAAAAAAAAhGaWxsbW9yZQACAGEvOlVzZXJzOnN0ZWZhbjpEb2N1bWVudHM6V2ViLVBhcGVyczpGOkZhOkZpbGxtb3JlOjIwMTMtYmVya2VsZXktY29uc3RydWN0aW9uLWdyYW1tYXItZmlsbG1vcmUucGRmAAAOAGAALwAyADAAMQAzAC0AYgBlAHIAawBlAGwAZQB5AC0AYwBvAG4AcwB0AHIAdQBjAHQAaQBvAG4ALQBnAHIAYQBtAG0AYQByAC0AZgBpAGwAbABtAG8AcgBlAC4AcABkAGYADwAaAAwATQBhAGMAaQBuAHQAbwBzAGgAIABIAEQAEgBfVXNlcnMvc3RlZmFuL0RvY3VtZW50cy9XZWItUGFwZXJzL0YvRmEvRmlsbG1vcmUvMjAxMy1iZXJrZWxleS1jb25zdHJ1Y3Rpb24tZ3JhbW1hci1maWxsbW9yZS5wZGYAABMAAS8AABUAAgAN//8AAAAIAA0AGgAkAHgAAAAAAAACAQAAAAAAAAAFAAAAAAAAAAAAAAAAAAACeg==}}

@inproceedings{Bruening2009a,
	address = {Philadelphia, PA},
	author = {Bruening, Benjamin},
	booktitle = {Proceedings of the {32th Annual Penn Linguistics Colloquium}},
	checked = {stmue 2021},
	date-added = {2022-08-08 13:17:37 +0200},
	date-modified = {2022-08-08 14:20:29 +0200},
	editor = {MacKenzie, Laurel},
	ids = {Bruening:2009:DP},
	number = {15.1},
	pages = {26--35},
	publisher = {University of Pennsylvania},
	series = {Penn Working Papers in Linguistics},
	title = {Selectional Asymmetries between {CP} and {DP} Suggest that the {DP} Hypothesis is Wrong},
	year = {2009},
	bdsk-file-1 = {YnBsaXN0MDDSAQIDBFxyZWxhdGl2ZVBhdGhZYWxpYXNEYXRhXxBULi4vLi4vLi4vV2ViLVBhcGVycy9CL0JtL0JydWVuaW5nLzIwMDktU2VsZWN0aW9uYWwtQXN5bW1ldHJpZXMtYmV0d2Vlbi1DUC1hbmQtRFAucGRmTxECCAAAAAACCAACAAAMTWFjaW50b3NoIEhEAAAAAAAAAAAAAAAAAAAAAAAAAEJEAAH/////HzIwMDktU2VsZWN0aW9uYWwtQSNGRkZGRkZGRi5wZGYAAAAAAAAAAAAAAAAAAAAAAAAAAAAAAAAAAAAAAAAAAP////8AAAAAAAAAAAAAAAAAAwAFAAAKIGN1AAAAAAAAAAAAAAAAAAhCcnVlbmluZwACAGQvOlVzZXJzOnN0ZWZhbjpEb2N1bWVudHM6V2ViLVBhcGVyczpCOkJtOkJydWVuaW5nOjIwMDktU2VsZWN0aW9uYWwtQXN5bW1ldHJpZXMtYmV0d2Vlbi1DUC1hbmQtRFAucGRmAA4AZgAyADIAMAAwADkALQBTAGUAbABlAGMAdABpAG8AbgBhAGwALQBBAHMAeQBtAG0AZQB0AHIAaQBlAHMALQBiAGUAdAB3AGUAZQBuAC0AQwBQAC0AYQBuAGQALQBEAFAALgBwAGQAZgAPABoADABNAGEAYwBpAG4AdABvAHMAaAAgAEgARAASAGJVc2Vycy9zdGVmYW4vRG9jdW1lbnRzL1dlYi1QYXBlcnMvQi9CbS9CcnVlbmluZy8yMDA5LVNlbGVjdGlvbmFsLUFzeW1tZXRyaWVzLWJldHdlZW4tQ1AtYW5kLURQLnBkZgATAAEvAAAVAAIADf//AAAACAANABoAJAB7AAAAAAAAAgEAAAAAAAAABQAAAAAAAAAAAAAAAAAAAoc=}}

@incollection{Olsen91b,
	annote = {zitiert in HOV95a:29, s kann keine Kasusendung sein, da es bei Feminina und im Plural auftritt, nicht Coli},
	author = {Susan Olsen},
	checked = {stmue 2021},
	crossref = {OF91a-ed},
	date-added = {2022-08-08 13:12:19 +0200},
	date-modified = {2022-08-08 14:20:53 +0200},
	doi = {10.1515/9783111353838.35},
	ids = {Olsen:1991:DP},
	pages = {35--56},
	title = {{Die deutsche Nominalphrase als "`Determinansphrase"'}},
	bdsk-file-1 = {YnBsaXN0MDDSAQIDBFxyZWxhdGl2ZVBhdGhZYWxpYXNEYXRhXxBVLi4vLi4vLi4vV2ViLVBhcGVycy9PL09sc2VuLzE5OTEtRGllIGRldXRzY2hlIE5vbWluYWxwaHJhc2UgYWxzIERldGVybWluYW5zcGhyYXNlLnBkZk8RAhgAAAAAAhgAAgAADE1hY2ludG9zaCBIRAAAAAAAAAAAAAAAAAAAAAAAAABCRAAB/////x8xOTkxLURpZSBkZXV0c2NoZSAjRkZGRkZGRkYucGRmAAAAAAAAAAAAAAAAAAAAAAAAAAAAAAAAAAAAAAAAAAD/////AAAAAAAAAAAAAAAAAAMABAAACiBjdQAAAAAAAAAAAAAAAAAFT2xzZW4AAAIAZS86VXNlcnM6c3RlZmFuOkRvY3VtZW50czpXZWItUGFwZXJzOk86T2xzZW46MTk5MS1EaWUgZGV1dHNjaGUgTm9taW5hbHBocmFzZSBhbHMgRGV0ZXJtaW5hbnNwaHJhc2UucGRmAAAOAHQAOQAxADkAOQAxAC0ARABpAGUAIABkAGUAdQB0AHMAYwBoAGUAIABOAG8AbQBpAG4AYQBsAHAAaAByAGEAcwBlACAAYQBsAHMAIABEAGUAdABlAHIAbQBpAG4AYQBuAHMAcABoAHIAYQBzAGUALgBwAGQAZgAPABoADABNAGEAYwBpAG4AdABvAHMAaAAgAEgARAASAGNVc2Vycy9zdGVmYW4vRG9jdW1lbnRzL1dlYi1QYXBlcnMvTy9PbHNlbi8xOTkxLURpZSBkZXV0c2NoZSBOb21pbmFscGhyYXNlIGFscyBEZXRlcm1pbmFuc3BocmFzZS5wZGYAABMAAS8AABUAAgAN//8AAAAIAA0AGgAkAHwAAAAAAAACAQAAAAAAAAAFAAAAAAAAAAAAAAAAAAACmA==},
	bdsk-url-1 = {https://doi.org/10.1515/9783111353838.35}}

@article{Borsley2013a-u,
	author = {Borsley, Robert D.},
	checked = {stmue 2021},
	date-added = {2022-08-08 12:49:44 +0200},
	date-modified = {2022-08-08 12:49:44 +0200},
	doi = {10.1016/j.lingua.2013.03.005},
	ids = {Borsley:13},
	issn = {0024-3841},
	journal = {Lingua},
	number = {none},
	pages = {1--29},
	title = {On the Nature of {Welsh} Unbounded Dependencies},
	volume = {133},
	year = {2013},
	bdsk-file-1 = {YnBsaXN0MDDSAQIDBFxyZWxhdGl2ZVBhdGhZYWxpYXNEYXRhXxBXLi4vLi4vLi4vV2ViLVBhcGVycy9CL0JtL0JvcnNsZXkvMjAxMy1PbiB0aGUgbmF0dXJlIG9mIFdlbHNoIHVuYm91bmRlZCBkZXBlbmRlbmNpZXMucGRmTxECGAAAAAACGAACAAAMTWFjaW50b3NoIEhEAAAAAAAAAAAAAAAAAAAAAAAAAEJEAAH/////HzIwMTMtT24gdGhlIG5hdHVyZSNGRkZGRkZGRi5wZGYAAAAAAAAAAAAAAAAAAAAAAAAAAAAAAAAAAAAAAAAAAP////8AAAAAAAAAAAAAAAAAAwAFAAAKIGN1AAAAAAAAAAAAAAAAAAdCb3JzbGV5AAACAGcvOlVzZXJzOnN0ZWZhbjpEb2N1bWVudHM6V2ViLVBhcGVyczpCOkJtOkJvcnNsZXk6MjAxMy1PbiB0aGUgbmF0dXJlIG9mIFdlbHNoIHVuYm91bmRlZCBkZXBlbmRlbmNpZXMucGRmAAAOAG4ANgAyADAAMQAzAC0ATwBuACAAdABoAGUAIABuAGEAdAB1AHIAZQAgAG8AZgAgAFcAZQBsAHMAaAAgAHUAbgBiAG8AdQBuAGQAZQBkACAAZABlAHAAZQBuAGQAZQBuAGMAaQBlAHMALgBwAGQAZgAPABoADABNAGEAYwBpAG4AdABvAHMAaAAgAEgARAASAGVVc2Vycy9zdGVmYW4vRG9jdW1lbnRzL1dlYi1QYXBlcnMvQi9CbS9Cb3JzbGV5LzIwMTMtT24gdGhlIG5hdHVyZSBvZiBXZWxzaCB1bmJvdW5kZWQgZGVwZW5kZW5jaWVzLnBkZgAAEwABLwAAFQACAA3//wAAAAgADQAaACQAfgAAAAAAAAIBAAAAAAAAAAUAAAAAAAAAAAAAAAAAAAKa},
	bdsk-url-1 = {http://www.sciencedirect.com/science/article/pii/S0024384113000818},
	bdsk-url-2 = {http://dx.doi.org/10.1016/j.lingua.2013.03.005}}

@article{Borsley2009a-u,
	abstract = {259-260: Schlägt Spur für Fernabhängigkeiten vor.},
	author = {Borsley, Robert D.},
	checked = {dm 2021},
	date-added = {2022-08-08 12:49:08 +0200},
	date-modified = {2022-08-08 12:49:08 +0200},
	doi = {10.1007/s11049-009-9067-3},
	ids = {Borsley:09a,Borsley:2009},
	journal = nllt,
	number = {2},
	pages = {225--265},
	title = {On the Superficiality of {Welsh} Agreement},
	volume = {27},
	year = {2009},
	bdsk-file-1 = {YnBsaXN0MDDSAQIDBFxyZWxhdGl2ZVBhdGhZYWxpYXNEYXRhXxBSLi4vLi4vLi4vV2ViLVBhcGVycy9CL0JtL0JvcnNsZXkvMjAwOS1PbiB0aGUgc3VwZXJmaWNpYWxpdHkgb2YgV2Vsc2ggYWdyZWVtZW50LnBkZk8RAgIAAAAAAgIAAgAADE1hY2ludG9zaCBIRAAAAAAAAAAAAAAAAAAAAAAAAABCRAAB/////x8yMDA5LU9uIHRoZSBzdXBlcmYjRkZGRkZGRkYucGRmAAAAAAAAAAAAAAAAAAAAAAAAAAAAAAAAAAAAAAAAAAD/////AAAAAAAAAAAAAAAAAAMABQAACiBjdQAAAAAAAAAAAAAAAAAHQm9yc2xleQAAAgBiLzpVc2VyczpzdGVmYW46RG9jdW1lbnRzOldlYi1QYXBlcnM6QjpCbTpCb3JzbGV5OjIwMDktT24gdGhlIHN1cGVyZmljaWFsaXR5IG9mIFdlbHNoIGFncmVlbWVudC5wZGYADgBkADEAMgAwADAAOQAtAE8AbgAgAHQAaABlACAAcwB1AHAAZQByAGYAaQBjAGkAYQBsAGkAdAB5ACAAbwBmACAAVwBlAGwAcwBoACAAYQBnAHIAZQBlAG0AZQBuAHQALgBwAGQAZgAPABoADABNAGEAYwBpAG4AdABvAHMAaAAgAEgARAASAGBVc2Vycy9zdGVmYW4vRG9jdW1lbnRzL1dlYi1QYXBlcnMvQi9CbS9Cb3JzbGV5LzIwMDktT24gdGhlIHN1cGVyZmljaWFsaXR5IG9mIFdlbHNoIGFncmVlbWVudC5wZGYAEwABLwAAFQACAA3//wAAAAgADQAaACQAeQAAAAAAAAIBAAAAAAAAAAUAAAAAAAAAAAAAAAAAAAJ/}}

@article{Borsley2005a,
	abstract = {zitiert von Pullum2013},
	author = {Borsley, Robert D.},
	checked = {stmue 2021},
	date-added = {2022-08-08 12:48:49 +0200},
	date-modified = {2022-08-08 12:48:49 +0200},
	doi = {10.1016/j.lingua.2003.09.011},
	journal = {Lingua},
	number = {4},
	pages = {461--482},
	title = {Against {ConjP}},
	volume = {115},
	year = {2005},
	bdsk-file-1 = {YnBsaXN0MDDSAQIDBFxyZWxhdGl2ZVBhdGhZYWxpYXNEYXRhXxA3Li4vLi4vLi4vV2ViLVBhcGVycy9CL0JtL0JvcnNsZXkvMjAwNS1BZ2FpbnN0IENvbmpQLnBkZk8RAZgAAAAAAZgAAgAADE1hY2ludG9zaCBIRAAAAAAAAAAAAAAAAAAAAAAAAABCRAAB/////xYyMDA1LUFnYWluc3QgQ29ualAucGRmAAAAAAAAAAAAAAAAAAAAAAAAAAAAAAAAAAAAAAAAAAAAAAAAAAAAAAD/////AAAAAAAAAAAAAAAAAAMABQAACiBjdQAAAAAAAAAAAAAAAAAHQm9yc2xleQAAAgBHLzpVc2VyczpzdGVmYW46RG9jdW1lbnRzOldlYi1QYXBlcnM6QjpCbTpCb3JzbGV5OjIwMDUtQWdhaW5zdCBDb25qUC5wZGYAAA4ALgAWADIAMAAwADUALQBBAGcAYQBpAG4AcwB0ACAAQwBvAG4AagBQAC4AcABkAGYADwAaAAwATQBhAGMAaQBuAHQAbwBzAGgAIABIAEQAEgBFVXNlcnMvc3RlZmFuL0RvY3VtZW50cy9XZWItUGFwZXJzL0IvQm0vQm9yc2xleS8yMDA1LUFnYWluc3QgQ29ualAucGRmAAATAAEvAAAVAAIADf//AAAACAANABoAJABeAAAAAAAAAgEAAAAAAAAABQAAAAAAAAAAAAAAAAAAAfo=}}

@article{Borsley99c-u,
	author = {Borsley, Robert D.},
	checked = {dm2021},
	date-added = {2022-08-08 12:46:41 +0200},
	date-modified = {2022-08-08 12:46:41 +0200},
	doi = {10.1016/S0024-3841(99)00019-4},
	journal = {Lingua},
	number = {4},
	pages = {267--300},
	title = {Mutation and Constituent Structure in {Welsh}},
	volume = {109},
	year = {1999},
	bdsk-file-1 = {YnBsaXN0MDDSAQIDBFxyZWxhdGl2ZVBhdGhZYWxpYXNEYXRhXxBVLi4vLi4vLi4vV2ViLVBhcGVycy9CL0JtL0JvcnNsZXkvMTk5OS1NdXRhdGlvbiBhbmQgY29uc3RpdHVlbnQgc3RydWN0dXJlIGluIFdlbHNoLnBkZk8RAhAAAAAAAhAAAgAADE1hY2ludG9zaCBIRAAAAAAAAAAAAAAAAAAAAAAAAABCRAAB/////x8xOTk5LU11dGF0aW9uIGFuZCAjRkZGRkZGRkYucGRmAAAAAAAAAAAAAAAAAAAAAAAAAAAAAAAAAAAAAAAAAAD/////AAAAAAAAAAAAAAAAAAMABQAACiBjdQAAAAAAAAAAAAAAAAAHQm9yc2xleQAAAgBlLzpVc2VyczpzdGVmYW46RG9jdW1lbnRzOldlYi1QYXBlcnM6QjpCbTpCb3JzbGV5OjE5OTktTXV0YXRpb24gYW5kIGNvbnN0aXR1ZW50IHN0cnVjdHVyZSBpbiBXZWxzaC5wZGYAAA4AagA0ADEAOQA5ADkALQBNAHUAdABhAHQAaQBvAG4AIABhAG4AZAAgAGMAbwBuAHMAdABpAHQAdQBlAG4AdAAgAHMAdAByAHUAYwB0AHUAcgBlACAAaQBuACAAVwBlAGwAcwBoAC4AcABkAGYADwAaAAwATQBhAGMAaQBuAHQAbwBzAGgAIABIAEQAEgBjVXNlcnMvc3RlZmFuL0RvY3VtZW50cy9XZWItUGFwZXJzL0IvQm0vQm9yc2xleS8xOTk5LU11dGF0aW9uIGFuZCBjb25zdGl0dWVudCBzdHJ1Y3R1cmUgaW4gV2Vsc2gucGRmAAATAAEvAAAVAAIADf//AAAACAANABoAJAB8AAAAAAAAAgEAAAAAAAAABQAAAAAAAAAAAAAAAAAAApA=}}

@techreport{Borsley87a,
	address = Stanford,
	author = {Borsley, Robert D.},
	checked = {stmue 2021},
	date-added = {2022-08-08 12:46:04 +0200},
	date-modified = {2022-08-08 12:46:04 +0200},
	institution = {Center for the Study of Language and Information},
	number = {{No. CSLI-87-107}},
	title = {Subjects and Complements in {HPSG}},
	type = {Report},
	year = {1987},
	bdsk-file-1 = {YnBsaXN0MDDSAQIDBFxyZWxhdGl2ZVBhdGhZYWxpYXNEYXRhXxBKLi4vLi4vLi4vV2ViLVBhcGVycy9CL0JtL0JvcnNsZXkvMTk4Ny1zdWJqZWN0cy1hbmQtY29tcGxlbWVudHMtaW4taHBzZy5wZGZPEQHiAAAAAAHiAAIAAAxNYWNpbnRvc2ggSEQAAAAAAAAAAAAAAAAAAAAAAAAAQkQAAf////8fMTk4Ny1zdWJqZWN0cy1hbmQtI0ZGRkZGRkZGLnBkZgAAAAAAAAAAAAAAAAAAAAAAAAAAAAAAAAAAAAAAAAAA/////wAAAAAAAAAAAAAAAAADAAUAAAogY3UAAAAAAAAAAAAAAAAAB0JvcnNsZXkAAAIAWi86VXNlcnM6c3RlZmFuOkRvY3VtZW50czpXZWItUGFwZXJzOkI6Qm06Qm9yc2xleToxOTg3LXN1YmplY3RzLWFuZC1jb21wbGVtZW50cy1pbi1ocHNnLnBkZgAOAFQAKQAxADkAOAA3AC0AcwB1AGIAagBlAGMAdABzAC0AYQBuAGQALQBjAG8AbQBwAGwAZQBtAGUAbgB0AHMALQBpAG4ALQBoAHAAcwBnAC4AcABkAGYADwAaAAwATQBhAGMAaQBuAHQAbwBzAGgAIABIAEQAEgBYVXNlcnMvc3RlZmFuL0RvY3VtZW50cy9XZWItUGFwZXJzL0IvQm0vQm9yc2xleS8xOTg3LXN1YmplY3RzLWFuZC1jb21wbGVtZW50cy1pbi1ocHNnLnBkZgATAAEvAAAVAAIADf//AAAACAANABoAJABxAAAAAAAAAgEAAAAAAAAABQAAAAAAAAAAAAAAAAAAAlc=}}

@article{BPYC2011a,
	author = {Robert C. Berwick and Paul Pietroski and Beracah Yankama and Noam Chomsky},
	checked = {stmue 2021},
	date-added = {2022-08-08 12:45:24 +0200},
	date-modified = {2022-08-08 12:45:24 +0200},
	doi = {10.1111/j.1551-6709.2011.01189.x},
	journal = {Cognitive Science},
	number = {7},
	pages = {1207--1242},
	title = {{Poverty of the Stimulus} Revisited},
	volume = {35},
	year = {2011},
	bdsk-file-1 = {YnBsaXN0MDDSAQIDBFxyZWxhdGl2ZVBhdGhZYWxpYXNEYXRhXxA3Li4vLi4vLi4vV2ViLVBhcGVycy9CL0JhL0JlcndpY2svMjAxMS1Qb1MtUmV2aXNpdGVkLnBkZk8RAZgAAAAAAZgAAgAADE1hY2ludG9zaCBIRAAAAAAAAAAAAAAAAAAAAAAAAABCRAAB/////xYyMDExLVBvUy1SZXZpc2l0ZWQucGRmAAAAAAAAAAAAAAAAAAAAAAAAAAAAAAAAAAAAAAAAAAAAAAAAAAAAAAD/////AAAAAAAAAAAAAAAAAAMABQAACiBjdQAAAAAAAAAAAAAAAAAHQmVyd2ljawAAAgBHLzpVc2VyczpzdGVmYW46RG9jdW1lbnRzOldlYi1QYXBlcnM6QjpCYTpCZXJ3aWNrOjIwMTEtUG9TLVJldmlzaXRlZC5wZGYAAA4ALgAWADIAMAAxADEALQBQAG8AUwAtAFIAZQB2AGkAcwBpAHQAZQBkAC4AcABkAGYADwAaAAwATQBhAGMAaQBuAHQAbwBzAGgAIABIAEQAEgBFVXNlcnMvc3RlZmFuL0RvY3VtZW50cy9XZWItUGFwZXJzL0IvQmEvQmVyd2ljay8yMDExLVBvUy1SZXZpc2l0ZWQucGRmAAATAAEvAAAVAAIADf//AAAACAANABoAJABeAAAAAAAAAgEAAAAAAAAABQAAAAAAAAAAAAAAAAAAAfo=}}

@book{Berman2003a,
	address = Stanford,
	author = {Judith Berman},
	checked = {stmue 2021},
	date-added = {2022-08-08 12:44:14 +0200},
	date-modified = {2022-08-08 12:44:14 +0200},
	number = {12},
	optisbn = {ISBN (Paperback): 1575863626 ISBN (Cloth): 1575863618},
	publisher = cslip,
	series = {Studies in Constraint"=Based Lexicalism},
	title = {Clausal Syntax of {German}},
	year = {2003}}

@phdthesis{Bender2001a,
	abstract = {95-131 gelesen},
	author = {Emily M. Bender},
	checked = {stmue 2021},
	date-added = {2022-08-08 12:43:36 +0200},
	date-modified = {2022-08-08 12:43:36 +0200},
	ids = {Bender2000a},
	school = {Stanford University},
	title = {Syntactic Variation and Linguistic Competence: {The} Case of {AAVE} Copula Absence},
	year = {2001},
	bdsk-file-1 = {YnBsaXN0MDDSAQIDBFxyZWxhdGl2ZVBhdGhZYWxpYXNEYXRhXxB7Li4vLi4vLi4vV2ViLVBhcGVycy9CL0JhL0JlbmRlci8yMDAxLVN5bnRhY3RpYyBWYXJpYXRpb24gYW5kIExpbmd1aXN0aWMgQ29tcGV0ZW5jZS1UaGUgQ2FzZSBvZiBBQVZFIENvcHVsYSBBYnNlbmNlLnBkZiAucGRmTxECqAAAAAACqAACAAAMTWFjaW50b3NoIEhEAAAAAAAAAAAAAAAAAAAAAAAAAEJEAAH/////HzIwMDEtU3ludGFjdGljIFZhciNGRkZGRkZGRi5wZGYAAAAAAAAAAAAAAAAAAAAAAAAAAAAAAAAAAAAAAAAAAP////8AAAAAAAAAAAAAAAAAAwAFAAAKIGN1AAAAAAAAAAAAAAAAAAZCZW5kZXIAAgCLLzpVc2VyczpzdGVmYW46RG9jdW1lbnRzOldlYi1QYXBlcnM6QjpCYTpCZW5kZXI6MjAwMS1TeW50YWN0aWMgVmFyaWF0aW9uIGFuZCBMaW5ndWlzdGljIENvbXBldGVuY2UtVGhlIENhc2Ugb2YgQUFWRSBDb3B1bGEgQWJzZW5jZS5wZGYgLnBkZgAADgC4AFsAMgAwADAAMQAtAFMAeQBuAHQAYQBjAHQAaQBjACAAVgBhAHIAaQBhAHQAaQBvAG4AIABhAG4AZAAgAEwAaQBuAGcAdQBpAHMAdABpAGMAIABDAG8AbQBwAGUAdABlAG4AYwBlAC0AVABoAGUAIABDAGEAcwBlACAAbwBmACAAQQBBAFYARQAgAEMAbwBwAHUAbABhACAAQQBiAHMAZQBuAGMAZQAuAHAAZABmACAALgBwAGQAZgAPABoADABNAGEAYwBpAG4AdABvAHMAaAAgAEgARAASAIlVc2Vycy9zdGVmYW4vRG9jdW1lbnRzL1dlYi1QYXBlcnMvQi9CYS9CZW5kZXIvMjAwMS1TeW50YWN0aWMgVmFyaWF0aW9uIGFuZCBMaW5ndWlzdGljIENvbXBldGVuY2UtVGhlIENhc2Ugb2YgQUFWRSBDb3B1bGEgQWJzZW5jZS5wZGYgLnBkZgAAEwABLwAAFQACAA3//wAAAAgADQAaACQAogAAAAAAAAIBAAAAAAAAAAUAAAAAAAAAAAAAAAAAAANO},
	bdsk-url-1 = {http://faculty.washington.edu/ebender/dissertation/}}

@incollection{BK90a,
	author = {Josef Bayer and Jaklin Kornfilt},
	booktitle = {Parametric Variation in {Germanic} and {Romance}},
	checked = {stmue 2022},
	crossref = {ERMC90a-ed},
	date-added = {2022-08-08 12:42:12 +0200},
	date-modified = {2022-08-08 12:43:12 +0200},
	editor = {Elisabeth Engdahl},
	ids = {BK89a},
	number = {6},
	pages = {21--42},
	publisher = {Edinburgh University, Center of Cognitive Science},
	series = {Edinburgh {Working Papers in Cognitive Science}},
	title = {Restructuring Effects in {German}},
	year = {1990},
	bdsk-file-1 = {YnBsaXN0MDDSAQIDBFxyZWxhdGl2ZVBhdGhZYWxpYXNEYXRhXxBHLi4vLi4vLi4vV2ViLVBhcGVycy9CL0JhL0JheWVyLzE5ODktcmVzdHJ1Y3R1cmluZy1lZmZlY3RzLWluLWdlcm1hbi5wZGZPEQHaAAAAAAHaAAIAAAxNYWNpbnRvc2ggSEQAAAAAAAAAAAAAAAAAAAAAAAAAQkQAAf////8fMTk4OS1yZXN0cnVjdHVyaW5nI0ZGRkZGRkZGLnBkZgAAAAAAAAAAAAAAAAAAAAAAAAAAAAAAAAAAAAAAAAAA/////wAAAAAAAAAAAAAAAAADAAUAAAogY3UAAAAAAAAAAAAAAAAABUJheWVyAAACAFcvOlVzZXJzOnN0ZWZhbjpEb2N1bWVudHM6V2ViLVBhcGVyczpCOkJhOkJheWVyOjE5ODktcmVzdHJ1Y3R1cmluZy1lZmZlY3RzLWluLWdlcm1hbi5wZGYAAA4AUgAoADEAOQA4ADkALQByAGUAcwB0AHIAdQBjAHQAdQByAGkAbgBnAC0AZQBmAGYAZQBjAHQAcwAtAGkAbgAtAGcAZQByAG0AYQBuAC4AcABkAGYADwAaAAwATQBhAGMAaQBuAHQAbwBzAGgAIABIAEQAEgBVVXNlcnMvc3RlZmFuL0RvY3VtZW50cy9XZWItUGFwZXJzL0IvQmEvQmF5ZXIvMTk4OS1yZXN0cnVjdHVyaW5nLWVmZmVjdHMtaW4tZ2VybWFuLnBkZgAAEwABLwAAFQACAA3//wAAAAgADQAaACQAbgAAAAAAAAIBAAAAAAAAAAUAAAAAAAAAAAAAAAAAAAJM}}

@incollection{Bausewein90,
	author = {Karin Bausewein},
	checked = {stmue 2021},
	crossref = {FF90},
	date-added = {2022-08-08 12:40:37 +0200},
	date-modified = {2022-08-08 12:40:37 +0200},
	pages = {144--158},
	title = {{Haben kopflose Relativsätze tatsächlich keine Köpfe?}},
	bdsk-file-1 = {YnBsaXN0MDDSAQIDBFxyZWxhdGl2ZVBhdGhZYWxpYXNEYXRhXxBoLi4vLi4vLi4vV2ViLVBhcGVycy9CL0JhL0JhdXNld2Vpbi8xOTkxLWhhYmVuLWtvcGZsb3NlLXJlbGF0aXZzYWV0emUtd2lya2xpY2gta2VpbmUta29lcGZlLWJhdXNld2Vpbi5wZGZPEQJYAAAAAAJYAAIAAAxNYWNpbnRvc2ggSEQAAAAAAAAAAAAAAAAAAAAAAAAAQkQAAf////8fMTk5MS1oYWJlbi1rb3BmbG9zI0ZGRkZGRkZGLnBkZgAAAAAAAAAAAAAAAAAAAAAAAAAAAAAAAAAAAAAAAAAA/////wAAAAAAAAAAAAAAAAADAAUAAAogY3UAAAAAAAAAAAAAAAAACUJhdXNld2VpbgAAAgB4LzpVc2VyczpzdGVmYW46RG9jdW1lbnRzOldlYi1QYXBlcnM6QjpCYTpCYXVzZXdlaW46MTk5MS1oYWJlbi1rb3BmbG9zZS1yZWxhdGl2c2FldHplLXdpcmtsaWNoLWtlaW5lLWtvZXBmZS1iYXVzZXdlaW4ucGRmAA4AjABFADEAOQA5ADEALQBoAGEAYgBlAG4ALQBrAG8AcABmAGwAbwBzAGUALQByAGUAbABhAHQAaQB2AHMAYQBlAHQAegBlAC0AdwBpAHIAawBsAGkAYwBoAC0AawBlAGkAbgBlAC0AawBvAGUAcABmAGUALQBiAGEAdQBzAGUAdwBlAGkAbgAuAHAAZABmAA8AGgAMAE0AYQBjAGkAbgB0AG8AcwBoACAASABEABIAdlVzZXJzL3N0ZWZhbi9Eb2N1bWVudHMvV2ViLVBhcGVycy9CL0JhL0JhdXNld2Vpbi8xOTkxLWhhYmVuLWtvcGZsb3NlLXJlbGF0aXZzYWV0emUtd2lya2xpY2gta2VpbmUta29lcGZlLWJhdXNld2Vpbi5wZGYAEwABLwAAFQACAA3//wAAAAgADQAaACQAjwAAAAAAAAIBAAAAAAAAAAUAAAAAAAAAAAAAAAAAAALr}}

@misc{Bargmann2015a,
	author = {Sascha Bargmann},
	checked = {stmue 2021},
	date-added = {2022-08-08 12:40:11 +0200},
	date-modified = {2022-08-08 12:40:11 +0200},
	howpublished = {Poster presentation at the 5th General Meeting of {PARSEME}, {Iasi}, 23--24 {September} 2015},
	title = {Syntactically Flexible {VP}-Idioms and the {N-after-N Construction}},
	year = {2015},
	bdsk-file-1 = {YnBsaXN0MDDSAQIDBFxyZWxhdGl2ZVBhdGhZYWxpYXNEYXRhXxBTLi4vLi4vLi4vV2ViLVBhcGVycy9CL0JtL0JyYWdtYW5uLzIwMTUtU3ludGFjdGljYWxseV9mbGV4aWJsZV9WUC1pZGlvbXNfYW5kX3RoZS5wZGZPEQIGAAAAAAIGAAIAAAxNYWNpbnRvc2ggSEQAAAAAAAAAAAAAAAAAAAAAAAAAQkQAAf////8fMjAxNS1TeW50YWN0aWNhbGx5I0ZGRkZGRkZGLnBkZgAAAAAAAAAAAAAAAAAAAAAAAAAAAAAAAAAAAAAAAAAA/////wAAAAAAAAAAAAAAAAADAAUAAAogY3UAAAAAAAAAAAAAAAAACEJyYWdtYW5uAAIAYy86VXNlcnM6c3RlZmFuOkRvY3VtZW50czpXZWItUGFwZXJzOkI6Qm06QnJhZ21hbm46MjAxNS1TeW50YWN0aWNhbGx5X2ZsZXhpYmxlX1ZQLWlkaW9tc19hbmRfdGhlLnBkZgAADgBkADEAMgAwADEANQAtAFMAeQBuAHQAYQBjAHQAaQBjAGEAbABsAHkAXwBmAGwAZQB4AGkAYgBsAGUAXwBWAFAALQBpAGQAaQBvAG0AcwBfAGEAbgBkAF8AdABoAGUALgBwAGQAZgAPABoADABNAGEAYwBpAG4AdABvAHMAaAAgAEgARAASAGFVc2Vycy9zdGVmYW4vRG9jdW1lbnRzL1dlYi1QYXBlcnMvQi9CbS9CcmFnbWFubi8yMDE1LVN5bnRhY3RpY2FsbHlfZmxleGlibGVfVlAtaWRpb21zX2FuZF90aGUucGRmAAATAAEvAAAVAAIADf//AAAACAANABoAJAB6AAAAAAAAAgEAAAAAAAAABQAAAAAAAAAAAAAAAAAAAoQ=}}

@article{BHPS61a,
	abstract = {Epsilon-Elemination},
	author = {Yehoshua Bar-Hillel and Micha A. Perles and Eliahu Shamir},
	checked = {stmue 2021},
	date-added = {2022-08-08 12:39:38 +0200},
	date-modified = {2022-08-08 12:39:38 +0200},
	doi = {10.1524/stuf.1961.14.14.143},
	journal = zpsk,
	number = {2},
	pages = {143--172},
	title = {On Formal Properties of Simple Phrase-Structure Grammars},
	volume = {14},
	year = {1961},
	bdsk-file-1 = {YnBsaXN0MDDSAQIDBFxyZWxhdGl2ZVBhdGhZYWxpYXNEYXRhXxB5Li4vLi4vLi4vV2ViLVBhcGVycy9CL0JhL0Jhci1IaWxsZWwvb24tZm9ybWFsLXByb3BlcnRpZXMtb2Ytc2ltcGxlLXBocmFzZS1zdHJ1Y3R1cmUtZ3JhbW1hcnMtYmFyLWhpbGxlbC1wZXJsZXMtc2hhbWlyLnBkZk8RApwAAAAAApwAAgAADE1hY2ludG9zaCBIRAAAAAAAAAAAAAAAAAAAAAAAAABCRAAB/////x9vbi1mb3JtYWwtcHJvcGVydGkjRkZGRkZGRkYucGRmAAAAAAAAAAAAAAAAAAAAAAAAAAAAAAAAAAAAAAAAAAD/////AAAAAAAAAAAAAAAAAAMABQAACiBjdQAAAAAAAAAAAAAAAAAKQmFyLUhpbGxlbAACAIkvOlVzZXJzOnN0ZWZhbjpEb2N1bWVudHM6V2ViLVBhcGVyczpCOkJhOkJhci1IaWxsZWw6b24tZm9ybWFsLXByb3BlcnRpZXMtb2Ytc2ltcGxlLXBocmFzZS1zdHJ1Y3R1cmUtZ3JhbW1hcnMtYmFyLWhpbGxlbC1wZXJsZXMtc2hhbWlyLnBkZgAADgCsAFUAbwBuAC0AZgBvAHIAbQBhAGwALQBwAHIAbwBwAGUAcgB0AGkAZQBzAC0AbwBmAC0AcwBpAG0AcABsAGUALQBwAGgAcgBhAHMAZQAtAHMAdAByAHUAYwB0AHUAcgBlAC0AZwByAGEAbQBtAGEAcgBzAC0AYgBhAHIALQBoAGkAbABsAGUAbAAtAHAAZQByAGwAZQBzAC0AcwBoAGEAbQBpAHIALgBwAGQAZgAPABoADABNAGEAYwBpAG4AdABvAHMAaAAgAEgARAASAIdVc2Vycy9zdGVmYW4vRG9jdW1lbnRzL1dlYi1QYXBlcnMvQi9CYS9CYXItSGlsbGVsL29uLWZvcm1hbC1wcm9wZXJ0aWVzLW9mLXNpbXBsZS1waHJhc2Utc3RydWN0dXJlLWdyYW1tYXJzLWJhci1oaWxsZWwtcGVybGVzLXNoYW1pci5wZGYAABMAAS8AABUAAgAN//8AAAAIAA0AGgAkAKAAAAAAAAACAQAAAAAAAAAFAAAAAAAAAAAAAAAAAAADQA==}}

@incollection{Allegranza98a-u,
	author = {Allegranza, Valerio},
	crossref = {BD98a-ed},
	date-added = {2022-08-08 12:30:33 +0200},
	date-modified = {2022-08-08 12:30:33 +0200},
	ids = {Allegranza98},
	pages = {55--107},
	title = {Determiners as Functors: {NP} Structure in {Italian}},
	bdsk-file-1 = {YnBsaXN0MDDSAQIDBFxyZWxhdGl2ZVBhdGhZYWxpYXNEYXRhXxA9Li4vLi4vLi4vV2ViLVBhcGVycy9BL0FhL0FsbGVncmFuemEvYWxsZWdyYW56YS05OC1kZXQtcm9tLnBkZk8RAawAAAAAAawAAgAADE1hY2ludG9zaCBIRAAAAAAAAAAAAAAAAAAAAAAAAABCRAAB/////xlhbGxlZ3JhbnphLTk4LWRldC1yb20ucGRmAAAAAAAAAAAAAAAAAAAAAAAAAAAAAAAAAAAAAAAAAAAAAAAAAAD/////AAAAAAAAAAAAAAAAAAMABQAACiBjdQAAAAAAAAAAAAAAAAAKQWxsZWdyYW56YQACAE0vOlVzZXJzOnN0ZWZhbjpEb2N1bWVudHM6V2ViLVBhcGVyczpBOkFhOkFsbGVncmFuemE6YWxsZWdyYW56YS05OC1kZXQtcm9tLnBkZgAADgA0ABkAYQBsAGwAZQBnAHIAYQBuAHoAYQAtADkAOAAtAGQAZQB0AC0AcgBvAG0ALgBwAGQAZgAPABoADABNAGEAYwBpAG4AdABvAHMAaAAgAEgARAASAEtVc2Vycy9zdGVmYW4vRG9jdW1lbnRzL1dlYi1QYXBlcnMvQS9BYS9BbGxlZ3JhbnphL2FsbGVncmFuemEtOTgtZGV0LXJvbS5wZGYAABMAAS8AABUAAgAN//8AAAAIAA0AGgAkAGQAAAAAAAACAQAAAAAAAAAFAAAAAAAAAAAAAAAAAAACFA==}}

@book{Allegranza2007a-u,
	address = {Bern},
	author = {Allegranza, Valerio},
	checked = {stmue 2021},
	date-added = {2022-08-08 12:30:08 +0200},
	date-modified = {2022-08-08 12:30:08 +0200},
	ids = {Allegranza06},
	number = {16},
	publisher = {Peter Lang},
	series = {Sabest. Saarbrücker Beiträge zur Sprach- und Trans\-la\-tions\-wis\-sen\-schaft},
	title = {The Signs of Determination: {Constraint}-based Modelling Across Languages},
	year = 2007}

@article{Ajdukiewicz35a-u,
	annote = {https://www.sbc.org.pl/dlibra/publication/24411/edition/21615},
	author = {Kazimierz Ajdukiewicz},
	checked = {stmue 2021},
	date-added = {2022-08-08 12:28:54 +0200},
	date-modified = {2022-08-08 12:28:54 +0200},
	journal = {Studia Philosophica},
	number = {none},
	pages = {1--27},
	title = {{Die syntaktische Konnexität}},
	volume = {1},
	year = {1935},
	bdsk-file-1 = {YnBsaXN0MDDSAQIDBFxyZWxhdGl2ZVBhdGhZYWxpYXNEYXRhXxBGLi4vLi4vLi4vV2ViLVBhcGVycy9BL0FhL0FqZHVraWV3aWN6LzE5MzUtc3ludGFrdGlzY2hlLWtvbm5leGl0YWV0LnBkZk8RAc4AAAAAAc4AAgAADE1hY2ludG9zaCBIRAAAAAAAAAAAAAAAAAAAAAAAAABCRAAB/////x8xOTM1LXN5bnRha3Rpc2NoZS0jRkZGRkZGRkYucGRmAAAAAAAAAAAAAAAAAAAAAAAAAAAAAAAAAAAAAAAAAAD/////AAAAAAAAAAAAAAAAAAMABQAACiBjdQAAAAAAAAAAAAAAAAALQWpkdWtpZXdpY3oAAAIAVi86VXNlcnM6c3RlZmFuOkRvY3VtZW50czpXZWItUGFwZXJzOkE6QWE6QWpkdWtpZXdpY3o6MTkzNS1zeW50YWt0aXNjaGUta29ubmV4aXRhZXQucGRmAA4ARAAhADEAOQAzADUALQBzAHkAbgB0AGEAawB0AGkAcwBjAGgAZQAtAGsAbwBuAG4AZQB4AGkAdABhAGUAdAAuAHAAZABmAA8AGgAMAE0AYQBjAGkAbgB0AG8AcwBoACAASABEABIAVFVzZXJzL3N0ZWZhbi9Eb2N1bWVudHMvV2ViLVBhcGVycy9BL0FhL0FqZHVraWV3aWN6LzE5MzUtc3ludGFrdGlzY2hlLWtvbm5leGl0YWV0LnBkZgATAAEvAAAVAAIADf//AAAACAANABoAJABtAAAAAAAAAgEAAAAAAAAABQAAAAAAAAAAAAAAAAAAAj8=}}

@phdthesis{Abney87a,
	abstract = {S. 180 we linguists pronoun + noun mit Pronomen als D-Kopf},
	address = cambridgeusa,
	authauthor = {Abney, Steven P.},
	author = {Abney, Steven Paul},
	checked = {stmue 2021},
	date-added = {2022-08-08 12:27:29 +0200},
	date-modified = {2022-08-08 12:28:17 +0200},
	ids = {Abney87,Abney:1987:Diss},
	school = {MIT},
	sortname = {Abney, Steven P.},
	title = {The {English} Noun Phrase in Its Sentential Aspect},
	url = {http://www.vinartus.net/spa/87a.pdf},
	urldate = {2021-02-10},
	year = {1987},
	bdsk-file-1 = {YnBsaXN0MDDSAQIDBFxyZWxhdGl2ZVBhdGhZYWxpYXNEYXRhXxBYLi4vLi4vLi4vV2ViLVBhcGVycy9BL0FhL0FibmV5LzE5ODctdGhlLWVuZ2xpc2gtbm91bi1waHJhc2UtaW4taXRzLXNlbnRlbnRpYWwtYXNwZWN0LnBkZk8RAhwAAAAAAhwAAgAADE1hY2ludG9zaCBIRAAAAAAAAAAAAAAAAAAAAAAAAABCRAAB/////x8xOTg3LXRoZS1lbmdsaXNoLW4jRkZGRkZGRkYucGRmAAAAAAAAAAAAAAAAAAAAAAAAAAAAAAAAAAAAAAAAAAD/////AAAAAFBERiBDQVJPAAMABQAACiBjdQAAAAAAAAAAAAAAAAAFQWJuZXkAAAIAaC86VXNlcnM6c3RlZmFuOkRvY3VtZW50czpXZWItUGFwZXJzOkE6QWE6QWJuZXk6MTk4Ny10aGUtZW5nbGlzaC1ub3VuLXBocmFzZS1pbi1pdHMtc2VudGVudGlhbC1hc3BlY3QucGRmAA4AdAA5ADEAOQA4ADcALQB0AGgAZQAtAGUAbgBnAGwAaQBzAGgALQBuAG8AdQBuAC0AcABoAHIAYQBzAGUALQBpAG4ALQBpAHQAcwAtAHMAZQBuAHQAZQBuAHQAaQBhAGwALQBhAHMAcABlAGMAdAAuAHAAZABmAA8AGgAMAE0AYQBjAGkAbgB0AG8AcwBoACAASABEABIAZlVzZXJzL3N0ZWZhbi9Eb2N1bWVudHMvV2ViLVBhcGVycy9BL0FhL0FibmV5LzE5ODctdGhlLWVuZ2xpc2gtbm91bi1waHJhc2UtaW4taXRzLXNlbnRlbnRpYWwtYXNwZWN0LnBkZgATAAEvAAAVAAIADf//AAAACAANABoAJAB/AAAAAAAAAgEAAAAAAAAABQAAAAAAAAAAAAAAAAAAAp8=},
	bdsk-url-1 = {http://www.vinartus.net/spa/publications.html}}

@incollection{Partee2004a-u,
	address = {Dordrecht},
	author = {Barbara H. Partee},
	checked = {stmue 2021},
	crossref = {Partee2004a-ed},
	date-added = {2022-08-08 12:18:41 +0200},
	date-modified = {2022-08-08 12:18:41 +0200},
	doi = {10.1002/9780470751305.ch10},
	pages = {203--230},
	title = {Noun Phrase Interpretation and Type-Shifting Principles},
	bdsk-file-1 = {YnBsaXN0MDDSAQIDBFxyZWxhdGl2ZVBhdGhZYWxpYXNEYXRhXxBnLi4vLi4vLi4vV2ViLVBhcGVycy9QL1BhL1BhcnRlZS8xOTg3LW5vdW4tcGhyYXNlLWludGVycHJldGF0aW9uLWFuZC10eXBlLXNoaWZ0aW5nLXByaW5jaXBsZXMtcGFydGVlLnBkZk8RAlgAAAAAAlgAAgAADE1hY2ludG9zaCBIRAAAAAAAAAAAAAAAAAAAAAAAAABCRAAB/////x8xOTg3LW5vdW4tcGhyYXNlLWkjRkZGRkZGRkYucGRmAAAAAAAAAAAAAAAAAAAAAAAAAAAAAAAAAAAAAAAAAAD/////AAAAAAAAAAAAAAAAAAMABQAACiBjdQAAAAAAAAAAAAAAAAAGUGFydGVlAAIAdy86VXNlcnM6c3RlZmFuOkRvY3VtZW50czpXZWItUGFwZXJzOlA6UGE6UGFydGVlOjE5ODctbm91bi1waHJhc2UtaW50ZXJwcmV0YXRpb24tYW5kLXR5cGUtc2hpZnRpbmctcHJpbmNpcGxlcy1wYXJ0ZWUucGRmAAAOAJAARwAxADkAOAA3AC0AbgBvAHUAbgAtAHAAaAByAGEAcwBlAC0AaQBuAHQAZQByAHAAcgBlAHQAYQB0AGkAbwBuAC0AYQBuAGQALQB0AHkAcABlAC0AcwBoAGkAZgB0AGkAbgBnAC0AcAByAGkAbgBjAGkAcABsAGUAcwAtAHAAYQByAHQAZQBlAC4AcABkAGYADwAaAAwATQBhAGMAaQBuAHQAbwBzAGgAIABIAEQAEgB1VXNlcnMvc3RlZmFuL0RvY3VtZW50cy9XZWItUGFwZXJzL1AvUGEvUGFydGVlLzE5ODctbm91bi1waHJhc2UtaW50ZXJwcmV0YXRpb24tYW5kLXR5cGUtc2hpZnRpbmctcHJpbmNpcGxlcy1wYXJ0ZWUucGRmAAATAAEvAAAVAAIADf//AAAACAANABoAJACOAAAAAAAAAgEAAAAAAAAABQAAAAAAAAAAAAAAAAAAAuo=},
	bdsk-url-1 = {https://doi.org/10.1002/9780470751305.ch10}}

@incollection{Partee86b-u,
	address = {Dordrecht},
	annote = {was Partee87a-u De Gruyter sagt aber 1986 und der reprint sagt auch 1986},
	author = {Barbara H. Partee},
	booktitle = {Studies in {Discourse Representation Theory} and the Theory of Generalized Quantifiers},
	checked = {stmue 2021},
	date-added = {2022-08-08 12:18:01 +0200},
	date-modified = {2022-08-08 12:18:01 +0200},
	editor = {Jeroen Groenendijk and Dick de Jongh and Martin Stokhof},
	number = {8},
	pages = {115--143},
	publisher = foris,
	related = {Partee2004a-u},
	relatedstring = {\reprintas},
	series = {Groningen-Amsterdam Studies in Semantics},
	title = {Noun Phrase Interpretation and Type-Shifting Principles},
	year = {1986},
	bdsk-file-1 = {YnBsaXN0MDDSAQIDBFxyZWxhdGl2ZVBhdGhZYWxpYXNEYXRhXxBnLi4vLi4vLi4vV2ViLVBhcGVycy9QL1BhL1BhcnRlZS8xOTg3LW5vdW4tcGhyYXNlLWludGVycHJldGF0aW9uLWFuZC10eXBlLXNoaWZ0aW5nLXByaW5jaXBsZXMtcGFydGVlLnBkZk8RAlgAAAAAAlgAAgAADE1hY2ludG9zaCBIRAAAAAAAAAAAAAAAAAAAAAAAAABCRAAB/////x8xOTg3LW5vdW4tcGhyYXNlLWkjRkZGRkZGRkYucGRmAAAAAAAAAAAAAAAAAAAAAAAAAAAAAAAAAAAAAAAAAAD/////AAAAAAAAAAAAAAAAAAMABQAACiBjdQAAAAAAAAAAAAAAAAAGUGFydGVlAAIAdy86VXNlcnM6c3RlZmFuOkRvY3VtZW50czpXZWItUGFwZXJzOlA6UGE6UGFydGVlOjE5ODctbm91bi1waHJhc2UtaW50ZXJwcmV0YXRpb24tYW5kLXR5cGUtc2hpZnRpbmctcHJpbmNpcGxlcy1wYXJ0ZWUucGRmAAAOAJAARwAxADkAOAA3AC0AbgBvAHUAbgAtAHAAaAByAGEAcwBlAC0AaQBuAHQAZQByAHAAcgBlAHQAYQB0AGkAbwBuAC0AYQBuAGQALQB0AHkAcABlAC0AcwBoAGkAZgB0AGkAbgBnAC0AcAByAGkAbgBjAGkAcABsAGUAcwAtAHAAYQByAHQAZQBlAC4AcABkAGYADwAaAAwATQBhAGMAaQBuAHQAbwBzAGgAIABIAEQAEgB1VXNlcnMvc3RlZmFuL0RvY3VtZW50cy9XZWItUGFwZXJzL1AvUGEvUGFydGVlLzE5ODctbm91bi1waHJhc2UtaW50ZXJwcmV0YXRpb24tYW5kLXR5cGUtc2hpZnRpbmctcHJpbmNpcGxlcy1wYXJ0ZWUucGRmAAATAAEvAAAVAAIADf//AAAACAANABoAJACOAAAAAAAAAgEAAAAAAAAABQAAAAAAAAAAAAAAAAAAAuo=}}

@book{wals,
	address = {Leipzig},
	booktitle = {The World Atlas of Language Structures Online},
	checked = {stmue 2021},
	date-added = {2022-08-08 12:00:15 +0200},
	date-modified = {2022-08-08 12:00:15 +0200},
	editor = {Matthew S. Dryer and Martin Haspelmath},
	ids = {dryhaspWALS},
	publisher = {Max Planck Institute for Evolutionary Anthropology},
	series = {none},
	title = {The World Atlas of Language Structures Online},
	url = {http://wals.info/},
	urldate = {2021-02-17},
	year = {2013},
	bdsk-url-1 = {http://wals.info/}}

@book{Heine:Narrog2010a-ed,
	address = {Oxford},
	booktitle = {The {Oxford} Handbook of Linguistic Analysis},
	checked = {stmue 2021},
	date-added = {2022-08-08 11:58:49 +0200},
	date-modified = {2022-08-08 11:58:49 +0200},
	doi = {10.1093/oxfordhb/9780199544004.001.0001},
	editor = {Heine, Bernd and Narrog, Heiko},
	number = {none},
	publisher = oup,
	series = {Oxford Handbooks in Linguistics},
	title = {The {Oxford} Handbook of Linguistic Analysis},
	year = {2010},
	bdsk-file-1 = {YnBsaXN0MDDSAQIDBFxyZWxhdGl2ZVBhdGhZYWxpYXNEYXRhXxBYLi4vLi4vLi4vRS1Cb29rcy9MaW5ndWlzdGljcy9IL0hlaW5lLzIwMTAtVGhlIE94Zm9yZCBIYW5kYm9vayBvZiBMaW5ndWlzdGljIEFuYWx5c2lzLnBkZk8RAhAAAAAAAhAAAgAADE1hY2ludG9zaCBIRAAAAAAAAAAAAAAAAAAAAAAAAABCRAAB/////x8yMDEwLVRoZSBPeGZvcmQgSGEjRkZGRkZGRkYucGRmAAAAAAAAAAAAAAAAAAAAAAAAAAAAAAAAAAAAAAAAAAD/////AAAAAFBERiAAAAAAAAMABQAACiBjdQAAAAAAAAAAAAAAAAAFSGVpbmUAAAIAaC86VXNlcnM6c3RlZmFuOkRvY3VtZW50czpFLUJvb2tzOkxpbmd1aXN0aWNzOkg6SGVpbmU6MjAxMC1UaGUgT3hmb3JkIEhhbmRib29rIG9mIExpbmd1aXN0aWMgQW5hbHlzaXMucGRmAA4AaAAzADIAMAAxADAALQBUAGgAZQAgAE8AeABmAG8AcgBkACAASABhAG4AZABiAG8AbwBrACAAbwBmACAATABpAG4AZwB1AGkAcwB0AGkAYwAgAEEAbgBhAGwAeQBzAGkAcwAuAHAAZABmAA8AGgAMAE0AYQBjAGkAbgB0AG8AcwBoACAASABEABIAZlVzZXJzL3N0ZWZhbi9Eb2N1bWVudHMvRS1Cb29rcy9MaW5ndWlzdGljcy9IL0hlaW5lLzIwMTAtVGhlIE94Zm9yZCBIYW5kYm9vayBvZiBMaW5ndWlzdGljIEFuYWx5c2lzLnBkZgATAAEvAAAVAAIADf//AAAACAANABoAJAB/AAAAAAAAAgEAAAAAAAAABQAAAAAAAAAAAAAAAAAAApM=}}

@incollection{Dowty2003a,
	author = {David Dowty},
	checked = {stmue 2021},
	crossref = {LMFH2003a-ed},
	date-added = {2022-08-08 11:53:56 +0200},
	date-modified = {2022-08-08 11:54:18 +0200},
	doi = {10.1515/9783110894646.33},
	ids = {Dowty2003},
	pages = {33--66},
	title = {The Dual Analysis of Adjuncts and Complements in {Categorial Grammar}},
	bdsk-file-1 = {YnBsaXN0MDDSAQIDBFxyZWxhdGl2ZVBhdGhZYWxpYXNEYXRhXxBFLi4vLi4vLi4vV2ViLVBhcGVycy9EL0RtL0Rvd3R5LzIwMDMtRHVhbF9hbmFseXNpc19vZl9hZGp1bmN0c19yZXYucGRmTxEB0gAAAAAB0gACAAAMTWFjaW50b3NoIEhEAAAAAAAAAAAAAAAAAAAAAAAAAEJEAAH/////HzIwMDMtRHVhbF9hbmFseXNpcyNGRkZGRkZGRi5wZGYAAAAAAAAAAAAAAAAAAAAAAAAAAAAAAAAAAAAAAAAAAP////8AAAAAAAAAAAAAAAAAAwAFAAAKIGN1AAAAAAAAAAAAAAAAAAVEb3d0eQAAAgBVLzpVc2VyczpzdGVmYW46RG9jdW1lbnRzOldlYi1QYXBlcnM6RDpEbTpEb3d0eToyMDAzLUR1YWxfYW5hbHlzaXNfb2ZfYWRqdW5jdHNfcmV2LnBkZgAADgBOACYAMgAwADAAMwAtAEQAdQBhAGwAXwBhAG4AYQBsAHkAcwBpAHMAXwBvAGYAXwBhAGQAagB1AG4AYwB0AHMAXwByAGUAdgAuAHAAZABmAA8AGgAMAE0AYQBjAGkAbgB0AG8AcwBoACAASABEABIAU1VzZXJzL3N0ZWZhbi9Eb2N1bWVudHMvV2ViLVBhcGVycy9EL0RtL0Rvd3R5LzIwMDMtRHVhbF9hbmFseXNpc19vZl9hZGp1bmN0c19yZXYucGRmAAATAAEvAAAVAAIADf//AAAACAANABoAJABsAAAAAAAAAgEAAAAAAAAABQAAAAAAAAAAAAAAAAAAAkI=},
	bdsk-url-1 = {https://doi.org/10.1515/9783110894646.33}}

@book{Croft2001a,
	address = oxford,
	author = {William Croft},
	checked = {stmue 2021},
	date-added = {2022-08-08 11:47:33 +0200},
	date-modified = {2022-08-08 11:47:43 +0200},
	doi = {10.1093/acprof:oso/9780198299554.001.0001},
	ids = {Croft2002},
	number = {none},
	price = {\$35.00},
	publisher = oup,
	series = {Oxford Linguistics},
	title = {{Radical Construction Grammar}: {Syntactic} Theory in Typological Perspective},
	year = {2001},
	bdsk-url-1 = {https://doi.org/10.1093/acprof:oso/9780198299554.001.0001}}

@book{MuellerGT-Eng1,
	address = {Berlin},
	author = {Stefan Müller},
	booktitle = {Grammatical Theory: {From} {Transformational Grammar} to Constraint"=Based Approaches},
	checked = {stmue 2021},
	date-added = {2022-08-08 11:38:19 +0200},
	date-modified = {2022-08-08 11:38:19 +0200},
	doi = {10.17169/langsci.b25.167},
	edition = {1},
	langid = {english},
	number = {1},
	publisher = {Language Science Press},
	series = {Textbooks in Language Sciences},
	title = {Grammatical Theory: {From} {Transformational Grammar} to Constraint"=Based Approaches},
	year = {2016},
	bdsk-url-1 = {https://doi.org/10.17169/langsci.b25.167}}

@book{vHMP2011a-ed,
	address = BerlinNewYork,
	booktitle = {Semantics: {An} International Handbook of Natural Language Meaning},
	checked = {EE 2022 – nur für die crossref aus biblio kopiert},
	date-modified = {2021-12-13 10:09:29 +0100},
	doi = {10.1515/9783110255072},
	editor = {Klaus von Heusinger and Claudia Maienborn and Paul Portner},
	number = {33},
	publisher = moutondegruyter,
	title = {Semantics: {An} International Handbook of Natural Language Meaning},
	volume = {2},
	xdata = {vHMP2011a-ed-xdata},
	year = {2011},
	bdsk-url-1 = {https://doi.org/10.1515/9783110255072}}

@article{Warner95a-u-gedruckt,
	author = {Anthony R. Warner},
	checked = {EE 2022 – aus biblio, hatte aber keine zusätzlichen infos},
	ids = {warner95},
	journal = {Language},
	number = {3},
	pages = {533--557},
	title = {Predicting the Progressive Passive: {Parametric} Change within a Lexicalist Framework},
	volume = {71},
	year = {1995}}

@book{Paul1919a,
	address = {Halle an der Saale},
	author = {Hermann Paul},
	booktitle = {{Deutsche Grammatik. Teil IV: Syntax}},
	checked = {stmue 2021},
	date-modified = {2021-03-05 14:23:46 +0100},
	doi = {10.1515/9783110929805},
	ids = {paul1919},
	langid = {ngerman},
	note = {\2nd\unchangedEdition 1968, Tübingen: Max Niemeyer Verlag},
	optisbn = {3484101385},
	publisher = Niemeyer,
	series = {none},
	title = {{Deutsche Grammatik. Teil IV: Syntax}},
	volume = {3},
	year = {1919},
	bdsk-url-1 = {https://doi.org/10.1515/9783110929805}}

@book{Chomsky57a,
	abstract = {CT78:39 discovery procedure, Blevins2001a: V -> V_1 + Part, d.h. ein
	Prädikat},
	address = Berlin,
	author = {Chomsky, Noam},
	checked = {stmue 2021},
	date-modified = {2021-02-08 19:10:09 +0100},
	doi = {10.1515/9783112316009},
	ids = {Chomsky1957,Chomsky57},
	number = {4},
	publisher = moutondegruyter,
	series = {Janua Linguarum / Series Minor},
	title = {Syntactic Structures},
	year = {1957},
	bdsk-url-1 = {https://doi.org/10.1515/9783112316009}}

@book{Adger2003a,
	address = {Oxford},
	author = {Adger, David},
	booktitle = {Core Syntax: {A Minimalist} Approach},
	checked = {stmue 2021},
	date-added = {2015-02-21 06:37:50 +0000},
	date-modified = {2021-02-12 16:08:42 +0100},
	ids = {Adger:2003:Core-syntax},
	number = {1},
	publisher = oup,
	series = {Oxford Core Linguistics},
	title = {Core Syntax: {A Minimalist} Approach},
	year = {2003}}

@book{Chomsky95a-u,
	address = cambridgeusaLondon,
	author = {Chomsky, Noam},
	booktitle = {The {Minimalist Program}},
	checked = {stmue 2021},
	date-modified = {2021-02-15 18:01:42 +0100},
	doi = {10.7551/mitpress/9780262527347.001.0001},
	ids = {Chomsky:95-book,Chomsky:1995:minprog},
	number = {28},
	publisher = mitpress,
	series = {Current Studies in Linguistics},
	title = {The {Minimalist Program}},
	year = {1995},
	bdsk-url-1 = {https://doi.org/10.7551/mitpress/9780262527347.001.0001}}

@article{Haider88a,
	author = {Hubert Haider},
	checked = {EE 2022},
	date-added = {2020-09-23 19:14:37 +0200},
	date-modified = {2020-09-23 19:20:29 +0200},
	doi = {10.1515/ZFSW.1988.7.1.32},
	ids = {Haider:1988:DeutscheNominalphrase},
	journal = {Zeitschrift für Sprachwissenschaft},
	number = {1},
	pages = {32--59},
	title = {{Die Struktur der deutschen Nominalphrase}},
	volume = {7},
	year = {1988},
	bdsk-url-1 = {https://doi.org/10.1515/ZFSW.1988.7.1.32}}

@book{Bhatt90a-u,
	address = {Tübingen},
	author = {Bhatt, Christa},
	checked = {EE 2022},
	ids = {Bhatt:1990:Nominalphrase},
	number = {38},
	publisher = narrstauffenburg,
	series = {Studien zur deutschen Grammatik},
	title = {{Die syntaktische Struktur der Nominalphrase im Deutschen}},
	year = {1990}}

@incollection{Haider92b,
	author = {Hubert Haider},
	checked = {EE 2022},
	crossref = {Hoffmann92a-ed},
	date-modified = {2020-09-23 19:25:34 +0200},
	doi = {10.1515/9783110622447-013},
	ids = {Haider:1992:DP},
	pages = {304--333},
	title = {{Die Struktur der deutschen Nominalphrase: Lexikalische und funktionale Strukturen}},
	bdsk-url-1 = {https://doi.org/10.1515/9783110622447-013}}

@incollection{Chomsky73a,
	author = {Noam Chomsky},
	checked = {EE 2022},
	crossref = {AK73a-ed},
	date-modified = {2020-09-05 21:30:39 +0200},
	ids = {chomsky73,Chomsky:1973:condTrans},
	pages = {232--286},
	title = {Conditions on Transformations}}

@incollection{AC2021a,
	author = {Anne Abeillé and Rui P. Chaves},
	checked = {stmue 2021},
	crossref = {HPSGHandbook},
	date-added = {2021-11-10 17:34:53 +0100},
	date-modified = {2022-08-08 12:54:07 +0200},
	doi = {10.5281/zenodo.5599848},
	ids = {AC2020a},
	pages = {725--776},
	title = {Coordination},
	bdsk-url-1 = {https://doi.org/10.5281/zenodo.5599848}}

@book{Bloomfield33a-u,
	address = {New York, NY},
	author = {Leonard Bloomfield},
	checked = {stmue 2021},
	date-modified = {2021-02-11 21:48:05 +0100},
	ids = {bloom,Bloomfield1933},
	publisher = {Holt, Rinehart, and Winston},
	series = {none},
	title = {Language},
	year = {1933}}

@book{dSW87a,
	address = cambridgeusaLondon,
	annote = {was dsw88},
	author = {Anna-Maria {Di Sciullo} and Edwin Williams},
	checked = {stmue 2021},
	date-modified = {2021-02-20 20:53:45 +0100},
	ids = {DiSciulloandWilliams1987,DiSciulloWilliams1987},
	number = {14},
	publisher = mitpress,
	series = {Linguistic Inquiry Monographs},
	title = {On the Definition of Word},
	year = {1987}}

@article{Williams81b,
	author = {Edwin Williams},
	checked = {EE 2022},
	ids = {Williams1981},
	journal = li,
	number = {2},
	pages = {245--274},
	title = {On the Notions ``Lexically Related'' and ``Head of a Word''},
	volume = {12},
	year = {1981}}

@book{Stiebels96a,
	address = {Berlin},
	author = {Barbara Stiebels},
	booktitle = {{Lexikalische Argumente und Adjunkte: Zum semantischen Beitrag verbaler Präfixe und Partikeln}},
	checked = {dm2021},
	date-modified = {2021-03-08 17:38:46 +0100},
	doi = {10.1515/9783050072319},
	ids = {Stiebels1996},
	number = {39},
	publisher = {Akademie Verlag},
	series = {studia grammatica},
	title = {{Lexikalische Argumente und Adjunkte: Zum semantischen Beitrag verbaler Präfixe und Partikeln}},
	year = {1996},
	bdsk-url-1 = {https://doi.org/10.1515/9783050072319}}

@book{Stump2001a-u,
	address = {Cambridge},
	author = {Gregory T. Stump},
	checked = {stmue 2021},
	date-modified = {2021-03-08 17:52:31 +0100},
	ids = {Stump01,Stump2001a,Stump2001,stump:2001:inflectional:morphology},
	number = {93},
	price = {148,55 DM amazon},
	publisher = {Cambridge University Press},
	series = {Cambridge Studies in Linguistics},
	title = {Inflectional Morphology: {A} Theory of Paradigm Structure},
	year = {2001}}

@book{AK2000a,
	address = {Opladen},
	author = {Hans Altmann and Silke Kemmerling},
	checked = {EE 2022},
	ids = {AltmannKemmerling2000},
	number = {2},
	publisher = {Westdeutscher Verlag},
	series = {Linguistik fürs Examen},
	title = {{Wortbildung fürs Examen}},
	year = {2000}}

@book{Bech83a,
	address = {Tübingen},
	author = {Gunnar Bech},
	checked = {stmue 2021},
	date-modified = {2021-02-27 18:36:00 +0100},
	doi = {none},
	edition = {2},
	ids = {Bech1983},
	number = {139},
	publisher = Niemeyer,
	series = {Linguistische Arbeiten},
	title = {{Studien über das deutsche Verbum infinitum}},
	year = {1983},
	bdsk-url-1 = {https://doi.org/none}}

@book{Bybee85a-u,
	address = amsterdamphiladelphia,
	author = {Joan L. Bybee},
	checked = {stmue 2021},
	date-modified = {2021-06-18 11:30:05 +0200},
	doi = {10.1075/tsl.9},
	ids = {Bybee1985},
	number = {9},
	publisher = benjamins,
	series = {Typological Studies in Language},
	title = {Morphology},
	year = {1985},
	bdsk-url-1 = {https://doi.org/10.1075/tsl.9}}

@article{Riehemann98a,
	author = {Susanne Z. Riehemann},
	checked = {stmue 2021},
	date-modified = {2021-02-14 22:37:52 +0100},
	doi = {10.1023/A:1009746617055},
	ids = {Riehemann98,Riehemann1998},
	journal = {Journal of Comparative Germanic Linguistics},
	number = {1},
	pages = {49--77},
	title = {Type-Based Derivational Morphology},
	volume = {2},
	year = {1998},
	bdsk-url-1 = {https://doi.org/10.1023/A:1009746617055}}

@book{Eschenlohr99a,
	address = {Hildesheim},
	author = {Stefanie Eschenlohr},
	checked = {EE 2022},
	ids = {Eschenlohr1999},
	number = {3},
	publisher = {Georg Olms Verlag},
	series = {Germanistische Linguistik Monographien},
	title = {{Vom Nomen zum Verb: Konversion, Präfigierung und Rückbildung im Deutschen}},
	year = {1999}}

@incollection{Greenberg63a-u,
	address = cambridgeusa,
	author = {Joseph H. Greenberg},
	booktitle = {Universals in Language},
	checked = {stmue 2022},
	date-modified = {2022-02-06 10:40:57 +0100},
	editor = {Joseph H. Greenberg},
	ids = {Greenberg1963},
	pages = {58--90},
	publisher = mitpress,
	series = {none},
	title = {Some Universals of Grammar with Particular Reference to the Order of Meaningful Elements},
	year = {1963}}

@book{Jackendoff97a,
	address = cambridgeusaLondon,
	author = {Ray Jackendoff},
	checked = {stmue 2021},
	date-modified = {2022-02-21 21:42:39 +0100},
	ids = {Jackendoff1997},
	number = {28},
	publisher = mitpress,
	series = {Linguistic Inquiry Monographs},
	title = {The Architecture of the Language Faculty},
	year = {1997}}

@incollection{Kiparsky73a-u,
	author = {Paul Kiparsky},
	checked = {EE 2022},
	crossref = {AK73a-ed},
	date-modified = {2016-03-31 13:33:20 +0000},
	ids = {Kiparsky1973},
	pages = {93--106},
	title = {{``}Elsewhere'' in Phonology}}

@phdthesis{Lieber80a-u,
	abstract = {Hoekstra87a:281},
	author = {Rochelle Lieber},
	checked = {EE 2022},
	ids = {Lieber1981},
	school = {MIT},
	title = {On the Organization of the Lexicon},
	year = {1980}}

@book{IDS97,
	address = BerlinNewYork,
	booktitle = {{Grammatik der deutschen Sprache}},
	checked = {dm 2021},
	date-modified = {2020-12-25 09:14:59 +0100},
	doi = {10.1515/9783110872163},
	editor = {Gisela Zifonun and Ludger Hoffmann and Bruno Strecker},
	ids = {Zifonun1997},
	number = {7},
	publisher = walterdegruyter,
	series = {Schriften des Instituts für deutsche Sprache},
	title = {{Grammatik der deutschen Sprache}},
	year = {1997},
	bdsk-url-1 = {http://www.ids-mannheim.de/gra/grammar/}}

@book{Olsen86a,
	address = {Stuttgart},
	author = {Susan Olsen},
	checked = {EE 2022},
	ids = {Olsen1986},
	number = {660},
	publisher = {Alfred Körner Verlag},
	series = {Körners Studienbibliothek},
	title = {{Wortbildung im Deutschen: Eine Einführung in die Theorie der Wortstruktur}},
	year = {1986}}

@article{Rooth92a-u,
	author = {Mats Rooth},
	checked = {stmue 2021},
	date-modified = {2021-03-07 21:37:54 +0100},
	doi = {10.1007/BF02342617},
	ids = {Rooth1992},
	journal = {Natural Language Semantics},
	number = {1},
	pages = {75--116},
	title = {A Theory of Focus Interpretation},
	volume = {1},
	year = {1992},
	bdsk-url-1 = {https://doi.org/10.1007/BF02342617}}

@book{Anderson92a-u,
	address = {Cambridge},
	author = {Stephen R. Anderson},
	checked = {stmue 2021},
	date-modified = {2021-02-11 17:14:11 +0100},
	doi = {10.1017/CBO9780511586262},
	ids = {Anderson1992,Anderson92,anderson:1992:a-morphous:morphology},
	number = {62},
	publisher = camup,
	series = {Cambridge Studies in Linguistics},
	title = {A-Morphous Morphology},
	year = {1992},
	bdsk-url-1 = {https://doi.org/10.1017/CBO9780511586262}}

@book{Aronoff76a-u,
	address = cambridgeusaLondon,
	author = {Aronoff, Mark},
	checked = {stmue 2021},
	date-modified = {2021-02-17 10:02:33 +0100},
	ids = {aronoff:1976:word:formation},
	number = {1},
	publisher = mitpress,
	series = {Linguistic Inquiry Monographs},
	title = {Word Formation in {Generative Grammar}},
	year = {1976}}

@book{Booij2010b-u,
	address = {Oxford},
	author = {Booij, Geert},
	checked = {stmue 2021},
	date-added = {2021-02-25 13:19:10 +0100},
	date-modified = {2021-02-25 13:22:29 +0100},
	ids = {Booij10,booij:2010:construction:morphology},
	number = {none},
	publisher = {Oxford University Press},
	series = {Oxford Linguistics},
	title = {{Construction Morphology}},
	year = {2010}}

@book{Donalies2002a-u,
	address = {Tübingen},
	author = {Elke Donalies},
	checked = {EE 2022},
	ids = {donalies:2002:wortbildung:deutschen},
	number = {27},
	publisher = {Gunter Narr Verlag},
	series = {Studien zur Deutschen Sprache},
	title = {{Die Wortbildung des Deutschen -- Ein Überblick}},
	year = {2002}}

@article{Hockett54a,
	author = {Charles F. Hockett},
	checked = {stmue 2021},
	date-modified = {2021-03-01 22:06:05 +0100},
	doi = {10.1080/00437956.1954.11659524},
	ids = {Hockett54,hockett:1954:two:models},
	journal = {Word},
	number = {2--3},
	pages = {210--234},
	title = {Two Models of Grammatical Description},
	volume = {10},
	year = {1954},
	bdsk-url-1 = {https://doi.org/10.1080/00437956.1954.11659524}}

@book{Lieb83a-u,
	address = amsterdamphiladelphia,
	author = {Hans-Heinrich Lieb},
	checked = {EE 2022},
	ids = {lieb:1983:integrational:linguistics:1},
	number = {17},
	publisher = Benjamins,
	series = {Current Issues in Linguistic Theory},
	title = {Integrational Linguistics},
	volume = {I: General Outline},
	year = {1983}}

@book{vHMP2012a-ed,
	address = {Berlin},
	booktitle = {Semantics: {An} International Handbook of Natural Language Meaning},
	checked = {EE 2022 – edited for crossref in localbib Olsen2012 bc biblio only has vol 1+2},
	date-modified = {2021-12-13 10:09:29 +0100},
	doi = {10.1515/9783110253382},
	editor = {Klaus von Heusinger and Claudia Maienborn and Paul Portner},
	number = {33},
	publisher = {De Gruyter Mouton},
	title = {Semantics: {An} International Handbook of Natural Language Meaning},
	volume = {3},
	xdata = {vHMP2012a-ed-xdata},
	year = {2012},
	bdsk-url-1 = {https://doi.org/10.1515/9783110253382}}

@book{Plank81a-u,
	address = {Tübingen},
	author = {Frans Plank},
	checked = {EE 2022},
	ids = {plank:1981:morphologische:irregularitaeten},
	number = {13},
	publisher = narrstauffenburg,
	series = {Studien zur deutschen Grammatik},
	title = {{Morphologische (Ir-)Regularitäten: Aspekte der Wortstrukturtheorie}},
	year = {1981}}

@book{Waelchli2009a-u,
	address = {Oxford},
	author = {Bernhard Wälchli},
	checked = {stmue 2021},
	date-modified = {2022-08-17 12:50:59 +0200},
	doi = {10.1093/acprof:oso/9780199276219.001.0001},
	ids = {waelchli:2005:co-compounds:natural},
	number = {none},
	publisher = oup,
	series = {Oxford Studies in Typology and Linguistic Theory},
	title = {Co-Compounds and Natural Coordination},
	year = {2009},
	bdsk-url-1 = {https://doi.org/10.1093/acprof:oso/9780199276219.001.0001}}

@book{CFMcG93a-ed,
	address = {Cambridge},
	booktitle = {Heads in Grammatical Theory},
	checked = {stmue 2021},
	date-added = {2018-10-10 11:27:32 +0200},
	date-modified = {2021-02-20 09:24:11 +0100},
	doi = {10.1017/CBO9780511659454},
	editor = {Greville G. Corbett and Norman M. Fraser and Scott McGlashan},
	publisher = camup,
	series = {none},
	title = {Heads in Grammatical Theory},
	year = {1993},
	bdsk-url-1 = {https://doi.org/10.1017/CBO9780511659454}}

@book{Wiese2000a-u,
	address = {New York},
	author = {Richard Wiese},
	checked = {stmue 2021},
	ids = {Wiese2000},
	number = {none},
	optisbn = {0198299508},
	publisher = {Oxford University Press},
	series = {The Phonology of the World's Languages},
	title = {The Phonology of {German}},
	year = {2000}}

@article{Selting93a,
	author = {Selting, Margret},
	checked = {EE 2022},
	date-added = {2016-10-12 16:12:29 +0000},
	date-modified = {2016-10-25 05:40:53 +0000},
	doi = {10.1515/zfgl.1993.21.3.291},
	ids = {Selting1993},
	journal = {Zeitschrift für germanistische Linguistik},
	number = {3},
	opturl = {https://publishup.uni-potsdam.de/opus4-ubp/files/4006/Voranstellungen.pdf},
	pages = {291--319},
	title = {{Voranstellungen vor den Satz. Zur grammatischen Form und interaktiven Funktion von Linksversetzung und Freiem Thema im Deutschen}},
	volume = {21},
	year = {1993},
	bdsk-url-1 = {https://doi.org/10.1515/zfgl.1993.21.3.291}}

@book{Searle1969,
	address = Cambridgeuk,
	author = {{John R.} Searle},
	checked = {stmue 2021},
	date-modified = {2021-02-15 14:27:55 +0100},
	doi = {10.1017/CBO9781139173438},
	publisher = camup,
	series = {none},
	title = {Speech acts: {An} Essay in the Philosophy of Language},
	year = {1969},
	bdsk-url-1 = {https://doi.org/10.1017/CBO9781139173438}}

@book{Paul1966a-u,
	address = {Tübingen},
	author = {Hermann Paul},
	checked = {EE 2022},
	doi = {10.1515/9783110929461},
	edition = {10},
	ids = {Paul1920},
	number = {6},
	publisher = Niemeyer,
	series = {Konzepte der Sprach- und Literaturwissenschaft},
	title = {{Prinzipien der Sprachgeschichte}},
	year = {1995},
	bdsk-url-1 = {https://doi.org/10.1515/9783110929461}}

@book{Altmann81a,
	address = {Tübingen},
	author = {Hans Altmann},
	booktitle = {{Formen der "`Herausstellung"' im Deutschen: Rechtsversetzung, Linksversetzung, Freies Thema und verwandte Konstruktionen}},
	checked = {stmue 2021},
	date-modified = {2021-02-27 18:37:32 +0100},
	doi = {10.1515/9783111635286},
	ids = {Altmann1981},
	number = {106},
	optisbn = {3484301066},
	price = {128,- DM},
	publisher = Niemeyer,
	series = la,
	title = {{Formen der "`Herausstellung"' im Deutschen: Rechtsversetzung, Linksversetzung, Freies Thema und verwandte Konstruktionen}},
	year = {1981},
	bdsk-url-1 = {https://doi.org/10.1515/9783111635286}}

@book{Haider2010a,
	address = {Cambridge},
	author = {Hubert Haider},
	checked = {stmue 2021},
	date-modified = {2021-12-11 12:33:43 +0100},
	doi = {10.1017/CBO9780511845314},
	ids = {Haider2010},
	number = {none},
	publisher = {Cambridge University Press},
	series = {Cambridge Syntax Guides},
	title = {The Syntax of {German}},
	year = {2010},
	bdsk-url-1 = {https://doi.org/10.1017/CBO9780511845314}}

@incollection{Haider2020a,
	annote = {was 2017 a},
	author = {Hubert Haider},
	checked = {stmue 2021},
	crossref = {PP2020a-ed},
	date-added = {2018-05-15 09:57:15 +0000},
	date-modified = {2021-03-01 07:30:04 +0100},
	doi = {10.1017/9781108378291.016},
	pages = {339--364},
	title = {{VO/OV}-base Ordering},
	bdsk-url-1 = {https://doi.org/10.1017/9781108378291.016}}

@book{PP2020a-ed,
	address = cambridgeuk,
	annote = {was 2017 a},
	booktitle = {{Cambridge} Handbook of {Germanic} Linguistics},
	checked = {stmue 2021},
	date-added = {2020-04-26 13:53:21 +0200},
	date-modified = {2021-04-15 18:48:07 +0200},
	doi = {10.1017/9781108378291},
	editor = {Michael T. Putnam and B. Richard Page},
	number = {33},
	publisher = cup,
	series = {Cambridge Handbooks in Language and Linguistics},
	title = {{Cambridge} Handbook of {Germanic} Linguistics},
	year = {2020},
	bdsk-url-1 = {https://doi.org/10.1017/9781108378291}}

@book{HP2002a-ed,
	abstract = {Pullum2013a: whatever ist Kopf in freien Relativsätzen},
	address = cambridgeuk,
	booktitle = {The {Cambridge} Grammar of the {English} Language},
	checked = {stmue 2021},
	date-added = {2013-01-16 10:18:13 +0000},
	date-modified = {2021-02-15 09:20:20 +0100},
	doi = {10.1017/9781316423530},
	editor = {Rodney Huddleston and Geoffrey K. Pullum},
	ids = {Huddleston02,HuddlestonPullum2002},
	publisher = cup,
	series = {none},
	title = {The {Cambridge} Grammar of the {English} Language},
	year = {2002},
	bdsk-url-1 = {https://doi.org/10.1017/9781316423530}}

@book{Emonds76a-u,
	address = {New York, NY},
	author = {Joseph E. Emonds},
	checked = {stmue 2021},
	date-modified = {2021-02-17 18:29:35 +0100},
	publisher = {Academic Press},
	series = {none},
	title = {A Transformational Approach to {English} Syntax: {Root}, Structure-Preserving, and Local Transformations},
	year = {1976}}

@article{Williams82a-u,
	abstract = {Hoekstra87a:124 Head-Final Filter -> Beschränkungen für pränominale Adjektive imEnglischen, 206},
	author = {Edwin Williams},
	checked = {stmue 2021},
	date-modified = {2022-03-24 10:31:23 +0100},
	ids = {Williams1982},
	journal = li,
	number = {1},
	pages = {160--163},
	stableurl = {https://www.jstor.org/stable/4178269},
	title = {Another Argument that Passive is Transformational},
	volume = {13},
	year = {1982}}

@book{Cinque99a-u,
	address = {New York, NY},
	author = {Guglielmo Cinque},
	checked = {stmue 2021},
	date-modified = {2021-02-08 20:41:49 +0100},
	ids = {Cinque:99},
	number = {15},
	publisher = {Oxford University Press},
	series = {Oxford Studies in Comparative Syntax},
	title = {Adverbs and Functional Heads: {A} Cross-Linguistic Perspective},
	year = {1999}}

@article{Bruening2020a,
	author = {Bruening, Benjamin},
	checked = {EE 2022},
	doi = {10.5334/gjgl.1031},
	ids = {Bruening:2020:NP-DP},
	journal = {Glossa: a journal of general linguistics},
	number = {1},
	pages = {15.1--19},
	title = {The Head of the Nominal is {N}, not {D}: {N-to-D} Movement, Hybrid Agreement, and Conventionalized Expressions},
	volume = {5},
	year = {2020},
	bdsk-url-1 = {https://doi.org/10.5334/gjgl.1031}}

@book{Demske2001a,
	address = {Berlin},
	author = {Demske, Ulrike},
	checked = {stmue 2021},
	doi = {10.1515/9783110811353},
	number = {56},
	publisher = {Walter de Gruyter},
	series = {Studia Linguistica Germanica},
	title = {{Merkmale und Relationen: Diachrone Studien zur Nominalphrase des Deutschen}},
	year = {2001},
	bdsk-url-1 = {https://doi.org/10.1515/9783110811353}}

@incollection{Fodor2001b,
	author = {Fodor, Janet Dean},
	checked = {stmue 2021},
	crossref = {BaltinCollins2001a-ed},
	doi = {10.1002/9780470756416.ch23},
	ids = {Fodor.2001b},
	pages = {730--767},
	title = {Setting Syntactic Parameters},
	bdsk-url-1 = {https://doi.org/10.1002/9780470756416.ch23}}

@incollection{HN94a,
	author = {Hinrichs, Erhard W. and Nakazawa, Tsuneko},
	checked = {stmue 2021},
	crossref = {NNP94a-ed},
	ids = {HinrichsandNakazawa1994},
	pages = {11--38},
	title = {Linearizing {AUXs} in {German} Verbal Complexes}}

@incollection{HT2013a-u,
	author = {Hoffmann, Thomas and Trousdale, Graeme},
	crossref = {HandbookCxG},
	doi = {10.1093/oxfordhb/9780195396683.013.0001},
	pages = {1--13},
	title = {{Construction Grammar: Introduction}},
	bdsk-url-1 = {https://doi.org/10.1093/oxfordhb/9780195396683.013.0001}}

@incollection{Michaelis2006a,
	author = {Laura A. Michaelis},
	checked = {stmue 2021},
	crossref = {Brown2006a-ed},
	date-modified = {2021-03-04 16:37:05 +0100},
	doi = {10.1016/B0-08-044854-2/02031-9},
	pages = {73--84},
	title = {{Construction Grammar}},
	year = {2006},
	bdsk-url-1 = {https://doi.org/10.1016/B0-08-044854-2/02031-9}}

@incollection{Michaelis2013a-u,
	author = {Michaelis, Laura A.},
	checked = {stmue 2021},
	crossref = {HandbookCxG},
	date-added = {2014-03-21 10:35:04 +0000},
	date-modified = {2022-08-17 10:23:49 +0200},
	doi = {10.1093/oxfordhb/9780195396683.013.0008},
	pages = {133--152},
	title = {{Sign-Based Construction Grammar}},
	bdsk-url-1 = {https://doi.org/10.1093/oxfordhb/9780195396683.013.0008}}

@incollection{GMueller2011a,
	author = {Gereon Müller},
	checked = {stmue 2021},
	crossref = {EHP2011a-ed},
	date-modified = {2021-02-14 15:49:28 +0100},
	doi = {10.1515/9783110262339.211},
	pages = {211--249},
	title = {{Regeln oder Konstruktionen? Von verblosen Direktiven zur sequentiellen Nominalreduplikation}},
	bdsk-url-1 = {http://www.uni-leipzig.de/~muellerg/mu242.pdf}}

@book{MuellerGS,
	address = {Berlin},
	author = {Müller, Stefan},
	booktitle = {German Sentence Structure: {An} Analysis with Special Consideration of So-Called Multiple Fronting},
	ids = {muller2018clause},
	note = {\underRevision},
	number = {none},
	publisher = {Language Science Press},
	series = {Empirically Oriented Theoretical Morphology and Syntax},
	title = {German Clause Structure: {An} Analysis with Special Consideration of So-Called Multiple Fronting},
	year = {2021}}

@book{Simon2003a-u,
	author = {Horst J. Simon},
	checked = {stmue 2021},
	date-added = {2021-10-08 20:53:53 +0200},
	date-modified = {2021-10-08 20:57:22 +0200},
	doi = {10.1515/9783110949513},
	number = {474},
        address = {Tübingen},
	publisher = {Max Niemeyer Verlag},
	series = {Linguistische Arbeiten},
	title = {{Für eine grammatische Kategorie `Respekt' im Deutschen: Synchronie, Diachronie und Typologie der deutschen Anredepronomina}},
        langid = {ngerman},
	year = {2003},
	bdsk-url-1 = {https://doi.org/10.1515/9783110949513}}

@inproceedings{Mueller2004e,
	author = {Müller, Stefan},
	crossref = {FG2004},
	ids = {Mueller:14b},
	pages = {91--109},
	title = {Elliptical Constructions, Multiple Frontings, and Surface"=Based Syntax}}

@incollection{MuellerCurrentApproaches,
	author = {Müller, Stefan and {Machicao y Priemer}, Antonio},
	crossref = {KMR2019a-ed},
	doi = {10.1515/9783110540253-012},
	pages = {317--359},
	title = {{Head-Driven Phrase Structure Grammar}},
	bdsk-url-1 = {https://doi.org/10.1515/9783110540253-012}}

@inproceedings{MOe2013b,
	author = {Müller, Stefan and Ørsnes, Bjarne},
	crossref = {FG2012-13},
	doi = {10.1007/978-3-642-39998-5_5},
	pages = {69--89},
	title = {Towards an {HPSG} Analysis of Object Shift in {Danish}},
	bdsk-url-1 = {https://doi.org/10.1007/978-3-642-39998-5_5}}

@incollection{Netter94,
	author = {Netter, Klaus},
	crossref = {NNP94a-ed},
	pages = {297--340},
	title = {Towards a Theory of Functional Heads: {German} Nominal Phrases}}

@incollection{Sag2012a,
	author = {Sag, Ivan A.},
	crossref = {BS2012a-ed},
	ids = {Sag:12,Sag2012,cxsag07},
	pages = {69--202},
	title = {{Sign-Based Construction Grammar}: {An} Informal Synopsis}}

@incollection{SBK2012a,
	author = {Sag, Ivan A. and Boas, Hans C. and Kay, Paul},
	crossref = {BS2012a-ed},
	pages = {1--29},
	title = {Introducing {Sign-Based Construction Grammar}}}

@inproceedings{SF95a,
	author = {Sag, Ivan A. and Fodor, Janet Dean},
	crossref = {wccfl94},
	ids = {fodorsagt,SF94a},
	pages = {365--384},
	title = {Extraction Without Traces}}

@article{MuellerCoreGram,
	author = {Stefan Müller},
	checked = {stmue 2021},
	doi = {10.15398/jlm.v3i1.91},
	ids = {Mueller2015},
	journal = jlm,
	number = {1},
	pages = {21--86},
	title = {The {CoreGram} Project: {Theoretical} Linguistics, Theory Development and Verification},
	volume = {3},
	year = {2015},
	bdsk-url-1 = {https://doi.org/10.15398/jlm.v3i1.91}}

@inproceedings{Toivonen2013a,
	author = {Toivonen, Ida},
	crossref = {BK2013a-ed},
	pages = {503--523},
	title = {English Benefactive {NPs}},
	url = {http://csli-publications.stanford.edu/LFG/18/papers/lfg13toivonen.pdf},
	bdsk-url-1 = {http://csli-publications.stanford.edu/LFG/18/papers/lfg13toivonen.pdf}}

@incollection{VanEynde2021a,
	author = {{Van Eynde}, Frank},
	checked = {stmue 2021},
	crossref = {HPSGHandbook},
	date-modified = {2022-08-17 16:22:59 +0200},
	doi = {10.5281/zenodo.5599832},
	pages = {275--313},
	title = {Nominal Structures},
	bdsk-url-1 = {https://doi.org/10.5281/zenodo.5599832}}

@incollection{Zlatic2014a,
	author = {Zlatić, Larisa},
	crossref = {SGE2014a-ed},
	doi = {10.1515/9781614512790.17},
	pages = {17--38},
	title = {Definiteness and Structure of {NPs} in {Slavic}},
	bdsk-url-1 = {https://doi.org/10.1515/9781614512790.17}}

@article{Zwicky85a,
	author = {Zwicky, Arnold M.},
	checked = {EE 2022},
	doi = {10.1017/S0022226700010008},
	ids = {zwicky85,Zwicky:1985:heads},
	journal = {Journal of Linguistics},
	number = {1},
	pages = {1--29},
	title = {Heads},
	volume = {21},
	year = {1985},
	bdsk-url-1 = {https://doi.org/10.1017/S0022226700010008}}

@incollection{Croft96a-u,
	author = {Croft, William},
	checked = {stmue 2021},
	crossref = {RZ96a-ed},
	date-added = {2020-06-28 19:42:19 +0200},
	date-modified = {2022-02-27 11:15:58 +0100},
	doi = {10.1007/978-94-015-8617-7_3},
	ids = {Croft1996,Croft1995},
	pages = {35--75},
	title = {What’s a Head?},
	bdsk-url-1 = {https://doi.org/10.1007/978-94-015-8617-7_3}}

@book{RZ96a-ed,
	address = {Dordrecht},
	booktitle = {Phrase Structure and the Lexicon},
	checked = {stmue 2021},
	date-added = {2022-02-27 11:13:25 +0100},
	date-modified = {2022-08-18 13:41:28 +0200},
	doi = {10.1007/978-94-015-8617-7},
	editor = {Johan Rooryck and Laurie Zaring},
	number = {33},
	publisher = kluwer,
	series = {Studies in Natural Language and Linguistic Theory},
	title = {Phrase Structure and the Lexicon},
	year = {1996},
	bdsk-url-1 = {https://doi.org/10.1007/978-94-015-8617-7}}

@article{Hudson87a-u,
	authauthor = {Hudson, Richard},
	author = {Hudson, Richard A.},
	checked = {stmue 2021},
	date-modified = {2022-08-17 16:51:36 +0200},
	doi = {10.1017/S0022226700011051},
	ids = {Hudson1987},
	journal = jl,
	number = {1},
	pages = {109--132},
	title = {Zwicky on Heads},
	volume = {23},
	year = {1987},
	bdsk-url-1 = {https://doi.org/10.1017/S0022226700011051}}

@techreport{PS93a-u,
	author = {Alan Prince and Paul Smolensky},
	checked = {stmue 2021},
	ids = {Prince93},
	institution = {Center for Cognitive Science, Rutgers University, Piscataway, NJ, and Computer Science Department, University of Colorado, Boulder},
	number = {2},
	related = {PS2004a-u},
	relatedstring = {Published as a book as},
	title = {{Optimality Theory}: {Constraint} Interaction in {Generative Grammar}},
	type = {RuCCS Technical Report},
	url = {http://roa.rutgers.edu/files/537-0802/537-0802-PRINCE-0-0.PDF},
	urldate = {2021-02-02},
	year = {1993},
	bdsk-url-1 = {http://roa.rutgers.edu/files/537-0802/537-0802-PRINCE-0-0.PDF}}

@book{PS2004a-cite,
	address = {Malden, MA},
	author = {Alan Prince and Paul Smolensky},
	checked = {stmue 2021},
	date-modified = {2022-08-09 16:57:36 +0200},
	doi = {10.1002/9780470759400},
	publisher = blackwellPublishing,
	related = {PS93a-related},
	relatedstring = {Published version of},
	series = {none},
	title = {{Optimality Theory}: {Constraint} Interaction in {Generative Grammar}},
	year = {2004},
	bdsk-url-1 = {https://doi.org/10.1002/9780470759400}}

@book{AK73a-ed,
	address = {New York, NY},
	booktitle = {A {Festschrift} for {Morris Halle}},
	checked = {stmue 2021},
	date-modified = {2021-02-13 16:03:55 +0100},
	editor = {Stephen R. Anderson and Paul Kiparsky},
	optisbn = {0-03-086595-6},
	publisher = {Holt, Rinehart \& Winston},
	series = {none},
	title = {A {Festschrift} for {Morris Halle}},
	year = {1973}}

@book{Goldsmith95a-ed,
	address = {London},
	booktitle = {The Handbook of Phonological Theory},
	checked = {stmue 2021},
	date-modified = {2021-11-13 18:47:51 +0100},
	doi = {none},
	edition = {1},
	editor = {John A. Goldsmith},
	number = {none},
	publisher = {Basil Blackwell},
	series = {Blackwell Handbooks in Linguistics},
	title = {The Handbook of Phonological Theory},
	year = {1995},
	bdsk-url-1 = {https://doi.org/none}}

@book{HPSGHandbook,
	address = {Berlin},
	booktitle = {{Head-Driven Phrase Structure Grammar: The} Handbook},
	checked = {stmue 2021},
	date-added = {2018-05-17 14:32:24 +0000},
	date-modified = {2021-11-10 18:51:44 +0100},
	doi = {10.5281/zenodo.5543318},
	editor = {Stefan Müller and Anne Abeillé and Borsley, Robert D. and Jean-Pierre Koenig},
	number = {9},
	publisher = lsp,
	series = eotms,
	title = {{Head-Driven Phrase Structure Grammar: The} Handbook},
	year = {2021},
	bdsk-url-1 = {https://doi.org/10.5281/zenodo.5543318}}

@book{Partee2004a-ed,
	address = {Malden, MA},
	booktitle = {Compositionality in Formal Semantics: {Selected} Papers by {Barbara H. Partee}},
	checked = {stmue 2021},
	date-added = {2020-09-28 12:24:47 +0200},
	date-modified = {2021-04-15 18:46:55 +0200},
	doi = {10.1002/9780470751305},
	editor = {Barbara H. Partee},
	number = {1},
	publisher = blackwell,
	series = {Explorations in Semantics},
	title = {Compositionality in Formal Semantics: {Selected} Papers by {Barbara H. Partee}},
	year = {2004},
	bdsk-url-1 = {https://doi.org/10.1002/9780470751305}}

@book{KMR2019a-ed,
	address = {Berlin},
	booktitle = {Current Approaches to Syntax: {A} Comparative Handbook},
	checked = {stmue 2021},
	date-added = {2022-08-08 11:17:56 +0200},
	date-modified = {2022-08-08 11:17:56 +0200},
	doi = {10.1515/9783110540253},
	editor = {András Kertész and Edith Moravcsik and Csilla Rákosi},
	number = {3},
	publisher = moutondegruyter,
	series = {Comparative Handbooks of Linguistics},
	title = {Current Approaches to Syntax: {A} Comparative Handbook},
	year = {2019},
	bdsk-url-1 = {https://doi.org/10.1515/9783110540253}}

@book{NNP94a-ed,
	address = Stanford,
	booktitle = {German in {Head-Driven Phrase Structure Grammar}},
	checked = {stmue 2021},
	date-added = {2022-08-08 11:37:13 +0200},
	date-modified = {2022-08-08 11:37:13 +0200},
	editor = {John Nerbonne and Klaus Netter and Carl Pollard},
	number = {46},
	publisher = cslip,
	series = {CSLI Lecture Notes},
	title = {German in {Head-Driven Phrase Structure Grammar}},
	year = {1994},
	bdsk-url-1 = {https://web.stanford.edu/group/cslipublications/cslipublications/site/1881526291.shtml}}

@proceedings{FG2004,
	address = Stanford,
	booktitle = {Proceedings of {Formal Grammar 2004, Nancy}},
	checked = {stmue 2021},
	date-added = {2022-08-08 11:44:35 +0200},
	date-modified = {2022-08-08 11:44:35 +0200},
	editor = {Gerhard Jäger and Paola Monachesi and Gerald Penn and Shuly Wintner},
	publisher = cslip,
	title = {Proceedings of {Formal Grammar 2004, Nancy}},
	url = {http://cslipublications.stanford.edu/FG/2004/},
	urldate = {2021-02-03},
	year = {2004},
	bdsk-url-1 = {http://cslipublications.stanford.edu/FG/2004/}}

@proceedings{Mueller2009a-ed,
	address = Stanford,
	booktitle = {Proceedings of the {16th International Conference on Head-Driven Phrase Structure Grammar, University of Göttingen, Germany}},
	checked = {stmue 2021},
	date-added = {2022-08-08 11:46:15 +0200},
	date-modified = {2022-08-08 11:46:15 +0200},
	editor = {Stefan Müller},
	publisher = cslip,
	title = {Proceedings of the {16th International Conference on Head-Driven Phrase Structure Grammar, University of Göttingen, Germany}},
	year = {2009},
	bdsk-url-1 = {http://csli-publications.stanford.edu/HPSG/2009/},
	bdsk-url-2 = {https://proceedings.hpsg.xyz/issue/view/9}}

@proceedings{Mueller2007a-ed,
	address = Stanford,
	booktitle = {Proceedings of the {14th International Conference on Head-Driven Phrase Structure Grammar, Stanford Department of Linguistics and CSLI’s LinGO Lab}},
	checked = {stmue 2021},
	date-added = {2022-08-08 11:45:38 +0200},
	date-modified = {2022-08-08 11:45:38 +0200},
	editor = {Stefan Müller},
	publisher = cslip,
	title = {Proceedings of the {14th International Conference on Head-Driven Phrase Structure Grammar, Stanford Department of Linguistics and CSLI’s LinGO Lab}},
	year = {2007},
	bdsk-url-1 = {http://csli-publications.stanford.edu/HPSG/2007/},
	bdsk-url-2 = {https://proceedings.hpsg.xyz/issue/view/7}}

@proceedings{BK2013a-ed,
	address = Stanford,
	booktitle = {Proceedings of the {LFG '13} Conference, {University of Debrecen}},
	checked = {stmue 2021},
	date-added = {2022-08-08 11:46:40 +0200},
	date-modified = {2022-08-08 11:46:40 +0200},
	editor = {Miriam Butt and Tracy Holloway King},
	publisher = cslip,
	title = {Proceedings of the {LFG '13} Conference, {University of Debrecen}},
	url = {http://csli-publications.stanford.edu/LFG/18/lfg13.html},
	urldate = {2021-02-10},
	year = {2013},
	bdsk-url-1 = {http://csli-publications.stanford.edu/LFG/18/lfg13.html}}

@book{EHP2011a-ed,
	address = BerlinNewYork,
	booktitle = {{Sprachliches Wissen zwischen Lexikon und Grammatik}},
	checked = {stmue 2021},
	date-added = {2022-08-08 11:50:57 +0200},
	date-modified = {2022-08-08 11:50:57 +0200},
	doi = {10.1515/9783110262339},
	editor = {Stefan Engelberg and Anke Holler and Kristel Proost},
	number = {none},
	publisher = degruyter,
	series = {Institut für Deutsche Sprache, Jahrbuch 2010},
	title = {{Sprachliches Wissen zwischen Lexikon und Grammatik}},
	year = {2011},
	bdsk-url-1 = {https://doi.org/10.1515/9783110262339}}

@book{BS2012a-ed,
	address = Stanford,
	booktitle = {{Sign-Based Construction Grammar}},
	checked = {stmue 2021},
	date-added = {2022-08-08 11:50:11 +0200},
	date-modified = {2022-08-08 11:50:11 +0200},
	editor = {Hans C. Boas and Ivan A. Sag},
	ids = {boas;sag12},
	number = {193},
	publisher = cslip,
	series = {CSLI Lecture Notes},
	title = {{Sign-Based Construction Grammar}},
	year = {2012},
	bdsk-file-1 = {YnBsaXN0MDDSAQIDBFxyZWxhdGl2ZVBhdGhZYWxpYXNEYXRhXxAtLi4vLi4vLi4vV2ViLVBhcGVycy9CL0JtL0JvYXMvMjAxMi1TQi1DeEcucGRmTxEBcgAAAAABcgACAAAMTWFjaW50b3NoIEhEAAAAAAAAAAAAAAAAAAAAAAAAAEJEAAH/////DzIwMTItU0ItQ3hHLnBkZgAAAAAAAAAAAAAAAAAAAAAAAAAAAAAAAAAAAAAAAAAAAAAAAAAAAAAAAAAAAAAAAP////8AAAAAAAAAAAAAAAAAAwAFAAAKIGN1AAAAAAAAAAAAAAAAAARCb2FzAAIAPS86VXNlcnM6c3RlZmFuOkRvY3VtZW50czpXZWItUGFwZXJzOkI6Qm06Qm9hczoyMDEyLVNCLUN4Ry5wZGYAAA4AIAAPADIAMAAxADIALQBTAEIALQBDAHgARwAuAHAAZABmAA8AGgAMAE0AYQBjAGkAbgB0AG8AcwBoACAASABEABIAO1VzZXJzL3N0ZWZhbi9Eb2N1bWVudHMvV2ViLVBhcGVycy9CL0JtL0JvYXMvMjAxMi1TQi1DeEcucGRmAAATAAEvAAAVAAIADf//AAAACAANABoAJABUAAAAAAAAAgEAAAAAAAAABQAAAAAAAAAAAAAAAAAAAco=}}

@book{HandbookCxG,
	address = {Oxford},
	booktitle = {The {Oxford} Handbook of {Construction Grammar}},
	checked = {stmue 2021},
	date-added = {2022-08-08 11:58:23 +0200},
	date-modified = {2022-08-08 11:58:23 +0200},
	doi = {10.1093/oxfordhb/9780195396683.001.0001},
	editor = {Thomas Hoffmann and Graeme Trousdale},
	number = {none},
	publisher = oup,
	series = {Oxford Handbooks},
	title = {The {Oxford} Handbook of {Construction Grammar}},
	year = {2013},
	bdsk-url-1 = {https://doi.org/10.1093/oxfordhb/9780195396683.001.0001}}

@book{BaltinCollins2001a-ed,
	address = Oxford,
	booktitle = {The Handbook of Contemporary Syntactic Theory},
	checked = {stmue 2021},
	date-added = {2022-08-08 11:57:25 +0200},
	date-modified = {2022-08-08 11:57:25 +0200},
	doi = {10.1002/9780470756416},
	editor = {Mark Baltin and Chris Collins},
	number = {none},
	publisher = Blackwell,
	series = {Blackwell Handbooks in Linguistics},
	title = {The Handbook of Contemporary Syntactic Theory},
	year = 2001,
	bdsk-url-1 = {https://doi.org/10.1002/9780470756416}}

@book{Brown2006a-ed,
	address = {Oxford},
	booktitle = {The Encyclopedia of Language and Linguistics},
	checked = {stmue 2021},
	date-added = {2022-08-08 11:56:48 +0200},
	date-modified = {2022-08-08 11:56:48 +0200},
	edition = {2},
	editor = {Keith Brown},
	publisher = {Elsevier Science Publisher B.V. (North-Holland)},
	series = {none},
	title = {The Encyclopedia of Language and Linguistics},
	year = {2006}}

@proceedings{wccfl94,
	address = Stanford,
	annote = {Series: West Coast Conference on Formal Linguistics

Aber das ist hohl},
	booktitle = {Proceedings of the {Thirteenth West Coast Conference on Formal Linguistics}},
	checked = {stmue 2021},
	date-added = {2022-08-08 12:02:27 +0200},
	date-modified = {2022-08-08 12:02:27 +0200},
	editor = {Raul Aranovich and William Byrne and Susanne Preuss and Martha Senturia},
	publisher = {CSLI Publications/SLA},
	title = {{WCCFL 13: The Proceedings of the Thirteenth West Coast Conference on Formal Linguistics}},
	year = {1995}}

@book{BD98a-ed,
	address = Stanford,
	booktitle = {{Romance} in {HPSG}},
	checked = {stmue 2021},
	date-added = {2022-08-08 12:32:08 +0200},
	date-modified = {2022-08-08 12:32:08 +0200},
	editor = {Sergio Balari and Luca Dini},
	number = {75},
	optisbn = {1575860821},
	opturl = {http://csli-publications.stanford.edu/site/1575860821.html},
	opturldate = {24.06.2007},
	publisher = cslip,
	series = {CSLI Lecture Notes},
	title = {{Romance} in {HPSG}},
	year = {1998}}

@book{OF91a-ed,
	address = {Tübingen},
	booktitle = {{DET, COMP und INFL: Zur Syntax funktionaler Kategorien und grammatischer Funktionen}},
	checked = {stmue 2021},
	date-added = {2022-08-08 13:12:40 +0200},
	date-modified = {2022-08-09 12:11:24 +0200},
	doi = {10.1515/9783111353838},
	editor = {Susan Olsen and Gisbert Fanselow},
	number = {263},
	publisher = Niemeyer,
	series = la,
	title = {{DET, COMP und INFL: Zur Syntax funktionaler Kategorien und grammatischer Funktionen}},
	year = {1991},
	bdsk-url-1 = {https://doi.org/10.1515/9783111353838}}

@book{ERMC90a-ed,
	address = {University of Edinburgh},
	annote = {
    DYANA report ; R1.1.A
    ESPRIT Basic Research Action BR 3175
    DYANA report ; R1.1.A.



DYANA workshop : Selected papers and abstracts.},
	booktitle = {Parametric Variation in {Germanic} and {Romance}: {Proceedings from a DYANA} workshop, September 1989},
	checked = {stmue 2022},
	date-added = {2022-08-08 13:15:36 +0200},
	date-modified = {2022-08-08 13:15:36 +0200},
	editor = {Engdahl, Elisabet and Reape, Mike and Martin Mellor and Richard Cooper},
	number = {6},
	publisher = {Center for Cognitive Science and Department of Artificial Intelligence},
	series = {Edinburgh {Working Papers in Cognitive Science}},
	title = {Parametric Variation in {Germanic} and {Romance}: {Proceedings from a DYANA} workshop, September 1989},
	year = {1990}}

@book{MR86a-ed,
	address = dordrechtcinnaminson,
	booktitle = {Features and Projections},
	checked = {stmue 2021},
	date-added = {2022-08-08 14:08:29 +0200},
	date-modified = {2022-08-08 14:08:29 +0200},
	doi = {10.1515/9783110871661},
	editor = {Peter Muysken and {Henk van} Riemsdijk},
	number = {25},
	publisher = foris,
	series = sgg,
	title = {Features and Projections},
	year = {1986},
	bdsk-url-1 = {https://doi.org/10.1515/9783110871661}}

@book{yearbook93,
	address = DordrechtProvidence,
	booktitle = {Yearbook of Morphology},
	checked = {stmue 2021},
	date-added = {2022-08-08 14:37:14 +0200},
	date-modified = {2022-08-08 14:37:14 +0200},
	editor = {Geert Booij and Jaap van Marle},
	publisher = foris,
	series = {none},
	title = {Yearbook of Morphology},
	volume = {6},
	year = {1993}}

@book{LMFH2003a-ed,
	address = {Berlin},
	booktitle = {Modifying Adjuncts},
	checked = {stmue 2021},
	date-added = {2022-08-09 06:21:36 +0200},
	date-modified = {2022-08-09 06:21:36 +0200},
	doi = {10.1515/9783110894646},
	editor = {Ewald Lang and Claudia Maienborn and Cathrine Fabricius-Hansen},
	number = {4},
	price = {Hardback: ISBN: 3110173522, Pages: vi, 657, Price: Euro 98.00},
	publisher = Moutondegruyter,
	series = {Interface Explorations},
	title = {Modifying Adjuncts},
	year = {2003},
	bdsk-url-1 = {https://doi.org/10.1515/9783110894646}}

@book{FG2012-13,
	address = berlinheidelbergnewyork,
	booktitle = {{Formal Grammar: 17th and 18th International Conferences, FG 2012, Opole, Poland, August 2012}, Revised Selected Papers, {FG 2013, Düsseldorf, Germany, August} 2013: {Proceedings}},
	checked = {stmue 2021},
	date-added = {2022-08-09 06:22:26 +0200},
	date-modified = {2022-08-09 06:22:26 +0200},
	doi = {10.1007/978-3-642-39998-5},
	editor = {Glyn Morrill and Mark-Jan Nederhof},
	number = {8036},
	publisher = springer,
	series = lncs,
	title = {{Formal Grammar: 17th and 18th International Conferences, FG 2012, Opole, Poland, August 2012}, Revised Selected Papers, {FG 2013}, {Düsseldorf}, {Germany}, {August} 2013: {Proceedings}},
	year = {2013},
	bdsk-url-1 = {https://doi.org/10.1007/978-3-642-39998-5}}

@book{BvH96a-ed,
	address = BerlinNewYork,
	booktitle = {Discontinuous Constituency},
	checked = {dm2021},
	date-added = {2022-08-09 06:23:37 +0200},
	date-modified = {2022-08-09 06:23:37 +0200},
	doi = {10.1515/9783110873467},
	editor = {Harry Bunt and Arthur van Horck},
	number = {6},
	publisher = Moutondegruyter,
	series = {Natural Language Processing},
	title = {Discontinuous Constituency},
	year = {1996},
	bdsk-url-1 = {https://doi.org/10.1515/9783110873467}}

@book{Webelhuth95a-ed,
	address = oxfordcambridge,
	annote = {no DOI? no online},
	booktitle = {{Government and Binding Theory} and the {Minimalist Program}: {Principles and Parameters} in Syntactic Theory},
	checked = {stmue 2021},
	date-added = {2022-08-09 06:24:26 +0200},
	date-modified = {2022-08-09 06:24:26 +0200},
	editor = {Webelhuth, Gert},
	number = {1},
	publisher = Blackwell,
	series = {Generative Syntax},
	title = {{Government and Binding Theory} and the {Minimalist Program}: {Principles and Parameters} in Syntactic Theory},
	year = {1995}}

@book{SGE2014a-ed,
	address = {Berlin},
	booktitle = {The Nominal Structure in {Slavic} and Beyond},
	checked = {stmue 2021},
	date-added = {2022-08-09 06:26:57 +0200},
	date-modified = {2022-08-09 06:26:57 +0200},
	doi = {10.1515/9781614512790},
	editor = {Schürcks, Lilia and Giannakidou, Anastasia and Etxeberria, Urtzi},
	number = {116},
	publisher = {De Gruyter Mouton},
	series = sgg,
	title = {The Nominal Structure in {Slavic} and Beyond},
	year = {2014},
	bdsk-url-1 = {https://doi.org/10.1515/9781614512790}}

@book{FF90,
	address = {Tübingen},
	booktitle = {{Strukturen und Merkmale syntaktischer Kategorien}},
	checked = {stmue 2021},
	date-added = {2022-08-09 11:53:16 +0200},
	date-modified = {2022-08-09 11:53:16 +0200},
	editor = {Gisbert Fanselow and Sascha W. Felix},
	number = {39},
	publisher = narrstauffenburg,
	series = {Studien zur deutschen Grammatik},
	title = {{Strukturen und Merkmale syntaktischer Kategorien}},
	year = {1991}}

@book{Hoffmann92a-ed,
	address = BerlinNewYork,
	booktitle = {{Deutsche Syntax: Ansichten und Aussichten}},
	checked = {stmue 2021},
	date-added = {2022-08-09 12:03:38 +0200},
	date-modified = {2022-08-09 12:04:19 +0200},
	doi = {10.1515/9783110622447},
	editor = {Ludger Hoffmann},
	langid = {ngerman},
	number = {1991},
	publisher = {de Gruyter},
	series = {Jahrbuch des Instituts für deutsche Sprache},
	title = {{Deutsche Syntax: Ansichten und Aussichten}},
	year = {1992},
	bdsk-url-1 = {https://doi.org/10.1515/9783110622447}}

@book{Kenstowicz2001a-ed,
	address = cambridgeusa,
	booktitle = {{Ken Hale}: {A} Life in Language},
	checked = {stmue 2021},
	date-added = {2022-08-09 12:06:24 +0200},
	date-modified = {2022-08-09 12:06:24 +0200},
	editor = {Michael Kenstowicz},
	number = {36},
	publisher = mitpress,
	series = {Current Studies in Linguistics},
	title = {{Ken Hale}: {A} Life in Language},
	year = {2001}}

@book{LG99a-ed,
	address = Cambridgeuk,
	booktitle = {Studies in Contemporary {Phrase Structure Grammar}},
	checked = {stmue 2021},
	date-added = {2022-08-09 12:07:45 +0200},
	date-modified = {2022-08-09 12:07:45 +0200},
	editor = {Robert D. Levine and Georgia M. Green},
	optisbn = {0521651077},
	price = {\$64.95},
	publisher = camup,
	series = {none},
	title = {Studies in Contemporary {Phrase Structure Grammar}},
	year = {1999},
	bdsk-file-1 = {YnBsaXN0MDDSAQIDBFxyZWxhdGl2ZVBhdGhZYWxpYXNEYXRhXxBfLi4vLi4vLi4vRS1Cb29rcy9MaW5ndWlzdGljcy9ML0xldmluZS8xOTk5LVN0dWRpZXMgaW4gQ29udGVtcG9yYXJ5IFBocmFzZSBTdHJ1Y3R1cmUgR3JhbW1hci5wZGZPEQIsAAAAAAIsAAIAAAxNYWNpbnRvc2ggSEQAAAAAAAAAAAAAAAAAAAAAAAAAQkQAAf////8fMTk5OS1TdHVkaWVzIGluIENvI0ZGRkZGRkZGLnBkZgAAAAAAAAAAAAAAAAAAAAAAAAAAAAAAAAAAAAAAAAAA/////wAAAAAAAAAAAAAAAAADAAUAAAogY3UAAAAAAAAAAAAAAAAABkxldmluZQACAG8vOlVzZXJzOnN0ZWZhbjpEb2N1bWVudHM6RS1Cb29rczpMaW5ndWlzdGljczpMOkxldmluZToxOTk5LVN0dWRpZXMgaW4gQ29udGVtcG9yYXJ5IFBocmFzZSBTdHJ1Y3R1cmUgR3JhbW1hci5wZGYAAA4AdAA5ADEAOQA5ADkALQBTAHQAdQBkAGkAZQBzACAAaQBuACAAQwBvAG4AdABlAG0AcABvAHIAYQByAHkAIABQAGgAcgBhAHMAZQAgAFMAdAByAHUAYwB0AHUAcgBlACAARwByAGEAbQBtAGEAcgAuAHAAZABmAA8AGgAMAE0AYQBjAGkAbgB0AG8AcwBoACAASABEABIAbVVzZXJzL3N0ZWZhbi9Eb2N1bWVudHMvRS1Cb29rcy9MaW5ndWlzdGljcy9ML0xldmluZS8xOTk5LVN0dWRpZXMgaW4gQ29udGVtcG9yYXJ5IFBocmFzZSBTdHJ1Y3R1cmUgR3JhbW1hci5wZGYAABMAAS8AABUAAgAN//8AAAAIAA0AGgAkAIYAAAAAAAACAQAAAAAAAAAFAAAAAAAAAAAAAAAAAAACtg==}}

@book{MK2001a-ed,
	address = Stanford,
	booktitle = {Constraint"=Based Approaches to {Germanic} Syntax},
	checked = {stmue 2021},
	date-added = {2022-08-09 12:08:31 +0200},
	date-modified = {2022-08-09 12:08:31 +0200},
	editor = {W. Detmar Meurers and Tibor Kiss},
	number = {7},
	publisher = cslip,
	series = {Studies in Constraint"=Based Lexicalism},
	title = {Constraint"=Based Approaches to {Germanic} Syntax},
	year = {2001}}

@proceedings{Mueller2015a-ed,
	address = stanford,
	booktitle = {Proceedings of the {22nd International Conference on Head-Driven Phrase Structure Grammar, Nanyang Technological University (NTU), Singapore}},
	checked = {stmue 2021},
	date-added = {2022-08-09 12:10:00 +0200},
	date-modified = {2022-08-09 12:10:00 +0200},
	editor = {Stefan Müller},
	publisher = cslip,
	title = {Proceedings of the {22nd International Conference on Head-Driven Phrase Structure Grammar, Nanyang Technological University (NTU), Singapore}},
	year = {2015},
	bdsk-url-1 = {http://csli-publications.stanford.edu/HPSG/2015/},
	bdsk-url-2 = {https://proceedings.hpsg.xyz/issue/view/15}}

@proceedings{wccfl2011,
	address = {Somerville, MA},
	booktitle = {Proceedings of the {28th West Coast Conference on Formal Linguistics}},
	checked = {stmue 2021},
	date-added = {2022-08-09 12:18:26 +0200},
	date-modified = {2022-08-09 12:18:26 +0200},
	editor = {Mary Byram Washburn and Katherine McKinney-Bock and Erika Varis and Ann Sawyer and Barbara Tomaszewicz},
	publisher = {Cascadilla Press},
	title = {Proceedings of the {28th West Coast Conference on Formal Linguistics}},
	year = {2011}}

@book{WKK99a-ed,
	address = Stanford,
	booktitle = {Lexical and Constructional Aspects of Linguistic Explanation},
	checked = {stmue 2021},
	date-added = {2022-08-09 12:19:21 +0200},
	date-modified = {2022-08-09 12:19:21 +0200},
	editor = {Gert Webelhuth and Jean-Pierre Koenig and Andreas Kathol},
	number = {1},
	optisbn = {1-57586-152-6},
	optlocation = {gekauft},
	price = {\$24.95},
	publisher = cslip,
	series = {Studies in Constraint"=Based Lexicalism},
	title = {Lexical and Constructional Aspects of Linguistic Explanation},
	year = {1999}}

@book{Hawkins94a-u,
	address = {Cambridge},
	author = {Hawkins, John A.},
	checked = {stmue 2021},
	date-modified = {2022-08-17 12:26:18 +0200},
	doi = {10.1017/CBO9780511554285},
	ids = {Hawkins1995},
	number = {73},
	publisher = {Cambridge Univiversity Press},
	series = {Cambridge Studies in Linguistics},
	title = {A Performance Theory of Order and Constituency},
	year = {1994},
	bdsk-url-1 = {https://doi.org/10.1017/CBO9780511554285}}

@inproceedings{Keenan76a-u,
	abstract = {zitiert von Wunderlich94a: 7 zur Theorie der Kontrolle, die dann von GPSGaufgegriffen wurde},
	author = {Edward L. Keenan},
	checked = {EE 2022, LK 2022},
	crossref = {CLS74},
	doi = {none},
	ids = {Keenan1974},
	pages = {298--309},
	title = {The Functional Principle: {Generalizing} the Notion `Subject of'},
	bdsk-url-1 = {https://doi.org/none}}

@proceedings{CLS74,
	address = chicago,
	booktitle = {Papers from the {Tenth Regional Meeting of the Chicago Linguistic Society}},
	checked = {stmue 2021, LK 2022},
	date-added = {2021-02-15 20:32:00 +0100},
	date-modified = {2021-02-15 20:34:15 +0100},
	editor = {La~Galy, Michael W. and Robert A. Fox and Anthony Bruck},
	publisher = cls,
	title = {Papers from the {Tenth Regional Meeting of the Chicago Linguistic Society}},
	volume = {10.1},
	year = {1974}}

@book{JvSSV93a-ed,
	address = berlinnewyork,
	checked = {stmue 2021},
	date-added = {2022-08-16 20:21:19 +0200},
	date-modified = {2022-08-18 13:38:26 +0200},
	doi = {10.1515/9783110095869.1},
	editor = {Joachim Jacobs and Arnim {von Stechow} and Wolfgang Sternefeld and Theo Vennemann},
	number = {9},
	publisher = walterdegruyter,
	volume = {1},
	xdata = {JvSSV93a-ed-xdata},
	year = {1993},
	bdsk-url-1 = {https://doi.org/10.1515/9783110095869.1}}

@book{Fleischer82a-u,
	address = {Leipzig},
	author = {Wolfgang Fleischer},
	checked = {stmue 2021},
	date-modified = {2022-08-17 07:56:23 +0200},
	doi = {10.1515/9783110947625},
	ids = {Fleischer:1982:Phraseologie},
	publisher = {VEB Bibliographisches Institut Leipzig},
	series = {none},
	title = {{Phraseologie der deutschen Gegenwartssprache}},
	year = {1982},
	bdsk-url-1 = {https://doi.org/10.1515/9783110947625}}
