@incollection{Andersson1997,
   author = {Andersson, Lars-Gunnar},
   title = {Seyeyi revisited: Prospects for the future of a threatened language},
   booktitle = {Namibian languages: Reports and papers},
   editor = {Haacke, W. H. G. and Elderkin, E.D.},
   publisher = {Rüdiger Köppe},
   address = {Köln},
   pages = {265-274},
   year = {1997}
}

@incollection{Ariel2001,
   author = {Ariel, Mira},
   title = {Accessibility theory: An overview},
   booktitle = {Text representation: Linguistic and psycholinguistic aspects},
   editor = {Sanders, Ted and Schliperoord, Joost and Spooren, Wilbert},
   publisher = {John Benjamins},
   address = {Amsterdam},
   pages = {29-87},
   year = {2001}
}

@incollection{AustinSallabank2011,
   author = {Austin, Peter K. and Sallabank, Julia},
   title = {Introduction},
   booktitle = {The Cambridge Handbook of Endangered Languages},
   editor = {Sallabank, Julia and Austin, Peter K.},
   series = {Cambridge Handbooks in Language and Linguistics},
   publisher = {Cambridge University Press},
   address = {Cambridge},
   pages = {1-24},
   ISBN = {9780521882156},
   DOI = {DOI: 10.1017/CBO9780511975981.001},
   url = {https://www.cambridge.org/core/books/cambridge-handbook-of-endangered-languages/introduction/CF7841EAC66EAE2F5C07E7EC2CDC8772},
   year = {2011}
}

@book{Bastin1983,
   author = {Bastin, Y.},
   title = {La finale verbale -ide et l'imbrication en bantou},
   publisher = {MRAC},
   address = {Tervuren},
   year = {1983}
}

@book{BastinEtAl2002,
   editor = {Bastin, Yvonne and Coupez, André and Mumba, Evariste and Schadeberg, Thilo C.},
   title = {Bantu lexical reconstructions 3},
   publisher = {Royal Museum for Central Africa, online database:  http://linguistics.africamuseum.be/BLR3.html},
   address = {Tervuren},
   year = {2002}
}

@incollection{Baumbach1997,
   author = {Baumbach, E.J.M.},
   title = {Bantu languages of the Eastern Caprivi},
   booktitle = {Namibian languages: Reports and papers},
   editor = {Haacke, W.H.G. and Elderkin, E.E.},
   publisher = {Rüdiger Köppe},
   address = {Köln},
   year = {1997}
}

@incollection{BertinettoLenci2012,
   author = {Bertinetto, Pier Marco and Lenci, Alessandro},
   title = {Habituality, pluractionality, and imperfectivity},
   booktitle = {The Oxford handbook of tense and aspect: Online edition},
   editor = {Binnick, Robert I.},
   publisher = {Oxford University Press},
   address = {Oxford},
   pages = {1-28},
   year = {2012}
}

@article{Bokamba1971,
   author = {Bokamba, Georges D.},
   title = {Specificity and definiteness in Dzamba},
   journal = {Studies in African Linguistics},
   volume = {2},
   number = {3},
   pages = {217-237},
   year = {1971}

@article{Bostoen2008,
   author = {Bostoen, Koen},
   title = {Bantu spirantization. Morphologization, lexicalization and historical classification},
   journal = {Diachronica},
   volume = {25},
   number = {3},
   pages = {299-356},
   year = {2008}

@incollection{Bostoen2009,
   author = {Bostoen, Koen},
   title = {Shanjo and Fwe as part of Bantu Botatwe: A diachronic phonological approach},
   booktitle = {Selected proceedings of the 39th Annual Conference of African Linguistics},
   editor = {Ojo, Akinloye and Moshi, Lioba},
   publisher = {Cascadilla Proceedings Project},
   address = {Somerville},
   pages = {110-130},
   year = {2009}
}

@incollection{BostoenSands2012,
   author = {Bostoen, Koen and Sands, Bonny},
   title = {Clicks in south-western Bantu languages: Contact-induced vs. internally motivated change},
   booktitle = {Proceedings of the 6th World Congress of African Linguistics Cologne 2009},
   editor = {Brenzinger, Matthias and Fehn, Anne-Maria},
   publisher = {Rüdiger Köppe},
   address = {Köln},
   pages = {129-140},
   year = {2012}
}

@incollection{Botne1983,
   author = {Botne, Robert},
   title = {On the notion of 'inchoative verb' in Kinyarwanda},
   booktitle = {Le kinyarwanda, études linguistiques},
   editor = {Jouannet, F.},
   publisher = {SELAF},
   address = {Paris},
   pages = {149-180},
   year = {1983}
}

@incollection{Botne1999,
   author = {Botne, Robert},
   title = {Future and distal -ka-'s},
   booktitle = {Bantu historical linguistics: Theoretical and empirical perspectives},
   editor = {Hombert, Jean-Marie and Hyman, Larry M.},
   publisher = {CSLI publications},
   address = {Standford},
   pages = {475-515},
   year = {1999}
}

@article{BotneKershner2008,
   author = {Botne, Robert and Kershner, Tiffany L.},
   title = {Tense and cognitive space: On the organization of tense/aspect systems in Bantu languages and beyond},
   journal = {Cognitive Linguistics},
   volume = {19},
   number = {2},
   pages = {145-218},
   year = {2008}

@article{Bow2013,
   author = {Bow, Catherine},
   title = {Community-based orthography development in four Western Zambian languages},
   journal = {Writing Systems Research},
   volume = {5},
   number = {1},
   pages = {73-87},
   year = {2013}

@incollection{Brenziner1998,
   author = {Brenzinger, Matthias},
   title = {Moving to survive: Kxoe communities in arid lands},
   booktitle = {Language, identity and conceptualization among the Khoisan},
   editor = {Schladt, Mathias},
   publisher = {Rüdiger Köppe},
   address = {Köln},
   pages = {321-357},
   year = {1998}
}

@book{Burger1960,
   author = {Burger, J.P.},
   title = {An English-Lozi vocabulary},
   publisher = {Morija Printing Works},
   address = {Morija - Basutoland},
   year = {1960}
}

@book{Carter1962,
   author = {Carter, Hazel},
   title = {Notes on the tonal system of Northern Rhodesian Plateau Tonga},
   publisher = {Her Majesty's Stationery Office},
   address = {London},
   year = {1962}
}

@book{Carter2002,
   author = {Carter, Hazel},
   title = {An outline of Chitonga grammar},
   publisher = {Bookworld Publishers},
   address = {Lusaka},
   year = {2002}
}

@book{Chafe1980,
   editor = {Chafe, Wallace L.},
   title = {The pear stories. Cognitive, cultural and linguistic aspects of narrative production},
   publisher = {Ablex},
   address = {Norwood},
   year = {1980}
}

@book{Collins1962,
   author = {Collins, B.},
   title = {Tonga grammar},
   publisher = {Longmans, Green and Co},
   address = {London},
   year = {1962}
}

@book{Comrie1976,
   author = {Comrie, Bernard},
   title = {Aspect},
   publisher = {Cambridge University Press},
   address = {Cambridge},
   year = {1976}
}

@incollection{Connell2011,
   author = {Connell, Bruce},
   title = {Downstep},
   booktitle = {The Blackwell companion to phonology, volume II},
   editor = {van Oostendorp, Marc and Ewen, Colin and Hume, Elizabeth and Rice, Keren},
   publisher = {Wiley-Blackwell},
   address = {Chichester},
   pages = {824-847},
   year = {2011}
}

@book{Corbett1991,
   author = {Corbett, Greville},
   title = {Gender},
   publisher = {Cambridge University Press},
   address = {Cambridge},
   year = {1991}
}

@incollection{CoverTonhauser2015,
   author = {Cover, Rebecca T. and Tonhauser, Judith},
   title = {Theories of meaning in the field: Temporal and aspectual reference},
   booktitle = {Methodologies in semantic fieldwork},
   editor = {Bochnak, M. Ryan and Matthewson, Lisa},
   publisher = {Oxford University Press},
   address = {Oxford},
   pages = {309-349},
   year = {2015}
}

@article{Crane2014,
   author = {Crane, Thera},
   title = {Melodic tone in Totela TAM},
   journal = {Africana Linguistica},
   volume = {20},
   pages = {63-79},
   year = {2014}

@incollection{Crane2019,
   author = {Crane, Thera},
   title = {Totela K41},
   booktitle = {The Bantu languages},
   editor = {Van de Velde, Mark and Bostoen, Koen and Nurse, Derek and Philippson, Gérard},
   publisher = {Routledge},
   address = {London},
   edition = {2},
   pages = {645-691},
   year = {2019}
}

@phdthesis{Crane2011,
   author = {Crane, Thera Marie},
   title = {Beyond time: Temporal and extra-temporal functions of tense and aspect marking in Totela, a Bantu language of Zambia},
   university = {University of California}
   year = {2011}
}

@article{Crane2012,
   author = {Crane, Thera Marie},
   title = {-ile and the pragmatic pathways of the resultative in Bantu Botatwe},
   journal = {Africana Linguistica},
   volume = {18},
   pages = {41-96},
   year = {2012}

@article{Crane2013,
   author = {Crane, Thera Marie},
   title = {Resultatives, progressives, statives, and relevance: The temporal pragmatics of the -ite suffix in Totela},
   journal = {Lingua},
   volume = {133},
   pages = {164-188},
   year = {2013}

@article{CranePersohn2019,
   author = {Crane, Thera Marie and Persohn, Bastian},
   title = {What's in a Bantu verb? Actionality in Bantu languages},
   journal = {Linguistic Typology},
   volume = {23},
   number = {2},
   pages = {303-345},
   year = {2019}



@article{Blois1971,
   author = {de Blois, K.F.},
   title = {The augment in Bantu languages},
   journal = {Africana Linguistica},
   volume = {4},
   pages = {85-165},
   year = {1970}

@article{KindBostoen2012,
   author = {de Kind, Jasper and Bostoen, Koen},
   title = {The applicative in ciLubà grammar and discourse: A semantic goal analysis},
   journal = {Southern African Linguistics and Applied Language Studies},
   volume = {30},
   number = {1},
   pages = {101-124},
   year = {2012}

@article{KindEtAl2015,
   author = {De Kind, Jasper and Dom, Sebastian and de Schryver, Gilles-Maurice and Bostoen, Koen},
   title = {Event-centrality and the pragmatics-semantics interface in Kikongo: From predication focus to progressive aspect and vice versa},
   journal = {Folia Linguistica Historica},
   volume = {36},
   pages = {113-163},
   year = {2015}

@phdthesis{Luna2008,
   author = {de Luna, Kathryn},
   title = {Collecting food, cultivating persons: Wild resource use in central African political culture, c. 1000 B.C.E to c. 1900 C.E.},
   university = {Northwestern University}
   year = {2008}
}

@article{Luna2010,
   author = {de Luna, Kathryn},
   title = {Classifying Botatwe: M60 languages and the settlement chronology of south central Africa},
   journal = {Africana Linguistica},
   volume = {16},
   pages = {65-96},
   year = {2010}

@book{Luna2016,
   author = {de Luna, Kathryn M.},
   title = {Collecting food, cultivating people. Subsistence and society in Central Africa},
   publisher = {Yale University Press},
   address = {New Haven and London},
   year = {2016}
}

@article{DevosEtAl2010,
   author = {Devos, Maud and Kasombo Tshibanda, Michael and van der Auwera, Johan},
   title = {Jespersen cycles in Kanincin: Double, triple and maybe even quadruple negation},
   journal = {Africana Linguistica},
   volume = {16},
   pages = {155-181},
   year = {2010}

@book{Dickens1994,
   author = {Dickens, Patrick},
   title = {English-Juǀ'hoan, Juǀ'hoan-English dictionary},
   publisher = {Rüdiger Köppe},
   address = {Köln},
   year = {1994}
}

@book{Diessel1999,
   author = {Diessel, Holger},
   title = {Demonstratives. Form function and grammaticalization},
   publisher = {John Benjamins},
   address = {Amsterdam/Philadelphia},
   series = {Typological studies in language},
   year = {1999}
}

@book{Dik1997,
   author = {Dik, Simon C.},
   title = {The theory of functional grammar, part 1: The structure of the clause},
   publisher = {Mouton de Gruyter},
   address = {Berlin, New York},
   edition = {2},
   year = {1997}
}

@article{Doke1925,
   author = {Doke, Clement M.},
   title = {An outline of the phonetics of the language of the Chû: Bushmen of north-west Kalahari},
   journal = {Bantu Studies and General South African Anthropology},
   volume = {2},
   number = {3},
   pages = {129-165},
   year = {1925}

@book{Doke1954,
   author = {Doke, C. M.},
   title = {The Southern Bantu Languages},
   publisher = {Oxford University Press for the International African Institute},
   address = {London},
   year = {1954}
}

@book{EberhardEtAl2021,
   editor = {Eberhard, David M. and Simons, Gary F. and Fennig, Charles D.},
   title = {Ethnologue: Languages of the world},
   publisher = {SIL International. Online version: http://www.ethnologue.com. Last accessed: 22-06-2021.},
   address = {Dallas, Texas},
   edition = {24},
   year = {2021}
}

@incollection{Elderkin1998,
   author = {Elderkin, E.D.},
   title = {Silozi and Namibia},
   booktitle = {Cross-border languages. Reports and studies. Regional workshop on cross-border languages. NIED. 23-27 September 1996},
   editor = {Legère, Karsten},
   publisher = {Gamsberg Macmillan Publishers},
   address = {Windhoek},
   pages = {204-225},
   year = {1998}
}

@incollection{Fleisch2005,
   author = {Fleisch, Axel},
   title = {Agent phrases in Bantu passives},
   booktitle = {Studies in African linguistic typology},
   editor = {Voeltz, F.K. Erhard},
   publisher = {John Benjamins Publishing Company},
   address = {Amsterdam/Philadelphia},
   volume = {64},
   pages = {93-111},
   year = {2005}
}

@book{Fortune1977,
   author = {Fortune, George},
   title = {An outline of Silozi grammar},
   publisher = {Bookworld Publishers},
   address = {Lusaka},
   year = {1977}
}

@book{Freed1979,
   author = {Freed, Alice F.},
   title = {The semantics of English aspectual complementation},
   publisher = {D. Reidel Publishing Company},
   address = {Dordrecht},
   year = {1979}
}

@incollection{Gambarage2013,
   author = {Gambarage, Joash Johannes},
   title = {The pre-prefix in Nata: An interface account},
   booktitle = {Selected proceedings from the 43rd Annual Conference on African Linguistics},
   editor = {Orie, Olanike Ola and Sanders, Karen W.},
   publisher = {Cascadilla Proceedings Project},
   address = {Somerville, MA},
   pages = {163-176},
   year = {2013}
}

@article{GibsonEtAl2017,
   author = {Gibson, Hannah and Guérois, Rozenn and Marten, Lutz},
   title = {Patterns and developments in the marking of diminutives in Bantu},
   journal = {Nordic Journal of African Studies},
   volume = {26},
   number = {4},
   pages = {344-383},
   year = {2017}

@article{GoesBostoen2021,
   author = {Goes, Heidi and Bostoen, Koen},
   title = {Typology and evolution of diminutives in the Kikongo Language Cluster},
   journal = {Africana Linguistica},
   volume = {27},
   pages = {59-102},
   year = {2021}

@incollection{Goldsmith1984,
   author = {Goldsmith, J.},
   title = {Tone and accent in Tonga},
   booktitle = {Autosegmental studies in Bantu tone},
   editor = {Clements, G.N. and Goldsmith, J.},
   publisher = {Floris},
   address = {Dordrecht},
   pages = {65-96},
   year = {1984}
}

@mastersthesis{Gowlett1967,
   author = {Gowlett, D.F.},
   title = {Morphology of the verb in Lozi},
   university = {University of Witwatersrand},
   year = {1967}
}

@article{Gowlett1989,
   author = {Gowlett, D.F.},
   title = {The parentage and development of Lozi},
   journal = {Journal of African Languages and Linguistics},
   volume = {11},
   pages = {127-149},
   year = {1989}

@article{Greenberg1951,
   author = {Greenberg, Joseph H.},
   title = {Vowel and nasal harmony in Bantu languages},
   journal = {Zaire},
   volume = {5},
   pages = {813-820},
   year = {1951}

@article{Güldemann2003,
   author = {Güldemann, Tom},
   title = {Present progressive vis-a-vis predication focus in Bantu: a verbal category between semantics and pragmatics},
   journal = {Studies in language},
   volume = {27},
   number = {2},
   pages = {323-360},
   year = {2003}

@incollection{Güldemann2014,
   author = {Güldemann, Tom},
   title = {'Khoisan' linguistic classification today},
   booktitle = {Beyond 'Khoisan'. Historical relations in the Kalahari basin},
   editor = {Güldemann, Tom and Fehn, Anne-Maria},
   publisher = {John Benjamins},
   address = {Amsterdam},
   pages = {1-40},
   year = {2014}
}

@article{Güldemann1999,
   author = {Güldemann, Tom},
   title = {Head-initial meets head-final: Nominal suffixes in Eastern and Southern Bantu from a historical perspective},
   journal = {Studies in African Linguistics},
   volume = {28},
   number = {1},
   pages = {49-91},
   year = {1999}



@article{Gunnink2017,
   author = {Gunnink, Hilde},
   title = {Locative clitics in Fwe},
   journal = {Africana Linguistica},
   volume = {23},
   pages = {119-136},
   year = {2017}

@article{Gunnink2019,
   author = {Gunnink, Hilde},
   title = {The fronted-infinitive construction in Fwe},
   journal = {Africana Linguistica},
   volume = {25},
   pages = {65-88},
   year = {2019}

@incollection{Gunnink2020,
   author = {Gunnink, Hilde},
   title = {Click loss and click insertion in Fwe},
   booktitle = {Click consonants},
   editor = {Sands, Bonny},
   publisher = {Brill},
   address = {Leiden},
   pages = {156-178},
   year = {2020}
}

@incollection{GunninkPacchiarottiforthcoming,
   author = {Gunnink, Hilde and Pacchiarotti, Sara},
   title = {Neglected functions of the Bantu applicative in relation to Locations: new insights from Fwe (K402)},
   booktitle = {Applicative morphology: Neglected syntactic  and non-syntactic functions},
   editor = {Pacchiarotti, Sara and Zúñiga, Fernando},
   series = {Trends in Linguistics Studies and Monographs},
   publisher = {De Gruyter Mouton},
   address = {Berlin/Boston},
   year = {forthcoming}
}

@article{GunninkEtAl2015,
   author = {Gunnink, Hilde and Sands, Bonny and Pakendorf, Brigitte and Bostoen, Koen},
   title = {Prehistoric language contact in the Kavango-Zambezi transfrontier area: Khoisan influence on southwestern Bantu languages},
   journal = {Journal of African Languages and Linguistics},
   volume = {36},
   number = {2},
   pages = {193-232},
   year = {2015}

@book{Guthrie1948,
   author = {Guthrie, Malcolm},
   title = {The classification of the Bantu languages},
   publisher = {Published for the International African Institute by the Oxford University Press},
   address = {London},
   year = {1948}
}

@incollection{Hammarström2019,
   author = {Hammarström, Harald},
   title = {An inventory of Bantu languages},
   booktitle = {The Bantu languages},
   editor = {Van de Velde, Mark and Bostoen, Koen and Nurse, Derek and Philippson, Gérard},
   publisher = {Routledge},
   address = {London/New York},
   edition = {2},
   pages = {17-78},
   year = {2019}
}

@incollection{Haspelmath2007,
   author = {Haspelmath, Martin},
   title = {Coordination},
   booktitle = {Language typology and syntactic description},
   editor = {Shopen, Timothy},
   publisher = {Cambridge University Press},
   address = {Cambridge},
   pages = {1-51},
   year = {2007}
}

@article{Heine1994,
   author = {Heine, Bernd},
   title = {On the genesis of aspect in African languages: The proximative},
   journal = {Berkeley Linguistic Society},
   volume = {20},
   pages = {35-46},
   year = {1994}

@book{HeineEtAl1993,
   author = {Heine, Bernd and Güldemann, Tom and Kilian-Hatz, Christa and Lessau, Donald A. and Roberg, Heinz and Schladt, Mathias and Stolz, Thomas},
   title = {Conceptual shift. A lexicon of grammaticalization processes in African languages},
   publisher = { Institut für Afrikanistik, Universität zu Köln},
   address = {Köln},
   series = {Afrikanistische Arbeitspapiere 34/35},
   year = {1993}
}

@incollection{Himmelmann1996,
   author = {Himmelmann, Nikolaus P.},
   title = {Demonstratives in narrative discourse: A taxonomy of universal uses},
   booktitle = {Studies in anaphora},
   editor = {Fox, B.},
   publisher = {John Benjamins},
   address = {Amsterdam},
   pages = {205-254},
   year = {1996}
}

@incollection{Hyman2001,
   author = {Hyman, Larry M.},
   title = {Privative tone in Bantu},
   booktitle = {Cross-linguistic studies of tonal phenomena: Historical development, phonetics of tone, and descriptive studies},
   editor = {Kaji, Shigeki},
   publisher = {Institute for the Study of Languages and Cultures},
   address = {Tokyo},
   pages = {237-257},
   year = {2001}
}

@article{Hyman2003a,
   author = {Hyman, Larry M.},
   title = {Sound change, misanalysis and analogy in the Bantu causative},
   journal = {Journal of African Languages and Linguistics},
   volume = {24},
   pages = {55-90},
   year = {2003}

@incollection{Hyman2003b,
   author = {Hyman, Larry M.},
   title = {Suffix ordering in Bantu: A morphocentric approach},
   booktitle = {Yearbook of Morphology 2002},
   editor = {Booij, G.E. and van Marle, Jaap},
   publisher = {Kluwer},
   address = {Dordrecht},
   pages = {245-281},
   year = {2003}
}

@incollection{HymanKatamba1993,
   author = {Hyman, Larry M. and Katamba, Francis X.},
   title = {The augment in Luganda: Syntax or pragmatics?},
   booktitle = {Theoretical aspects of Bantu grammar},
   editor = {Mchombo, Sam A.},
   publisher = {CSLI Publications},
   address = {Stanford},
   pages = {209-256},
   year = {1993}
}

@book{Jacottet1896,
   author = {Jacottet, E.},
   title = {Études sur les langues du Haut-Zambèze},
   publisher = {Ernest Leroux},
   address = {Paris},
   year = {1896}
}

@article{Jerro2017,
   author = {Jerro, Kyle},
   title = {The causative-instrumental syncretism},
   journal = {Journal of Linguistics},
   volume = {53},
   number = {4},
   pages = {1-38},
   year = {2017}

@incollection{JonesDieckmann2014,
   author = {Jones, Brian T.B. and Dieckmann, Ute},
   title = {Caprivi region},
   booktitle = {"Scraping the pot": San in Namibia two decades after independence},
   editor = {Dieckmann, Ute and Thiem, Maarit and Dirkx, Erik and Hays, Jennifer},
   publisher = {Land, Environment and Development Project of the Legal Assistance Centre and Desert Research Foundation of Namibia},
   address = {Windhoek, Namibia},
   pages = {399-422},
   year = {2014}
}

@book{Kagaya1987,
   author = {Kagaya, Ryohei},
   title = {A classified vocabulary of the Lenje language},
   publisher = {Institute for the Study of the Languages and Cultures of Asia and Africa},
   address = {Tokyo},
   volume = {4},
   series = {Bantu Vocabulary Series},
   year = {1987}
}

@book{Kangumu2011,
   author = {Kangumu, Bennett},
   title = {Contesting Caprivi. A history of colonial isolation and regional nationalism in Namibia},
   publisher = {Basler Afrika Bibliographien},
   address = {Basel},
   series = {Basel Namibia Studies Series 10},
   year = {2011}
}

@incollection{Katamba2003,
   author = {Katamba, Francis},
   title = {Bantu nominal morphology},
   booktitle = {The Bantu languages},
   editor = {Nurse, Derek and Philippson, Gérard},
   publisher = {Routledge},
   address = {London/New York},
   edition = {2},
   pages = {103-120},
   year = {2003}
}

@phdthesis{Kershner2002,
   author = {Kershner, Tiffany L.},
   title = {The verb in Chisukwa: Aspect, tense and time},
   university = {Indiana University}
   year = {2002}
}

@book{Kilian-Hatz2003,
   author = {Kilian-Hatz, Christa},
   title = {Khwe dictionary},
   publisher = {Rüdiger Köppe},
   address = {Köln},
   series = {Namibian African Studies},
   year = {2003}
}

@book{Kilian-Hatz2008,
   author = {Kilian-Hatz, Christa},
   title = {A grammar of modern Khwe (central Khoisan)},
   publisher = {Köppe},
   address = {Köln},
   year = {2008}
}

@incollection{KisseberthOdden2003,
   author = {Kisseberth, Charles and Odden, David},
   title = {Tone},
   booktitle = {The Bantu languages},
   editor = {Nurse, Derek and Philippson, Gérard},
   publisher = {Routledge},
   address = {London},
   volume = {59-70},
   year = {2003}
}

@book{Klein1994,
   author = {Klein, Wolfgang},
   title = {Time in language},
   publisher = {Routledge},
   address = {London, New York},
   year = {1994}
}

@book{KönigHeine2008,
   author = {König, Christa and Heine, Bernd},
   title = {A concise dictionary of Northwestern !Xun},
   publisher = {Rüdiger Köppe},
   address = {Köln},
   year = {2008}
}

@book{Lambrecht1994,
   author = {Lambrecht, Knud},
   title = {Information structure and sentence form},
   publisher = {Cambridge University Press},
   address = {Cambridge},
   year = {1994}
}

@book{Lukusa2009,
   author = {Lukusa, Stephen T.M.},
   title = {Shiyeyi - English dictionary},
   publisher = {Lincom},
   address = {München},
   year = {2009}
}

@book{Madan1908,
   author = {Madan, A.C.},
   title = {Lenje handbook: A short introduction to the Lenje dialect spoken in North-West Rhodesia},
   publisher = {Clarendon Press},
   address = {Oxford},
   year = {1908}
}

@book{Maho1999,
   author = {Maho, Jouni},
   title = {A comparative study of Bantu noun classes},
   publisher = {Acta Universitatis Gothoburgensis},
   address = {Göteborg},
   year = {1999}
}

@book{Maho1998,
   author = {Maho, J.F.},
   title = {Few people, many tongues. The languages of Namibia},
   publisher = {Gamsberg},
   address = {Windhoek},
   year = {1998}
}

@article{Marlo2013,
   author = {Marlo, Michael R.},
   title = {Verb tone in Bantu languages: Micro-typological patterns and research methods},
   journal = {Africana Linguistica},
   volume = {19},
   number = {137-234},
   year = {2013}

@incollection{MartenKula2008,
   author = {Marten, Lutz and Kula, Nancy},
   title = {Zambia: One nation, many languages},
   booktitle = {Language and national identity in Africa},
   editor = {Simpson, Andrew},
   publisher = {Oxford University Press},
   address = {Oxford},
   pages = {291-313},
   year = {2008}
}

@article{MartenKula2014,
   author = {Marten, Lutz and Kula, Nancy C.},
   title = {Benefactive and substitutive applicatives in Bemba},
   journal = {Journal of African Languages and Linguistics},
   volume = {35},
   number = {1},
   pages = {1-44},
   year = {2014}

@article{Wal2014,
   author = {Marten, Lutz and van der Wal, Jenneke},
   title = {A typology of Bantu subject inversion},
   journal = {Linguistic Variation},
   volume = {14},
   number = {2},
   pages = {318-368},
   year = {2014}

@article{Meeussen1963,
   author = {Meeussen, A.E.},
   title = {Morphotonology of the Tonga verb},
   journal = {Journal of African Languages},
   volume = {2},
   pages = {72-92},
   year = {1963}

@article{Meeussen1967,
   author = {Meeussen, A.E.},
   title = {Bantu grammatical reconstructions},
   journal = {Africana Linguistica},
   volume = {3},
   pages = {80-121},
   year = {1967}

@incollection{Miller2011,
   author = {Miller, Amanda},
   title = {The representation of clicks},
   booktitle = {Blackwell companion to phonology},
   editor = {Oostendorp, Marc van and Ewen, Colin and Hume, Elizabeth and Rice, Keren},
   publisher = {Wiley-Blackwell},
   address = {Oxford},
   pages = {416-439},
   year = {2011}
}

@incollection{Miller2013,
   author = {Miller, Amanda},
   title = {Northern Khoesan phonetics and phonology},
   booktitle = {The Khoesan languages},
   editor = {Vossen, Rainer},
   publisher = {Routledge},
   address = {London},
   pages = {45-50},
   year = {2013}
}

@incollection{Möhlig1997,
   author = {Möhlig, W.J.G.},
   title = {A dialectrometrical analysis of the main Kavango languages: Kwangali, Gciriku and Mbukushu},
   booktitle = {Namibian languages: Reports and papers},
   editor = {Haacke, W.H.G. and Elderkin, E.E.},
   publisher = {Rüdiger Köppe},
   address = {Köln},
   pages = {211-234},
   year = {1997}
}

@incollection{Mous2001,
   author = {Mous, Maarten},
   title = {Paralexification in language intertwining},
   booktitle = {Creolization and contact},
   editor = {Smith, Norval and Veenstra, Tonjes},
   publisher = {John Benjamins},
   address = {Amsterdam},
   pages = {113-123},
   year = {2001}
}

@article{Nicolle2012,
   author = {Nicolle, Steve},
   title = {Semantic-pragmatic change in Bantu -no demonstrative forms},
   journal = {Africana Linguistica},
   volume = {18},
   pages = {193-233},
   year = {2012}

@incollection{Nicolle2003,
   author = {Nicolle, Steve M.},
   title = {Distal aspects in Bantu},
   booktitle = {Meaning through language contrast},
   editor = {Jaszczolt, K.M. and Turner, K.},
   publisher = {John Benjamins Publishing Co.},
   address = {Amsterdam & Philadelphia},
   pages = {3-22},
   year = {2003}
}

@book{Nurse2008,
   author = {Nurse, Derek},
   title = {Tense and aspect in Bantu},
   publisher = {Oxford University Press},
   address = {Oxford},
   year = {2008}
}

@article{Odden1982,
   author = {Odden, David},
   title = {Tonal phenomena in Kishambaa},
   journal = {Studies in African Linguistics},
   volume = {13},
   number = {2},
   pages = {177-208},
   year = {1982}

@article{Odden1986,
   author = {Odden, David},
   title = {On the role of the obligatory contour principle in phonological theory},
   journal = {Language},
   volume = {62},
   number = {2},
   pages = {353-383},
   year = {1986}

@article{Odden2014,
   author = {Odden, David and Bickmore, Lee},
   title = {Melodic tone in Bantu: Overview},
   journal = {Africana Linguistica},
   volume = {20},
   pages = {3-13},
   year = {2014}

@incollection{OddenMarlo2019,
   author = {Odden, David and Marlo, Michael},
   title = {Tone},
   booktitle = {The Bantu languages},
   editor = {Van de Velde, Mark and Bostoen, Koen and Nurse, Derek and Philippson, Gérard},
   publisher = {Routledge},
   address = {Oxford},
   edition = {2},
   pages = {150-171},
   year = {2019}
}

@book{Pacchiarotti2020,
   author = {Pacchiarotti, Sara},
   title = {Bantu applicative constructions},
   publisher = {CSLI Publications},
   address = {Stanford},
   series = {Stanford monographs in African languages},
   year = {2020}
}

@book{Persohn2017,
   author = {Persohn, Bastian},
   title = {The verb in Nyakyusa. A focus on tense, aspect and modality},
   publisher = {Language Science Press},
   address = {Berlin},
   series = {Contemporary African Linguistics},
   year = {2017}
}

@article{PersohnDevos2017,
   author = {Persohn, Bastian and Devos, Maud},
   title = {Post-final locatives in Bantu: Axes of variation and non-locative functions},
   journal = {Africana Linguistica},
   volume = {23},
   pages = {3-46},
   year = {2017}

@incollection{Petzell2003,
   author = {Petzell, Malin},
   title = {What is the function of the pre-prefix in Kagulu?},
   booktitle = {langue.doc},
   editor = {Andréasson, Maya and Karlsson, Susanna},
   publisher = {https://gupea.ub.gu.se/handle/2077/24},
   address = {Göteborg University Open Archive},
   year = {2003}
}

@phdthesis{Riedel2009,
   author = {Riedel, Kristina},
   title = {The syntax of object marking in Sambaa. A comparative Bantu perspective},
   university = {Leiden University}
   year = {2009}
}

@misc{SakuhukaEtAl2011,
   author = {Sakuhuka, Clifford and Mulimba, Donald and Lucas, James},
   title = {Report of a survey for five languages in the Barotseland / Western Zambia Region: Fwe, Kwamakoma, Kwamashi (and Akakwandu), Kwangwa},
   institution = {Luke Partnership, Western Zambia},
   year = {2011}
}

@incollection{Schadeberg2003,
   author = {Schadeberg, Thilo C.},
   title = {Derivation},
   booktitle = {The Bantu languages},
   editor = {Nurse, Derek and Philippson, Gérard},
   publisher = {Routledge},
   address = {New York},
   pages = {71-89},
   year = {2003}
}

@incollection{SchadebergBostoen2019,
   author = {Schadeberg, Thilo C. and Bostoen, Koen},
   title = {Word formation},
   booktitle = {The Bantu languages},
   editor = {Bostoen, Koen and Van de Velde, Mark and Nurse, Derek and Philippson, Gérard},
   publisher = {Routledge},
   address = {Oxford},
   edition = {2},
   pages = {172-203},
   year = {2019}
}

@article{Seidel2005,
   author = {Seidel, Frank},
   title = {The Bantu languages of the Eastern Caprivi: A dialectometrical analysis and its historical and sociolinguistic implications},
   journal = {South African Journal of African Languages},
   volume = {4},
   pages = {207-242},
   year = {2005}

@incollection{Seidel2007,
   author = {Seidel, Frank},
   title = {The distal marker -ka- and motion verbs in Yeyi},
   booktitle = {Encoding motion. Case studies from Africa},
   editor = {Mietzner, Angelika and Treis, Yvonne},
   publisher = {Rüdiger Köppe},
   address = {Köln},
   pages = {183-196},
   year = {2007}
}

@book{Seidel2008,
   author = {Seidel, Frank},
   title = {A grammar of Yeyi},
   publisher = {Rüdiger Köppe},
   address = {Köln},
   year = {2008}
}

@incollection{ShibataniPardeshi2001,
   author = {Shibatani, Masayoshi and Pardeshi, Prashant},
   title = {The causative continuum},
   booktitle = {The grammar of causation and interpersonal manipulation},
   editor = {Shibatani, Masayoshi},
   publisher = {John Benjamins},
   address = {Amsterdam},
   pages = {85-126},
   year = {2001}
}

@book{Smith1964,
   author = {Smith, Edwin W.},
   title = {A handbook of the Ila language},
   publisher = {Oxford University Press},
   address = {London},
   year = {1964}
}

@book{Snyman1975,
   author = {Snyman, Jan W.},
   title = {Žu|'hõasi fonologie & woordeboek},
   publisher = {A.A. Balkema},
   address = {Kaapstad/Rotterdam},
   year = {1975}
}

@book{Sommer1995,
   author = {Sommer, Gabriele},
   title = {Ethnographie des Sprachwechsels: Sozialer Wandel und Sprachverhalten bei den Yeyi (Botswana)},
   publisher = {Rüdiger Köppe},
   address = {Köln},
   year = {1995}
}

@article{StorchColy2017,
   author = {Storch, Anne and Coly, Jules Jacques},
   title = {Introduction},
   journal = {STUF - Language Typology and Universals},
   volume = {70},
   number = {1},
   pages = {1-6},
   year = {2017}

@incollection{Velde2005,
   author = {Van de Velde, Mark},
   title = {The order of noun and demonstrative in Bantu},
   booktitle = {Studies in African comparative linguistics with special focus on Bantu and Mande},
   editor = {Bostoen, Koen and Maniacky, Jacky},
   publisher = {Royal Museum for Central Africa},
   address = {Tervuren},
   pages = {425-441},
   year = {2005}
}

@incollection{Velde2013,
   author = {Van de Velde, Mark},
   title = {The Bantu connective construction},
   booktitle = {The genitive},
   editor = {Carlier, Anne and Verstraete, Jean-Christophe},
   publisher = {John Benjamins},
   address = {Amsterdam},
   pages = {217-252},
   year = {2013}
}

@incollection{Velde2019,
   author = {Van de Velde, Mark},
   title = {Nominal morphology and syntax},
   booktitle = {The Bantu languages},
   editor = {Bostoen, Koen and Van de Velde, Mark and Nurse, Derek and Philippson, Gérard},
   publisher = {Routledge},
   address = {Oxford},
   edition = {2},
   pages = {237-269},
   year = {2019}
}

@article{Wal2010,
   author = {van der Wal, Jenneke},
   title = {Functions of demonstratives in Makhuwa narratives},
   journal = {Africana Linguistica},
   volume = {16},
   pages = {183-213},
   year = {2010}

@incollection{WalHyman2017,
   author = {van der Wal, Jenneke and Hyman, Larry M.},
   title = {Introduction},
   booktitle = {The conjoint/disjoint alternation in Bantu},
   editor = {van der Wal, Jenneke and Hyman, Larry M.},
   publisher = {De Gruyter Mouton},
   address = {Berlin, Boston},
   pages = {1-13},
   year = {2017}
}

@book{Verkuyl1972,
   author = {Verkuyl, H.J.},
   title = {On the compositional nature of the aspects},
   publisher = {Reidel},
   address = {Dordrecht},
   year = {1972}
}

@article{Visser2008,
   author = {Visser, Marianna},
   title = {Definiteness and specificity in the isiXhosa determiner phrase},
   journal = {South African Journal of African Languages},
   volume = {1},
   pages = {11-29},
   year = {2008}

@book{Wynne1980,
   author = {Wynne, R.C.},
   title = {English-Mbukushu dictionary},
   publisher = {Avebury Publishing Co},
   address = {Amsterdam},
   year = {1980}
}

@book{Comrie1981,
    author = {Bernard Comrie},
    year = {1981},
    title = {Language Universals and Linguistic Typology},
    address = {Oxford},
    publisher = {Basil Blackwell}
}

@book{Chomsky1957,
    author = {Noam Chomsky},
    year = {1957},
    title = {Syntactic structures},
    address = {The Hague},
    publisher = {Mouton}
}

@article{Bloomfield1925,
    author = {Bloomfield, Leonard},
    journal = {Language},
    number = {4},
    pages = {130--156},
    title = {On the sound-system of central {Algonquian}},
    volume = {1},
    year = {1925}
}

@book{Lahiri2000,
    address = {Berlin},
    booktitle = {Analogy, leveling, markedness: {{P}}rinciples of change in phonology and morphology},
    editor = {Lahiri, Aditi},
    number = {127},
    publisher = {Mouton de Gruyter},
    series = {Trends in Linguistics},
    title = {Analogy, leveling, markedness: {{P}}rinciples of change in phonology and morphology},
    year = {2000}
}


@misc{Nordhoff2018,
    author = {Sebastian Nordhoff},
    year = {2018},
    title = {{BibTeX} generator},
    url = {https://www.langsci-press-gug.org/doc2tex/doc2bib},
    note = {Follow the link to generate BibTeX}
}
