@book{langsci-current-book, editor = {Ljuba Veselinova and Arja Hamari}, title = {{The Negative Existential Cycle}}, year = {2022}, series = {Research on Comparative Grammar}, number = {2}, location = {Berlin}, publisher = {Language Science Press}, options = {dataonly=true} } 
