% This file was created with JabRef 2.7b.
% Encoding: UTF-8

@inproceedings{rehmansagar2015,
	address = {Colombo},
	author = {Rehman, Khawaja A. and Sagar, Muhammad Zaman},
	booktitle = {Language and {Social} {Cohesion} in the {Developing} {World}},
	pages = {116--127},
	publisher = {British Council \& Deutsche Gesellschaft für Internationale Zusammenarbeit (GIZ)},
	title = {{The} effectiveness of {English} language learning in multilingual schools in {Pakistan}},
	year = {2015}
}

@incollection{masica2001,
	address = {New Delhi},
	author = {Masica, Colin P.},
	booktitle = {{The} yearbook of {South} {Asian} languages and linguistics 2001},
	editor = {Bhaskararao, Peri and Subbarao, Karumuri Venkata},
	owner = {Birgit},
	pages = {205--267},
	publisher = {Sage Publications},
	sortname = {Masica, Colin P.},
	timestamp = {2014.11.09},
	title = {{The} definition and significance of linguistic areas: {Methods}, pitfalls, and possibilities (with special reference to the validity of {South} {Asia} as a linguistic area)},
	year = {2001}
}

@incollection{baart2014,
	address = {Amsterdam},
	author = {Baart, Joan L. G.},
	booktitle = {Above and {Beyond} the {Segments}},
	editor = {Caspers, Johanneke and Chen, Yiya and Heeren, Willemijn and Pacilly, Jos and Schiller, Niels O. and van Zanten, Ellen},
	pages = {1--13},
	publisher = {John Benjamins Publishing Company},
	sortname = {Baart, Joan L. G.},
	title = {Tone and stress in {North}-{West} {Indo}-{Aryan}: {A} survey},
	year = {2014}
}

@book{kibrik2011,
	address = {Oxford},,
	author = {Kibrik, Andrej},
	publisher = {Oxford University Press},
	title = {Reference in {Discourse}},
	year = {2011}
}

@unpublished{strand1997/2015,
	author = {Strand, Richard F.},
	note = {Website created 1997 and last updated 2015. \url{http://nuristan.info/} (Accessed 1 October 2015)},
	owner = {Birgit},
	timestamp = {2014.11.16},
	title = {Nurist\^{a}n: {H}idden land of the {Hindu Kush}},
	year = {1997/2015}
}

@unpublished{mock1997,
	author = {Mock, John},
	owner = {Birgit},
	timestamp = {2014.11.09},
	title = {Dards, {Dardistan}, and {Dardic}: {A}n {Ethnographic}, {Geographic}, and {Linguistic} {Conundrum}},
	url = {http://www.mockandoneil.com/dard.htm},
	urldate = {2015-08-26TZ},
	year = {1997}
}

@unpublished{emeneau1965,
	address = {Annamalainagar},
	author = {Emeneau, Murray Barnson},
	owner = {Birgit},
	timestamp = {2014.11.09},
	title = {{India} and historical grammar},
	year = {1965}
}

@phdthesis{verbeke2011,
	address = {Gent},
	author = {Verbeke, Saartje},
	school = {Universiteit Gent},
	title = {Ergativity and alignment in {Indo}-{Aryan}},
	type = {{PhD} {Dissertation}},
	year = {2011}
}

@phdthesis{tegey1977,
	address = {Urbana-Champaign},
	author = {Tegey, Habibullah},
	owner = {Birgit},
	school = {University of Illinois},
	timestamp = {2014.11.16},
	title = {{The} grammar of clitics: {Evidence} from {Pashto} and other languages},
	type = {{PhD} {Dissertation}},
	year = {1977}
}

@phdthesis{perder2013,
	author = {Perder, Emil},
	school = {Stockholm University},
	title = {A grammatical description of {Dameli}},
	type = {{PhD} {Dissertation}},,
	year = {2013}
}

@phdthesis{heegardpetersen2006,
	address = {Copenhagen},
	author = {Heegård Petersen, Jan},
	owner = {Birgit},
	school = {University of Copenhagen},
	timestamp = {2014.11.09},
	title = {Local case-marking in {Kalasha}},
	type = {{PhD} {Dissertation}},
	year = {2006}
}

@phdthesis{bashir1988,
	author = {Bashir, Elena},
	owner = {Birgit},
	school = {University of Michigan},
	timestamp = {2014.11.03},
	title = {Topics in {Kalasha} syntax: {An} areal and typological perspective},
	type = {{PhD} {Dissertation}},
	year = {1988}
}

@phdthesis{babrakzai1999,
	author = {Babrakzai, Farooq},
	owner = {Birgit},
	school = {University of Hawaii},
	timestamp = {2014.11.03},
	title = {Topics in {Pashto} syntax},
	type = {{PhD} {Dissertation}},
	year = {1999}
}

@mastersthesis{morchheegaard1997,
	author = {M\o{}rch, Ida Elisabeth and Heegaard, Jan},
	owner = {Birgit},
	school = {Det humanistiske Fakultet, University of Copenhagen},
	timestamp = {2014.11.09},
	title = {Retroflexe vokalers oprindelse i kalashamon i historisk og areallingvistisk perspektiv \& Variation i sprogbeskrivelsen: {V}okallengde i kalashamon: {{E}}n analyse af to emner i kalashamon-fonologien},
	year = {1997}
}

@mastersthesis{morch1997,
	author = {M\o{}rch, Ida Elisabeth},
	booktitle = {Retroflexe vokalers oprindelse i kalashamon i historisk og areallingvistisk perspektiv \& Variation i sprogbeskrivelsen: {V}okallengde i kalashamon. {{E}}n analyse af to emner i kalashamon-fonologien},
	editor = {M\o{}rch, Ida Elisabeth and Heegaard, Jan},
	owner = {Birgit},
	pages = {66--119},
	school = {Det humanistiske Fakultet, University of Copenhagen},
	timestamp = {2014.11.09},
	title = {Retroflexe vokalers oprindelse i kalashamon i historisk og areallingvistisk perspektiv},
	type = {{MA} thesis},
	year = {1997}
}

@mastersthesis{lunsford2001,
	author = {Lunsford, Wayne A.},
	owner = {Birgit},
	school = {University of Texas at Arlington},
	timestamp = {2014.11.09},
	title = {An overview of linguistic structures in {Torwali}, a language of {{Northern}} {Pakistan}},
	type = {{MA} thesis},
	year = {2001}
}

@mastersthesis{losey2002,
	address = {Grand Forks, North Dakota},
	author = {Losey, Wayne E.},
	owner = {Birgit},
	school = {University of North Dakota},
	timestamp = {2014.11.09},
	title = {Writing {Gojri}: {Linguistic} and sociolinguistic constraints on a standardized orthography for the {Gujars} of {South} {{Asia}}},
	type = {{MA} thesis},
	year = {2002}
}

@mastersthesis{decker1992b,
	author = {Decker, Kendall D.},
	owner = {Birgit},
	school = {University of Texas at Arlington},
	timestamp = {2014.11.09},
	title = {Factors affecting language maintenance and shift in {Chitral} district, {{Pakistan}}},
	type = {{MA} thesis},
	year = {1992}
}

@incollection{windfuhrperry2009,
	address = {London; New York},
	author = {Windfuhr, Gernot and Perry, John R.},
	booktitle = {{The} {Iranian} {Languages}},
	editor = {Windfuhr, Gernot},
	isbn = {0700711317},
	pages = {416--544},
	publisher = {Routledge},
	sortname = {Windfuhr, Gernot and Perry, John R.},
	title = {Persian and {{Tajik}}},
	year = {2009}
}

@incollection{viberg2006,
	address = {Oxford},
	author = {Viberg, Åke},
	booktitle = {Encyclopedia of {Language} \& {Linguistics}},
	editor = {Brown, Keith},
	owner = {Birgit},
	pages = {408--411},
	publisher = {Elsevier},
	sortname = {Viberg, Ake},
	timestamp = {2014.11.16},
	title = {Verbs},
	year = {2006}
}

@incollection{viberg1993,
	address = {Cambridge},
	author = {Viberg, Åke},
	booktitle = {Progression and {Regression} in {Language}},
	editor = {Hyltenstam, Kenneth and Viberg, Åke},
	owner = {Birgit},
	pages = {340--385},
	publisher = {Cambridge University Press},
	sortname = {Viberg, Ake},
	timestamp = {2014.11.16},
	title = {Crosslinguistic perspectives on lexical organization and lexical progression},
	year = {1994}
}

@incollection{verma1993,
	address = {New Delhi},
	author = {Verma, Manindra K.},
	booktitle = {Complex predicates in {South} {{Asian}} languages},
	editor = {Verma, Mahendra K.},
	owner = {Birgit},
	pages = {197--215},
	publisher = {Manohar Publishers \& Distributors},
	sortname = {Verma, Manindra K.},
	timestamp = {2014.11.16},
	title = {Complex predicates and light verbs in {{Hindi}}},
	year = {1993}
}

@incollection{toporov1970,
	address = {Tokyo},
	author = {Toporov, Vladimir Nikolayevich},
	booktitle = {Studies in {General} and {Oriental} {Linguistics} {Presented} to {Shiro} {Hattori} on the occasion of his sixtieth birthday},
	editor = {Jakobson, Roman and Kawamoto, Shigeo},
	pages = {632--647},
	publisher = {TEC Corporation for Language and Educational Research},
	title = {About the phonological typology of {Burushaski}},
	year = {1970}
}

@incollection{tikkanen2008,
	address = {Karachi},
	author = {Tikkanen, Bertil},
	booktitle = {Proceedings of the third {International} {Hindu} {Kush} {Cultural}  {Conference}},
	editor = {Israr-ud-Din},
	isbn = {9780195798890},
	pages = {250--262},
	publisher = {Oxford University Press},
	title = {{Some} areal phonological isoglosses in the transit zone between {South} and {Central} {Asia}},
	year = {2008}
}

@incollection{tikkanen1999,
	address = {London},
	author = {Tikkanen, Bertil},
	booktitle = {Archaeology and language: {Volume} 4, {Language change and cultural transformation}},
	collaborator = {Blench, Roger},
	editor = {Blench, Roger and Spriggs, Matthew},
	isbn = {9780415117869},
	pages = {138--148},
	publisher = {Routledge},
	title = {Archaeological-linguistic correlations in the formation of retroflex typologies and correlating areal features in {South} {{Asia}}},
	year = {1999}
}

@incollection{thompsonetal2007,
	address = {Cambridge},
	author = {Thompson, Sandra A. and Longacre, Robert E. and Hwang, Shin Ja J.},
	booktitle = {Language typology and syntactic description: {Volume} 2, {Complex}  constructions},
	edition = {2},,
	editor = {Shopen, Timothy},
	pages = {237--300},
	publisher = {Cambridge University Press},
	sortname = {Thompson, Sandra A. and Longacre, Robert E. and Hwang, Shin Ja J.},
	title = {Adverbial clauses},
	year = {2007}
}

@incollection{strand2001,
	address = {Rome},
	author = {Strand, Richard F.},
	booktitle = {Gates of {Peristan}: {History}, {Religion} and {Society} in the {Hindu} {Kush}},
	editor = {Cacopardo, Alberto M. and Cacopardo, Augusto S.},
	number = {5},
	owner = {Birgit},
	pages = {251--257},
	publisher = {Istituto Italiano per l'Africa e l'Oriente (IsIAO)},
	series = {Reports and memoirs},
	sortname = {Strand, Richard F.},
	timestamp = {2014.11.16},
	title = {{The} tongues of {Peristân}. {Appendix} 1},
	year = {2001}
}

@incollection{skalmowski1974,
	address = {Wrocław},
	author = {Skalmowski, Wojciech},
	booktitle = {Studia indoeuropejskie = etudes indo-européennes},
	editor = {Kuryłowicz, Jerzy and Safarewicz, Jan},
	pages = {205--216},
	publisher = {Zakład Narodowy im. Ossolińskich},
	title = {Transitive verb constructions in the {Pamir} and {Dardic} languages},
	year = {1974}
}

@incollection{schmidt2004,
	address = {Berlin},
	author = {Schmidt, Ruth Laila},
	booktitle = {Himalayan languages: {Past} and present},
	editor = {Saxena, Anju},
	isbn = {9783110178418},
	keywords = {Foreign Language Study / Indic Languages, Foreign Language Study / Southeast Asian Languages, Himalaya Mountains Region, Language Arts \& Disciplines / Linguistics / General, Tibeto-Burman languages, Tibeto-Burman languages/ Congresses},,
	number = {149},
	pages = {33--55},
	publisher = {De Gruyter Mouton},
	series = {Trends in linguistics. {Studies} and monographs},
	title = {A grammatical comparison of {{Shina}} dialects},
	year = {2004}
}

@incollection{schmidt2001,
	address = {Reinbek},
	author = {Schmidt, Ruth Laila},
	booktitle = {Tohfa-e-{Dil}: {Festschrift} {Helmut} {Nespital}},
	editor = {Lönne, Dirk W.},
	owner = {Birgit},
	pages = {433--452},
	publisher = {Inge Wezler},
	timestamp = {2014.11.16},
	title = {Compound tenses in the {{Shina}} of {Indus} {Kohistan}},
	year = {2001}
}

@incollection{schachtershopen2007,
	address = {Cambridge},
	author = {Schachter, Paul and Shopen, Timothy},
	booktitle = {Language {Typology} and {Syntactic} {Description}: {Volume} 1, {Clause} {Structure}},
	edition = {2},
	editor = {Shopen, Timothy},
	isbn = {0521581567},
	month = {nov},
	pages = {1--60},
	publisher = {Cambridge University Press},
	title = {Parts-of-speech systems},
	year = {2007}
}

@incollection{saxena2006,
	address = {Amsterdam},
	author = {Saxena, Anju},
	booktitle = {Encyclopedia of language and linguistics},
	editor = {Brown, Keith},
	owner = {Birgit},
	pages = {131--133},
	publisher = {Elsevier},
	timestamp = {2014.11.16},
	title = {Pronouns},
	year = {2006}
}

@incollection{saeed2001,
	address = {Rome},
	author = {Saeed, Ahmad},
	booktitle = {Gates of {Peristan}: {History}, {Religion} and {Society} in the {Hindu} {Kush}},
	editor = {Cacopardo, Alberto M. and Cacopardo, Augusto S.},
	number = {5},
	owner = {Birgit},
	pages = {290--296},
	publisher = {Istituto Italiano per l'Africa e l'Oriente (IsIAO)},
	series = {Reports and memoirs},
	timestamp = {2014.11.16},
	title = {Descendants of {Choke} in {Ashret}. {Part} 2 of {Appendix} 3 ({Palula} voices on {Palula} history)},
	year = {2001}
}

@incollection{robsontegey2009,
	address = {London; New York},
	author = {Robson, Barbara and Tegey, Habibullah},
	booktitle = {{The} {Iranian} {Languages}},
	editor = {Windfuhr, Gernot},
	isbn = {0700711317},
	pages = {721--772},
	publisher = {Routledge},
	title = {Pashto},
	year = {2009}
}

@incollection{rensch1992,
	address = {Islamabad},
	author = {Rensch, Calvin R.},
	booktitle = {Languages of {Kohistan}},
	editor = {Rensch, Calvin R. and Decker, Sandra J. and Hallberg, Daniel G.},
	number = {1},
	owner = {Birgit},
	pages = {3--62, 159--191},
	publisher = {National Institute of Pakistan Studies and Summer Institute of Linguistics},
	series = {Sociolinguistic survey of northern {Pakistan}},
	sortname = {Rensch, Calvin R.},
	timestamp = {2014.11.16},
	title = {Patterns of language use among the {Kohistanis} of the {Swat} valley},
	year = {1992}
}

@incollection{ramat2006,
	address = {Amsterdam},
	author = {Ramat, Paolo},
	booktitle = {Encyclopedia of language and linguistics},
	editor = {Brown, Keith},
	owner = {Birgit},
	pages = {559--567},
	publisher = {Elsevier},
	timestamp = {2014.11.16},
	title = {Negation},
	year = {2006}
}

@incollection{radloff1992,
	address = {Islamabad},
	author = {Radloff, Carla F.},
	booktitle = {Languages of {{Northern}} {Areas}},
	editor = {Backstrom, Peter C. and Radloff, Carla F.},
	number = {2},
	owner = {Birgit},
	pages = {89--203, 301--408},
	publisher = {National Institute of Pakistani Studies and Summer Institute of Linguistics},
	series = {Sociolinguistic {Survey} of {Northern} {Pakistan}},
	sortname = {Radloff, Carla F.},
	timestamp = {2014.11.16},
	title = {{The} dialects of {Shina}},
	year = {1992}
}

@incollection{pustet2006,
	address = {Amsterdam},
	author = {Pustet, Regina},
	booktitle = {Encyclopedia of language and linguistics},
	editor = {Brown, Keith},
	owner = {Birgit},
	pages = {60--63},
	publisher = {Elsevier},
	timestamp = {2014.11.09},
	title = {Adjectives},
	year = {2006}
}

@incollection{payne1985,
	address = {Cambridge},
	author = {Payne, John R.},
	booktitle = {Language typology and syntactic description. {Volume 2: {C}omplex constructions}},
	editor = {Shopen, Timothy},
	owner = {Birgit},
	pages = {3--41},
	publisher = {Cambridge University Press},
	sortname = {Payne, John R.},
	timestamp = {2014.11.09},
	title = {Complex phrases and complex sentences},
	year = {1985}
}

@incollection{noonan2007,
	address = {Cambridge},
	author = {Noonan, Michael},
	booktitle = {Language typology and syntactic description: {Volume} 2, {Complex} constructions},
	edition = {2},
	editor = {Shopen, Timothy},
	isbn = {0521581575 9780521581578 0521588561 9780521588560},
	pages = {52--150},
	publisher = {Cambridge University Press},
	title = {Complementation},
	year = {2007}
}

@incollection{noonan2003,
	address = {Canberra},
	author = {Noonan, Michael},
	booktitle = {Language variation: {P}apers on variation and change in the {Sinosphere} and in the {Indosphere} in honour of {James} {A}. {Matisoff}},
	editor = {Bradley, David and LaPolla, Randy and Michailovsky, Boyd and Thurgood, Graham},
	owner = {Birgit},
	pages = {65--87},
	publisher = {Pacific Linguistics},
	timestamp = {2014.11.09},
	title = {Recent language contact in the {{Nepal}} {Himalaya}},
	year = {2003}
}

@incollection{mohanan1993,
	address = {New Delhi},
	author = {Mohanan, Tara},
	booktitle = {Complex predicates in {South} {{Asian}} languages},
	editor = {Verma, Mandindra K.},
	owner = {Birgit},
	pages = {163--175},
	publisher = {Manohar Publishers \& Distributors},
	timestamp = {2014.11.09},
	title = {Verb agreement in complex predicates in {{Hindi}}},
	year = {1993}
}

@incollection{masica1993,
	address = {New Delhi},
	author = {Masica, Colin P.},
	booktitle = {Complex predicates in {South} {{Asian}} languages},
	editor = {Verma, Mandindra K.},
	owner = {Birgit},
	pages = {157--162},
	publisher = {Manohar Publishers \& Distributors},
	sortname = {Masica, Colin P.},
	timestamp = {2014.11.09},
	title = {Subareal variation in conjunct verbs},
	year = {1993}
}

@incollection{maddieson_syllable_2013,
	address = {Leipzig},
	author = {Maddieson, Ian},
	booktitle = {{The} {World} {Atlas} of {Language} {Structures} {Online}},
	editor = {Dryer, Matthew S. and Haspelmath, Martin},
	pages = {\biberror{no pages}},
	publisher = {Max Planck Institute for Evolutionary Anthropology},
	title = {Syllable {Structure}},
	url = {http://wals.info/chapter/12},
	urldate = {2015-08-26TZ},
	year = {2013}
}

@incollection{maddieson_consonant_2013,
	address = {Leipzig},
	author = {Maddieson, Ian},
	booktitle = {{The} {World} {Atlas} of {Language} {Structures} {Online}},
	editor = {Dryer, Matthew S. and Haspelmath, Martin},
	pages = {\biberror{no pages}},
	publisher = {Max Planck Institute for Evolutionary Anthropology},
	title = {Consonant {Inventories}},
	url = {http://wals.info/chapter/1},
	urldate = {2015-08-26TZ},
	year = {2013}
}

@incollection{longacre2007,
	address = {Cambridge},
	author = {Longacre, Robert E.},
	booktitle = {Language typology and syntactic description: {Volume} 2, {Complex} constructions},
	edition = {2},,
	editor = {Shopen, Timothy},
	pages = {372--420},
	publisher = {Cambridge University Press},
	sortname = {Longacre, Robert E.},
	title = {Sentences as combinations of clauses},
	year = {2007}
}

@incollection{liljegrenhaider2015b,
	address = {Amsterdam},
	author = {Liljegren, Henrik and Haider, Naseem},
	booktitle = {{The} linguistics of temperature},
	editor = {Koptjevskaja-Tamm, Maria},
	isbn = {9789027206886},
	keywords = {Earth Sciences, Lexicology, Linguistic analysis (Linguistics), Psycholinguistics, Psychological aspects, TYPOLOGY (Linguistics), Terminology, Terms and phrases},
	number = {107},
	pages = {440--470},
	publisher = {John Benjamins Publishing Company},
	series = {Typological {Studies} in {Language}},
	title = {Facts, feelings and temperature expressions in the {Hindukush}},
	year = {2015}
}

@incollection{liljegren2014,
	address = {Amsterdam},
	author = {Liljegren, Henrik},
	booktitle = {On diversity and complexity of languages spoken in {{Europe}} and {North} and {Central} {Asia}},
	editor = {Suihkonen, Pirkko and Whaley, Lindsay J.},
	isbn = {978 90 272 5929 5, 9789027269362},
	number = {164},
	pages = {133--174},
	publisher = {John Benjamins Publishing Company},
	series = {Studies in {Language} {Companion} {Series}},
	title = {A survey of alignment features in the {Greater} {Hindukush} with special references to {Indo}-{Aryan}},
	urldate = {2014-12-08TZ},
	year = {2014}
}

@incollection{ktammwaelchli2001,
	address = {Amsterdam},
	author = {Koptjevskaja-Tamm, Maria and Wälchli, Bernhard},
	booktitle = {{The} {Circum}-{Baltic} languages: {Grammar} and typology},
	editor = {Dahl, Östen and Koptjevskaja-Tamm, Maria},
	owner = {Birgit},
	pages = {615--750},
	publisher = {John Benjamins Publishing Company},
	sortname = {Koptjevskaja-Tamm, Maria and Walchli, Bernhard},
	timestamp = {2014.11.09},
	title = {Circum-{Baltic} languages: {An} areal-typological approach},
	year = {2001}
}

@incollection{koenigsiemund2007,
	address = {Cambridge},
	author = {König, Ekkehard and Siemund, Peter},
	booktitle = {Language {Typology} and {Syntactic} {Description}},
	edition = {Second edition},
	editor = {Shopen, Timothy},
	owner = {Birgit},
	pages = {276--324},
	publisher = {Cambridge University Press},
	sortname = {Konig, Ekkehard and Siemund, Peter},
	timestamp = {2014.11.09},
	title = {Speech act distinctions in grammar},
	volume = {1},
	year = {2007}
}

@incollection{keenan1985,
	address = {Cambridge},
	author = {Keenan, Edward L.},
	booktitle = {Language typology and syntactic description. {Volume 2: {C}omplex constructions}},
	editor = {Shopen, Timothy},
	owner = {Birgit},
	pages = {141--170},
	publisher = {Cambridge University Press},
	sortname = {Keenan, Edward L.},
	timestamp = {2014.11.09},
	title = {Relative clauses},
	year = {1985}
}

@incollection{juvonen2006,
	address = {Amsterdam},
	author = {Juvonen, Päivi},
	booktitle = {Encyclopedia of language and linguistics},
	editor = {Brown, Keith},
	owner = {Birgit},
	pages = {484--487},
	publisher = {Elsevier},
	sortname = {Juvonen, Paivi},
	timestamp = {2014.11.09},
	title = {Articles, definite and indefinite},
	year = {2006}
}

@incollection{iggesen_asymmetrical_2013,
	address = {Leipzig},
	author = {Iggesen, Oliver A.},
	booktitle = {{The} {World} {Atlas} of {Language} {Structures} {Online}},
	editor = {Dryer, Matthew S. and Haspelmath, Martin},
	pages = {\biberror{no pages}},
	publisher = {Max Planck Institute for Evolutionary Anthropology},
	sortname = {Iggesen, Oliver A.},
	title = {Asymmetrical {Case}-{Marking}},
	url = {http://wals.info/chapter/50},
	urldate = {2015-08-24TZ},
	year = {2013}
}

@incollection{hookkoul2004,
	address = {Amsterdam},
	author = {Hook, Peter Edwin and Koul, Omkar N.},
	booktitle = {Non-nominative subjects},
	editor = {Bhaskararao, Peri and Subbarao, K. V.},
	owner = {Birgit},
	pages = {213--225},
	publisher = {John Benjamins Publishing Company},
	sortname = {Hook, Peter Edwin and Koul, Omkar N.},
	timestamp = {2014.11.09},
	title = {Case as agreement: {Non}-nominative subjects in {{Eastern}} {Shina}, non-dative objects in {Kashmiri} and {Poguli}, and labile subjects in {Kashmiri} and {Gujarai} intransitive inceptives},
	volume = {1},
	year = {2004}
}

@incollection{hook1996,
	address = {Lahore},
	author = {Hook, Peter Edwin},
	booktitle = {Studies in {Pakistani} popular culture},
	editor = {Hanaway, William L. and Heston, Wilma},
	owner = {Birgit},
	pages = {121--183},
	publisher = {Lok Virsa Publishing House and Sang-e-Meel Publications},
	timestamp = {2014.11.09},
	title = {Kesar of {Layul}: {A} {{Central}} {Asian} epic in the {Shina} of {Gultari}},
	year = {1996}
}

@incollection{hook1990b,
	address = {Stanford},
	author = {Hook, Peter Edwin},
	booktitle = {Experiencer {Subjects} in {South} {{Asian}} {Languages}},
	editor = {Verma, Mahendra K. and Mohanan, Karuvannur Puthanveettil},
	owner = {Birgit},
	pages = {319--334},
	publisher = {Center for the Study of Language and Information (CSLI)},
	timestamp = {2014.11.09},
	title = {Experiencers in {South} {{Asian}} languages: {A} gallery},
	year = {1990}
}

@incollection{hock1990,
	address = {Stanford},
	author = {Hock, Hans Henrich},
	booktitle = {Experiencer {Subjects} in {South} {{Asian}} {Languages}},
	editor = {Verma, Manindra K. and Mohanan, Karuvannur Puthanveettil},
	owner = {Birgit},
	pages = {119--139},
	publisher = {Center for the Study of Language and Information (CSLI)},
	timestamp = {2014.11.09},
	title = {Oblique subjects in {{Sanskrit}}?},
	year = {1990}
}

@incollection{himmelmann1996,
	address = {Amsterdam},
	author = {Himmelmann, Nikolaus},
	booktitle = {Studies in {Anaphora}},
	editor = {Fox, Barbara A.},
	owner = {Birgit},
	pages = {205--254},
	publisher = {John Benjamins Publishing Company},
	timestamp = {2014.11.09},
	title = {Demonstratives in narrative discourse: {A} taxonomy of universal uses},
	year = {1996}
}

@incollection{heegardmorch2004,
	address = {Berlin},
	author = {Heegård, Jan and Mørch, Ida Elisabeth},
	booktitle = {Himalayan languages: {Past} and present},
	editor = {Saxena, Anju},
	isbn = {9783110178418},
	keywords = {Foreign Language Study / Indic Languages, Foreign Language Study / Southeast Asian Languages, Himalaya Mountains Region, Language Arts \& Disciplines / Linguistics / General, Tibeto-Burman languages, Tibeto-Burman languages/ Congresses},
	number = {149},
	pages = {57--76},
	publisher = {De Gruyter Mouton},
	series = {Trends in linguistics. {Studies} and monographs},
	sortname = {Heegard, Jan and Morch, Ida Elisabeth},
	title = {Retroflex vowels and other peculiarities in the {Kalasha} sound system},
	year = {2004}
}

@incollection{haspelmath2007,
	address = {Cambridge},
	author = {Haspelmath, Martin},
	booktitle = {Language typology and syntactic description: {Volume} 2, {Complex} constructions},
	edition = {2},,
	editor = {Shopen, Timothy},
	pages = {1--51},
	publisher = {Cambridge University Press},
	title = {Coordination},
	year = {2007}
}

@incollection{haspelmath1995,
	address = {Berlin},
	author = {Haspelmath, Martin},
	booktitle = {Converbs in cross-linguistic perspective: {Structure} and meaning of adverbial verb forms - adverbial participles, gerunds},
	editor = {Haspelmath, Martin and König, Ekkehard},
	number = {13},
	owner = {Birgit},
	pages = {1--55},
	publisher = {De Gruyter Mouton},
	series = {Empirical approaches to language typology},
	timestamp = {2014.11.09},
	title = {{The} converb as a cross-linguistically valid category},
	year = {1995}
}

@incollection{gambhir1993,
	address = {New Delhi},
	author = {Gambhir, Vijay},
	booktitle = {Complex predicates in {South} {{Asian}} languages},
	editor = {Verma, Mandindra K.},
	owner = {Birgit},
	pages = {77--95},
	publisher = {Manohar Publishers \& Distributors},
	timestamp = {2014.11.09},
	title = {Complex verb phrase: {A} diachronic and synchronic view},
	year = {1993}
}

@incollection{elfenbein1997,
	address = {Winona Lake, Ind.},
	author = {Elfenbein, Josef},
	booktitle = {Phonologies of {{Asia}} and {Africa} (including the {Caucasus})},
	editor = {Kaye, Alan S.},
	pages = {733--760},
	publisher = {Eisenbrauns},
	title = {Pashto phonology},
	urldate = {2013-10-21TZ},
	year = {1997}
}

@incollection{ebert2006,
	address = {Amsterdam},
	author = {Ebert, Karin},
	booktitle = {Encyclopedia of {Language} and {Linguistics}},
	editor = {Brown, K.},
	owner = {Birgit},
	pages = {557--564},
	publisher = {Elsevier},
	timestamp = {2014.11.09},
	title = {South {{Asia}} as a linguistic area},
	year = {2006}
}

@incollection{diessel2006,
	address = {Amsterdam},
	author = {Diessel, Holger},
	booktitle = {Encyclopedia of language and linguistics},
	editor = {Brown, Keith},
	owner = {Birgit},
	pages = {430--435},
	publisher = {Elsevier},
	timestamp = {2014.11.09},
	title = {Demonstratives},
	year = {2006}
}

@incollection{degener2002,
	address = {Oxford},
	author = {Degener, Almuth},
	booktitle = {Indo-{Iranian} languages and peoples},
	editor = {Sims-Williams, Nicholas},
	isbn = {0197262856},
	keywords = {Indo-Iranian languages, Indo-Iranian philology, Indo-Iranians},
	number = {116},
	pages = {103--117},
	publisher = {Published for the British Academy by Oxford University Press},
	series = {Proceedings of the {British} {Academy}},
	title = {{The} {Nuristani} languages},
	year = {2002}
}

@incollection{decker1996,
	address = {Karachi},
	author = {Decker, Kendall D.},
	booktitle = {Proceedings of the {Second} {International} {Hindukush} {Cultural} {Conference}},
	editor = {Bashir, Elena and Israr-ud-Din},
	owner = {Birgit},
	pages = {159--166},
	publisher = {Oxford University Press},
	series = {Hindukush and {Karakoram} studies},
	sortname = {Decker, Kendall D.},
	timestamp = {2014.11.09},
	title = {{Some} observations on language vitality in {Chitral}},
	year = {1996}
}

@incollection{decker1992,
	address = {Islamabad},
	author = {Decker, Sandra J.},
	booktitle = {Languages of {Kohistan}},
	editor = {Rensch, Calvin R. and Decker, Sandra J. and Hallberg, Daniel G.},
	number = {1},
	owner = {Birgit},
	pages = {65--80, 193--205},
	publisher = {National Institute of Pakistani Studies and Summer Institute of Linguistics},
	series = {Sociolinguistic {Survey} of {Northern} {Pakistan}},
	sortname = {Decker, Sandra J.},
	timestamp = {2014.11.09},
	title = {{Ushojo}},
	year = {1992}
}

@incollection{dahl2001,
	address = {Berlin},
	author = {Dahl, Östen},
	booktitle = {Language typology and language universals an international handbook},
	editor = {Haspelmath, Martin and König, Ekkehard and Oesterreicher, Wulf and Raible, Wolfgang},
	owner = {Birgit},
	pages = {1456--1470},
	publisher = {De Gruyter Mouton},
	sortname = {Dahl, Osten},
	timestamp = {2014.11.09},
	title = {Principles of areal typology},
	year = {2001}
}

@incollection{dahl2000,
	address = {Berlin},
	author = {Dahl, Östen},
	booktitle = {Gender in {Grammar} and {Cognition}},
	editor = {Unterbeck, Barbara and Rissanen, Matti and Nevalainen, Terttu and Saari, Mirja},
	number = {124},
	owner = {Birgit},
	pages = {99--115},
	publisher = {De Gruyter Mouton},
	series = {Trends in linguistics. {Studies} and monographs},
	sortname = {Dahl, Osten},
	timestamp = {2014.11.09},
	title = {Animacy and the notion of semantic gender},
	year = {2000}
}

@incollection{corbett_systems_2013,
	address = {Leipzig},
	author = {Corbett, Greville G.},
	booktitle = {{The} {World} {Atlas} of {Language} {Structures} {Online}},
	editor = {Dryer, Matthew S. and Haspelmath, Martin},
	pages = {\biberror{no pages}},
	publisher = {Max Planck Institute for Evolutionary Anthropology},
	sortname = {Corbett, Greville G.},
	title = {Systems of gender assignment},
	url = {http://wals.info/chapter/32},
	urldate = {2015-08-21TZ},
	year = {2013}
}

@incollection{corbett_sex-based_2013,
	address = {Leipzig},
	author = {Corbett, Greville G.},
	booktitle = {{The} {World} {Atlas} of {Language} {Structures} {Online}},
	editor = {Dryer, Matthew S. and Haspelmath, Martin},
	pages = {\biberror{no pages}},
	publisher = {Max Planck Institute for Evolutionary Anthropology},
	sortname = {Corbett, Greville G.},
	title = {Sex-based and non-sex-based gender systems},
	url = {http://wals.info/chapter/31},
	urldate = {2015-08-21TZ},
	year = {2013}
}

@incollection{cardonaluraghi2009,
	address = {London},,
	author = {Cardona, George and Luraghi, Silvia},
	booktitle = {{The} world's major languages},
	editor = {Comrie, Bernard},
	pages = {373--379},
	publisher = {Routledge},
	title = {{Indo-Aryan} languages},
	year = {2009}
}

@incollection{butt2010,
	address = {Cambridge},
	author = {Butt, Miriam},
	booktitle = {Complex {Predicates}: {Cross}-linguistic {Perspectives} on {Event} {Structure}},
	editor = {Amberber, Mengistu and Baker, Brett and Harvey, Mark},
	isbn = {9780521886673},
	keywords = {Language Arts \& Disciplines / General, Language Arts \& Disciplines / Linguistics / General},,
	month = {apr},
	pages = {48--78},
	publisher = {Cambridge University Press},
	title = {{The} light verb jungle: {S}till hacking away},
	year = {2010}
}

@incollection{butt1993,
	address = {New Delhi},
	author = {Butt, Miriam},
	booktitle = {Complex predicates in {South} {{Asian}} languages},
	editor = {Verma, Manindra K.},
	owner = {Birgit},
	pages = {31--46},
	publisher = {Manohar Publishers \& Distributors},
	timestamp = {2014.11.03},
	title = {Conscious choice and some light verbs in {{Urdu}}},
	year = {1993}
}

@incollection{buddruss1996,
	address = {Wiesbaden},
	author = {Buddruss, Georg},
	booktitle = {{Na}̄nāvidhaikatā: {Festschrift} für {Hermann} {Berger}},
	editor = {Kapp, Dieter B.},
	owner = {Birgit},
	pages = {29--54},
	publisher = {Harrassowitz Verlag},
	timestamp = {2014.11.03},
	title = {{Shina}-{Rätsel}},
	year = {1996}
}

@incollection{bickel_inflectional_2013,
	address = {Leipzig},
	author = {Bickel, Balthasar and Nichols, Johanna},
	booktitle = {{The} {World} {Atlas} of {Language} {Structures} {Online}},
	editor = {Dryer, Matthew S. and Haspelmath, Martin},
	pages = {\biberror{no pages}},
	publisher = {Max Planck Institute for Evolutionary Anthropology},
	title = {Inflectional {Synthesis} of the {Verb}},
	url = {http://wals.info/chapter/22},
	urldate = {2015-08-21TZ},
	year = {2013}
}

@incollection{bickel_fusion_2013,
	address = {Leipzig},
	author = {Bickel, Balthasar and Nichols, Johanna},
	booktitle = {{The} {World} {Atlas} of {Language} {Structures} {Online}},
	editor = {Dryer, Matthew S. and Haspelmath, Martin},
	pages = {\biberror{no pages}},
	publisher = {Max Planck Institute for Evolutionary Anthropology},
	title = {Fusion of {Selected} {Inflectional} {Formatives}},
	url = {http://wals.info/chapter/20},
	urldate = {2015-08-21TZ},
	year = {2013}
}

@incollection{bickel_exponence_2013,
	address = {Leipzig},
	author = {Bickel, Balthasar and Nichols, Johanna},
	booktitle = {{The} {World} {Atlas} of {Language} {Structures} {Online}},
	editor = {Dryer, Matthew S. and Haspelmath, Martin},
	pages = {\biberror{no pages}},
	publisher = {Max Planck Institute for Evolutionary Anthropology},
	title = {Exponence of {Selected} {Inflectional} {Formatives}},
	url = {http://wals.info/chapter/21},
	urldate = {2015-08-21TZ},
	year = {2013}
}

@incollection{bickel2011,
	address = {Oxford},
	author = {Bickel, Balthasar},
	booktitle = {{The} {Oxford} {Handbook} of {Linguistic} {Typology}},
	editor = {Song, Jae Jung},
	month = {nov},,
	pages = {399--444},
	publisher = {Oxford University Press},
	title = {Grammatical relations typology},
	year = {2010}
}

@incollection{bickel2004,
	address = {Amsterdam},
	author = {Bickel, Balthasar},
	booktitle = {Non-nominative subjects. {Vol}. 1},
	editor = {Bhaskararao, Peri and Subbarao, K. V.},
	owner = {Birgit},
	pages = {77--111},
	publisher = {John Benjamins Publishing Company},
	timestamp = {2014.11.03},
	title = {{The} syntax of experiencers in the {Himalayas}},
	volume = {1},
	year = {2004}
}

@incollection{bashir2003,
	address = {London},
	author = {Bashir, Elena},
	booktitle = {{The} {Indo}-{Aryan} {Languages}},
	editor = {Cardona, George and Jain, Danesh},
	owner = {Birgit},
	pages = {818--894},
	publisher = {Routledge},
	timestamp = {2014.11.03},
	title = {Dardic},
	year = {2003}
}

@incollection{bashir1996b,
	address = {Karachi},
	author = {Bashir, Elena},
	booktitle = {Proceedings of the {Second} {International} {Hindukush} {Cultural} {Conference}},
	editor = {Bashir, Elena and Israr-ud-Din},
	isbn = {0195775716},
	keywords = {Chitrāl District (Pakistan), Hindu Kush Mountains Region (Afghanistan and Pakistan)},
	number = {v. 1},
	pages = {167--179},
	publisher = {Oxford University Press},
	series = {Hindukush and {Karakoram} studies},
	title = {{The} areal position of {Khowar}: {South} {Asian} and other affinities},
	year = {1996}
}

@incollection{bashir1996,
	address = {Lahore},
	author = {Bashir, Elena},
	booktitle = {Studies in {Pakistani} popular culture},
	editor = {Hanaway, William L. and Heston, Wilma},
	owner = {Birgit},
	pages = {187--286},
	publisher = {Lok Virsa Publishing House and Sang-e-Meel Publications},
	timestamp = {2014.11.03},
	title = {Mosaic of tongues: {Quotatives} and complementizers in {Northwest} {Indo}-{Aryan}, {Burushaski}, and {Balti}},
	year = {1996}
}

@incollection{bashir1993,
	address = {New Delhi},
	author = {Bashir, Elena},
	booktitle = {Complex predicates in {South} {{Asian}} languages},
	editor = {Verma, Mahendra K.},
	owner = {Birgit},
	pages = {1--30},
	publisher = {Manohar Publishers \& Distributors},
	timestamp = {2014.11.03},
	title = {Causal chains and compound verbs},
	year = {1993}
}

@incollection{bashir1990,
	address = {Stanford},
	author = {Bashir, Elena},
	booktitle = {Experiencer {Subjects} in {South} {{Asian}} {Languages}},
	editor = {Verma, Mahendra K. and Mohanan, Karuvannur Puthanveettil},
	owner = {Birgit},
	pages = {297--318},
	publisher = {Center for the Study of Language and Information (CSLI)},
	timestamp = {2014.11.03},
	title = {Involuntary experience in {Kalasha}},
	year = {1990}
}

@incollection{ansaldo2006,
	address = {Amsterdam},
	author = {Ansaldo, Umberto},
	booktitle = {Encyclopedia of language and linguistics},
	editor = {Brown, Keith},
	owner = {Birgit},
	pages = {260--264},
	publisher = {Elsevier},
	timestamp = {2014.11.03},
	title = {Serial verb constructions},
	year = {2006}
}

@incollection{andrews_relative2007,
	address = {Cambridge},
	author = {Andrews, Avery D.},
	booktitle = {Language typology and syntactic description: {Volume} 2, {Complex} constructions},
	editor = {Shopen, Timothy},
	isbn = {0521581575 9780521581578 0521588561 9780521588560},
	pages = {206--236},
	publisher = {Cambridge University Press},
	sortname = {Andrews, Avery D.},
	title = {Relative clauses},
	year = {2007}
}

@incollection{andrews2007,
	address = {Cambridge},
	author = {Andrews, Avery D.},
	booktitle = {Language {Typology} and {Syntactic} {Description}: {Volume} 1, {Clause} {Structure}},
	editor = {Shopen, Timothy},
	owner = {Birgit},
	pages = {132--223},
	publisher = {Cambridge University Press},
	sortname = {Andrews, Avery D.},
	timestamp = {2014.11.03},
	title = {{The} major functions of the noun phrase},
	year = {2007}
}

@incollection{allerton2006,
	address = {Amsterdam},
	author = {Allerton, David J.},
	booktitle = {Encyclopedia of language and linguistics},
	editor = {Brown, Keith},
	owner = {Birgit},
	pages = {301--314},
	publisher = {Elsevier},
	sortname = {Allerton, David J.},
	timestamp = {2014.11.03},
	title = {Valency grammar},
	year = {2006}
}

@incollection{abbi1990,
	address = {Stanford},
	author = {Abbi, Anvita},
	booktitle = {Experiencer {Subjects} in {South} {{Asian}} {Languages}},
	editor = {Verma, Manindra K. and Mohanan, Karuvannur Puthanveettil},
	owner = {Birgit},
	pages = {253--267},
	publisher = {Center for the Study of Language and Information (CSLI)},
	timestamp = {2014.11.03},
	title = {Experiential constructions and the subjecthood of the experiencer {NPs} in {South} {{Asian}} languages},
	year = {1990}
}

@book{zoller2005,
	address = {Berlin},
	author = {Zoller, Claus Peter},
	number = {21-1},
	owner = {Birgit},
	publisher = {De Gruyter Mouton},
	series = {Trends in linguistics},
	timestamp = {2014.11.16},
	title = {A {Grammar} and {Dictionary} of {{Indus}} {Kohistani}: {Volume} 1, {Dictionary}},
	year = {2005}
}

@book{wierzbicka1996,
	address = {Oxford},
	author = {Wierzbicka, Anna},
	owner = {Birgit},
	publisher = {Oxford University Press},
	timestamp = {2014.11.16},
	title = {Semantics: {Primes} and {Universals}},
	year = {1996}
}

@book{whitney1960,
	address = {Cambridge, Mass.},
	author = {Whitney, William Dwight},
	owner = {Birgit},
	publisher = {Harvard University Press},
	timestamp = {2014.11.16},
	title = {{Sanskrit} grammar: {I}ncluding both the classical language, and the older dialects, of {Veda and Brahmana}},
	year = {1960 [1889]}
}

@book{turner1966,
	address = {London},
	author = {Turner, Ralph Lilley},
	owner = {Birgit},
	publisher = {Oxford University Press},
	timestamp = {2014.11.16},
	title = {A comparative dictionary of the {Indo-Aryan} languages},
	year = {1966}
}

@book{trask1996,
	address = {London},
	author = {Trask, Robert Lawrence},
	owner = {Birgit},
	publisher = {Arnold},
	timestamp = {2014.11.16},
	title = {Historical {Linguistics}},
	year = {1996}
}

@book{trailcooper1999,
	address = {Islamabad},
	author = {Trail, Ronald L. and Cooper, Gregory R.},
	number = {7},
	owner = {Birgit},
	publisher = {National Institute of Pakistan Studies and Summer Institute of Linguistics},
	series = {Studies in {Languages} of {Northern} {Pakistan}},
	sortname = {Trail, Ronald L. and Cooper, Gregory R.},
	timestamp = {2014.11.16},
	title = {Kalasha dictionary: {With} {{English}} and {Urdu}},
	year = {1999}
}

@book{szemerenyi1996,
	address = {Oxford},
	author = {Szemerényi, Oswald J. L.},
	owner = {Birgit},
	publisher = {Oxford University Press},
	sortname = {Szemerenyi, Oswald J. L.},
	timestamp = {2014.11.16},
	title = {Introduction to {Indo}-{European} {Linguistics}},
	year = {1996}
}

@book{stronski_synchronic_2011,
	address = {Poznan},
	author = {Stroński, Krzysztof},
	isbn = {8323222061 9788323222064},
	publisher = {Wydawn. Naukowe UAM},
	sortname = {Stronski, Krzysztof},
	title = {Synchronic and diachronic aspects of ergativity in {Indo}-{Aryan}},
	year = {2011}
}

@book{siiger1956,
	address = {Kopenhagen},
	author = {Siiger, Halfdan},
	number = {2},
	owner = {Birgit},
	publisher = {Ejnar Munksgaard},
	series = {Historisk-filologiske Meddelelser, Det Kongelige Danske Videnskabernes Selskab},
	timestamp = {2014.11.16},
	title = {Ethnological field-research in {Chitral, Sikkim, and Assam}},
	volume = {36},
	year = {1956}
}

@book{shackle1976,
	address = {London},
	author = {Shackle, Christopher},
	owner = {Birgit},
	publisher = {University of London School of Oriental and African Studies},
	timestamp = {2014.11.16},
	title = {{The} {Siraiki} language of {Central} {Pakistan}: {A} reference grammar},
	year = {1976}
}

@book{schmidtkohistani2008,
	address = {Wiesbaden},
	author = {Schmidt, Ruth Laila and Kohistani, Razwal},
	number = {17},
	owner = {Birgit},
	publisher = {Harrassowitz},
	series = {Beiträge zur {Kenntnis} südasiatischer {Sprachen} and {Literaturen}},
	timestamp = {2014.11.16},
	title = {A grammar of the {{Shina}} language of {Indus} {Kohistan}},
	year = {2008}
}

@book{schmidt1999,
	address = {London},
	author = {Schmidt, Ruth Laila},
	owner = {Birgit},
	publisher = {Routledge},
	series = {Essential Grammars},
	timestamp = {2014.11.16},
	title = {{Urdu}: {An} essential grammar},
	year = {1999}
}

@book{raverty1982,
	address = {Peshawar},
	author = {Raverty, Henry G.},
	owner = {Birgit},
	publisher = {Saeed Book Bank},
	sortname = {Raverty, Henry G.},
	timestamp = {2014.11.16},
	title = {A dictionary of the {Pukh\rq to, Pus\rq hto, or the language of the Afgh\^{a}ns}: {W}ith remarks on the originality of the language, and its affinity to the {Semitic} and other oriental tongues},
	year = {1982 [1901]}
}

@book{radloffshakil1998,
	address = {Islamabad},
	author = {Radloff, Carla F. and Shakil, Shakil Ahmad},
	number = {2},
	owner = {Birgit},
	publisher = {National Institute of Pakistan Studies and Summer Institute of Linguistics},
	series = {Studies in {Languages} of {Northern} {Pakistan}},
	sortname = {Radloff, Carla F. and Shakil, Shakil Ahmad},
	timestamp = {2014.11.16},
	title = {Folktales in the {{Shina}} of {Gilgit} : {T}ext, grammatical analysis and commentary},
	year = {1998}
}

@book{radloff1999,
	address = {Islamabad},
	author = {Radloff, Carla F.},
	number = {4},
	owner = {Birgit},
	publisher = {National Institute of Pakistan Studies and Summer Institute of Linguistics},
	series = {Studies in {Languages} of {Northern} {Pakistan}},
	sortname = {Radloff, Carla F.},
	timestamp = {2014.11.16},
	title = {Aspects of the sound system of {Gilgiti} {{Shina}}},
	year = {1999}
}

@book{pustet2003,
	address = {Oxford},
	author = {Pustet, Regina},
	owner = {Birgit},
	publisher = {Oxford University Press},
	timestamp = {2014.11.09},
	title = {Copulas: {Universals} in the {Categorization} of the {Lexicon}},
	year = {2003}
}

@book{pischel2011,
	address = {Berlin},
	author = {Pischel, Richard},
	keywords = {Language Arts \& Disciplines / Linguistics / General, Language Arts \& Disciplines / Linguistics / Historical \& Comparative},
	publisher = {De Gruyter Mouton},
	title = {Grammatik der {Prakrit}-{Sprachen}},
	year = {2011 [1900]}
}

@book{morgenstiernelorentzen1992,
	address = {Oslo},
	author = {Morgenstierne, Georg},
	booktitle = {På sprogjakt i {Hindukush}: {Dagboksnotater} fra {Chitral} 1929.},
	editor = {Lorentzen, Eva M.},
	publisher = {Indo-iransk bibliotek},
	shorttitle = {På sprogjakt i {Hindukush}},
	title = {På sprogjakt i {Hindukush}: {Dagboksnotater} fra {Chitral} 1929.},
	year = {1992}
}

@book{morgenstierne_pashai1973,
	address = {Oslo},
	author = {Morgenstierne, Georg},
	isbn = {82-00-14185-3},
	publisher = {Universitetsforlaget},
	series = {Instituttet for sammenlignende kulturforskning. {Serie} {B}, {Skrifter},},
	title = {Indo-{Iranian} frontier languages. {Vol}. 3, {{The}} {Pashai} language, 1, {Grammar}},
	year = {1967}
}

@book{morgenstierne1950,
	address = {Oslo},
	author = {Morgenstierne, Georg},
	owner = {Birgit},
	publisher = {Det Norske Videnskaps-Akademi},
	series = {Skrifter utgitt av Det Norske Videnskaps-Akademi i Oslo, II. Hist.-Filos. Klasse, 1950, 1},
	timestamp = {2014.11.09},
	title = {Notes on {Gawar-Bati}},
	year = {1950}
}

@book{morgenstierne1941,
	address = {Oslo},
	author = {Morgenstierne, Georg},
	owner = {Birgit},
	publisher = {Det Norske Videnskaps-Akademi},
	series = {Skrifter utgitt av Det Norske Videnskaps-Akademi i Oslo, II. Hist.-Filos. Klasse, 1940, No 5},
	timestamp = {2014.11.09},
	title = {Notes on {P}hal\^{u}\={u}\d{r}a: {A}n unknown {D}ardic language of {C}hitral},
	year = {1941}
}

@book{morgenstierne1932,
	address = {Oslo},
	author = {Morgenstierne, Georg},
	owner = {Birgit},
	publisher = {Instituttet for sammenlignende kulturforskning},
	series = {Serie {C} {III} - 1},
	timestamp = {2014.11.09},
	title = {Report on a linguistic mission to {North}-{{Western}} {India}},
	year = {1932}
}

@book{mcmahon1994,
	address = {Cambridge},
	author = {McMahon, April M. S.},
	owner = {Birgit},
	publisher = {Cambridge University Press},
	sortname = {McMahon, April M. S.},
	timestamp = {2014.11.09},
	title = {Understanding {Language} {Change}},
	year = {1994}
}

@book{matthews1991,
	address = {Cambridge},
	author = {Matthews, Peter H.},
	owner = {Birgit},
	publisher = {Cambridge University Press},
	sortname = {Matthews, Peter H.},
	timestamp = {2014.11.09},
	title = {Morphology},
	year = {1991}
}

@book{masica1991,
	address = {Cambridge},
	author = {Masica, Colin P.},
	owner = {Birgit},
	publisher = {Cambridge University Press},
	sortname = {Masica, Colin P.},
	timestamp = {2014.11.09},
	title = {{The} {Indo}-{Aryan} languages},
	year = {1991}
}

@book{masica1976,
	address = {Chicago},
	author = {Masica, Colin P.},
	owner = {Birgit},
	publisher = {University of Chicago Press},
	sortname = {Masica, Colin P.},
	timestamp = {2014.11.09},
	title = {Defining a linguistic area: {South} {{Asia}}},
	year = {1976}
}

@book{lorenz1979,
	address = {Leipzig},
	author = {Lorenz, Manfred},
	owner = {Birgit},
	publisher = {VEB Verlag Enzyklopädie},
	timestamp = {2014.11.09},
	title = {Lehrbuch des {Pashto} ({Afghanisch})},
	year = {1979}
}

@book{liljegrenhaider2015,
	address = {Islamabad},
	author = {Liljegren, Henrik and Haider, Naseem},
	number = {8},
	publisher = {Forum for Language Initiatives},
	series = {{FLI} {Language} and {Culture} {Series}},
	title = {Palula texts},
	year = {2015}
}

@book{liljegrenhaider2011,
	address = {Islamabad},
	author = {Liljegren, Henrik and Haider, Naseem},
	isbn = {9789699437076 9699437073},,
	number = {7},
	publisher = {Forum for Language Initiatives},
	series = {{FLI} {Language} and {Culture} {Series}},
	title = {Palula vocabulary},
	year = {2011}
}

@book{lehmann1992,
	address = {London},
	author = {Lehmann, Winfred Philipp},
	isbn = {978-0-415-07243-4},
	keywords = {Language Arts \& Disciplines / Linguistics / General, Language Arts \& Disciplines / Linguistics / Historical \& Comparative},
	publisher = {Routledge},
	shorttitle = {Historical {Linguistics}},
	title = {Historical {Linguistics}: {An} {Introduction}},
	year = {1992}
}

@book{lehmann1962,
	address = {New York},
	author = {Lehmann, Winfred Philipp},
	owner = {Birgit},
	publisher = {Holt, Rinehart and Winston, Inc.},
	timestamp = {2014.11.09},
	title = {Historical linguistics: {A}n introduction},
	year = {1962}
}

@book{jettmar2002,
	address = {Karachi},
	author = {Jettmar, Karl},
	owner = {Birgit},
	publisher = {Oxford University Press},
	timestamp = {2014.11.09},
	title = {Beyond the gorges of the {{Indus}}: {Archaeology} before excavation},
	year = {2002}
}

@book{jaeger2006,
	address = {Bochum},
	author = {Jäger, Andreas},
	number = {12},
	owner = {Birgit},
	publisher = {Universitätsverlag Dr. N. Brockmeyer},
	series = {Diversitas {Linguarum}},
	sortname = {Jager, Andreas},
	timestamp = {2014.11.09},
	title = {Typology of {Periphrastic} 'do'-constructions},
	year = {2006}
}

@book{haspelmath1993,
	address = {Berlin},
	author = {Haspelmath, Martin},
	owner = {Birgit},
	publisher = {De Gruyter Mouton},
	timestamp = {2014.11.09},
	title = {A grammar of {Lezgian}},
	year = {1993}
}

@book{hallberghallberg1999,
	address = {Islamabad},
	author = {Hallberg, Daniel G. and Hallberg, Calinda E.},
	number = {8},
	owner = {Birgit},
	publisher = {National Institute of Pakistan Studies and Summer Institute of Linguistics},
	series = {Studies in {Languages} of {Northern} {Pakistan}},
	sortname = {Hallberg, Daniel G. and Hallberg, Calinda E.},
	timestamp = {2014.11.09},
	title = {{Indus} {Kohistani} : {A} preliminary phonological and morphological analysis},
	year = {1999}
}

@book{haider2012b,
	address = {Islamabad},,
	booktitle = {Palula matali [{Palula} proverbs]},
	editor = {Haider, Naseem},
	number = {1},
	publisher = {Forum for Language Initiatives},
	series = {Maqami {Zaban}-o-{Adab} kaa {Ishaati} {Silsila}},
	title = {Palula matali [{Palula} proverbs]},
	year = {2012}
}

@book{haider2012a,
	address = {Islamabad},
	booktitle = {Palula {alif}, be  [{Palula} ABC]},
	edition = {Second edition},,
	editor = {Haider, Naseem},
	publisher = {Anjuman-e-taraqqi-e-Palula and Forum for Language Initiatives},
	title = {Palula {alif}, be  [{Palula} ABC]},
	year = {2012}
}

@book{haider2006b,
	address = {Peshawar},,
	booktitle = {Palula shiluka [{Palula} stories]},
	editor = {Haider, Naseem},
	publisher = {Anjuman-e-taraqqi-e-Palula and Frontier Language Insititute},
	title = {Palula shiluka [{Palula} stories]},
	year = {2006}
}

@book{haider2006a,
	address = {Peshawar},
	booktitle = {Palula {alif}, be  [{Palula} ABC]},
	editor = {Haider, Naseem},
	publisher = {Anjuman-e-taraqqi-e-Palula and Frontier Language Insititute},
	title = {Palula {alif}, be  [{Palula} ABC]},
	year = {2006}
}

@book{glottolog2015,
	address = {Jena},
	booktitle = {Glottolog 2.6},
	editor = {Hammarström, Harald and Forkel, Robert and Haspelmath, Martin and Bank, Sebastian},
	note = {(Accessed 9 November 2015)},,
	publisher = {Max Planck Institute for the Science of Human History},
	sortname = {Hammarstrom, Harald and Forkel, Robert and Haspelmath, Martin and Bank, Sebastian},
	title = {Glottolog 2.6},
	url = {http://glottolog.org},
	year = {2015}
}

@book{givon2001b,
	address = {Amsterdam},
	author = {Givón, Talmy},
	owner = {Birgit},
	publisher = {John Benjamins Publishing Company},
	sortname = {Givojn, Talmy},
	timestamp = {2014.11.09},
	title = {Syntax: {An} introduction},
	volume = {2},
	year = {2001}
}

@book{givon2001a,
	address = {Amsterdam},
	author = {Givón, Talmy},
	owner = {Birgit},
	publisher = {John Benjamins Publishing Company},
	sortname = {Givojn, Talmy},
	timestamp = {2014.11.09},
	title = {Syntax: {An} introduction},
	volume = {1},
	year = {2001}
}

@book{givon1979,
	address = {New York},
	author = {Givón, Talmy},
	owner = {Birgit},
	publisher = {Academic Press},
	sortname = {Givon, Talmy},
	timestamp = {2014.11.09},
	title = {On understanding grammar},
	year = {1979}
}

@book{fussman1972,
	address = {Paris},
	author = {Fussman, Gérard},
	keywords = {Dardic languages, Linguistic geography},,
	publisher = {École française d'Extrême-Orient},
	sortname = {Fussman, Gerard},
	title = {Atlas linguistique des parlers dardes et kafirs},
	year = {1972}
}

@book{ethnologue2015,
	address = {Dallas, Texas},
	booktitle = {Ethnologue: {Languages} of the {World}, {Eighteenth} edition},
	edition = {Online version: http://www.ethnologue.com},,
	editor = {Lewis, M. Paul and Simons, Gary F. and Fennig, Charles D.},
	publisher = {SIL International},
	sortname = {Lewis, M. Paul and Simons, Gary F. and Fennig, Charles D.},
	title = {Ethnologue: {Languages} of the {World}, {Eighteenth} edition},
	year = {2015}
}

@book{emeneau1980,
	address = {Stanford},
	author = {Emeneau, Murray Barnson},
	number = {14},
	owner = {Birgit},
	publisher = {Stanford University Press},
	series = {Language {Science} and {National} {Development}},
	timestamp = {2014.11.09},
	title = {Language and {Linguistic} {Area}},
	year = {1980}
}

@book{edelman1983,
	address = {Moscow},
	author = {Edelman, Dzhoi Iosifovna},
	note = {Central Department of Oriental Literature},
	owner = {Birgit},
	publisher = {Nauka},
	series = {Languages of {Asia} and {Africa}},
	timestamp = {2014.11.09},
	title = {{The} {Dardic} and {Nuristani} languages},
	year = {1983}
}

@book{dixon2010,
	address = {Oxford},
	author = {Dixon, Robert M. W.},
	isbn = {9780199571055},
	publisher = {Oxford University Press},
	sortname = {Dixon, Robert M. W.},
	title = {Basic linguistic theory: {Volume} 1, {Methodology}},
	volume = {1},
	year = {2010}
}

@book{dixon1994,
	address = {Cambridge},
	author = {Dixon, Robert M. W.},
	owner = {Birgit},
	publisher = {Cambridge University Press},
	sortname = {Dixon, Robert M. W.},
	timestamp = {2014.11.09},
	title = {Ergativity},
	year = {1994}
}

@book{dixon1982,
	address = {Berlin},
	author = {Dixon, Robert M. W.},
	number = {107},
	owner = {Birgit},
	publisher = {De Gruyter Mouton},
	series = {Janua {Linguarum}. {Series} {Maior}},
	sortname = {Dixon, Robert M. W.},
	timestamp = {2014.11.09},
	title = {Where have {All} the {Adjectives} {Gone}?: {And} {Other} {Essays} in {Semantics} and {Syntax}},
	year = {1982}
}

@book{degener2008,
	address = {Wiesbaden},
	author = {Degener, Almuth},
	isbn = {9783447056489 3447056487},
	publisher = {Harrassowitz Verlag},
	shorttitle = {Shina-{Texte} aus {Gilgit} ({Nord}-{Pakistan})},
	title = {{Shina}-{Texte} aus {Gilgit} ({Nord}-{Pakistan}) : {Sprichwörter} und {Materialien} zum {Volksglauben}, gesammelt von {Mohammad} {Amin} {Zia}},
	year = {2008}
}

@book{decker1992a,
	address = {Islamabad},
	author = {Decker, Kendall D.},
	number = {5},
	owner = {Birgit},
	publisher = {National Institute of Pakistan Studies and Summer Institute of Linguistics},
	series = {Sociolinguistic survey of northern {Pakistan}},
	sortname = {Decker, Kendall D.},
	timestamp = {2014.11.09},
	title = {Languages of {Chitral}},
	year = {1992}
}

@book{david2013,
	address = {Berlin},
	author = {David, Anne Boyle},
	isbn = {9781614513032 1614513031},,
	publisher = {De Gruyter Mouton},
	title = {Descriptive grammar of {Pashto} and its dialects},
	year = {2013}
}

@book{dahl1985,
	address = {Oxford},
	author = {Dahl, Östen},
	owner = {Birgit},
	publisher = {Blackwell},
	sortname = {Dahl, Osten},
	timestamp = {2014.11.09},
	title = {Tense and aspect systems},
	year = {1985}
}

@book{croft2003,
	address = {Cambridge},
	author = {Croft, William},
	edition = {2nd ed.},
	isbn = {9780521808842},
	publisher = {Cambridge University Press},
	title = {Typology and universals},
	year = {2003}
}

@book{cristofaro2005,
	address = {Oxford},
	author = {Cristofaro, Sonia},
	isbn = {9780199282005},
	month = {may},
	publisher = {Oxford University Press},
	title = {Subordination},
	url = {http://www.oxfordscholarship.com/view/10.1093/acprof:oso/9780199282005.001.0001/acprof-9780199282005},
	urldate = {2014-08-12TZ},
	year = {2005}
}

@book{corbett2006,
	address = {Cambridge},
	author = {Corbett, Greville G.},
	owner = {Birgit},
	publisher = {Cambridge University Press},
	sortname = {Corbett, Greville G.},
	timestamp = {2014.11.09},
	title = {Agreement},
	year = {2006}
}

@book{corbett1991,
	address = {Cambridge},
	author = {Corbett, Greville G.},
	owner = {Birgit},
	publisher = {Cambridge University Press},
	sortname = {Corbett, Greville G.},
	timestamp = {2014.11.03},
	title = {Gender},
	year = {1991}
}

@book{comrie1989,
	address = {Oxford},
	author = {Comrie, Bernard},
	owner = {Birgit},
	publisher = {Basil Blackwell},
	timestamp = {2014.11.03},
	title = {Language universals and linguistic typology: {S}yntax and morphology},
	year = {1989}
}

@book{cacopardo2001,
	address = {Rome},
	author = {Cacopardo, Alberto M. and Cacopardo, Augusto S.},
	number = {5},
	owner = {Birgit},
	publisher = {Istituto Italiano per l'Africa e l'Oriente (IsIAO)},
	series = {Reports and memoirs},
	sortname = {Cacopardo, Alberto M. and Cacopardo, Augusto S.},
	timestamp = {2014.11.03},
	title = {Gates of {Peristan}: {History}, religion and society in the {Hindu} {Kush}},
	year = {2001}
}

@book{bybeeetal1994,
	address = {Chicago},
	author = {Bybee, Joan and Perkins, Revere and Pagliuca, William},
	owner = {Birgit},
	publisher = {University of Chicago Press},
	timestamp = {2014.11.03},
	title = {{The} evolution of grammar: {Tense}, aspect, and modality in the languages of the world},
	year = {1994}
}

@book{buddruss1967,
	address = {Munich},
	author = {Buddruss, Georg},
	number = {Beiheft [Supplement] M},
	owner = {Birgit},
	publisher = {Kitzinger in Kommission},
	series = {Münchener {Studien} zur {Sprachwissenschaft}},
	timestamp = {2014.11.03},
	title = {Die {Sprache} von {{Sau}} in {Ostafghanistan}: {Beiträge} zur {Kenntnis} des dardischen {Phalûra}},
	year = {1967}
}

@book{buddruss1960,
	address = {Bonn},
	author = {Buddruss, Georg},
	number = {9},
	publisher = {Selbstverlag des Orientalischen Seminars der Universität Bonn},
	series = {Bonner {Orientalische} {Studien}},
	title = {Die {Sprache} von {Wotapur} und {Katarqala}: {Linguistische} {Studien} im afghanischen {Hindukusch}},
	year = {1960}
}

@book{blake2001,
	address = {Cambridge},
	author = {Blake, Barry J.},
	isbn = {9780521014915},
	keywords = {Language Arts \& Disciplines / General, Language Arts \& Disciplines / Linguistics / General, Language Arts \& Disciplines / Linguistics / Syntax},,
	month = {sep},
	publisher = {Cambridge University Press},
	sortname = {Blake, Barry J.},
	title = {Case},
	year = {2001}
}

@book{biddulph1986,
	address = {Lahore},
	author = {Biddulph, John},
	owner = {Birgit},
	publisher = {Ali Kamran Publishers},
	timestamp = {2014.11.03},
	title = {Tribes of the {Hindoo Koosh}},
	year = {1986 [1880]}
}

@book{bhatningomba1997,
	address = {Munich},
	author = {Bhat, D. N. Shankara and Ningomba, M. S.},
	number = {4},
	owner = {Birgit},
	publisher = {LINCOM Europa},
	series = {{LINCOM} {Studies} in {Asian} {Linguistics}},
	sortname = {Bhat, D. N. Shankara and Ningomba, M. S.},
	timestamp = {2014.11.03},
	title = {Manipuri {Grammar}},
	year = {1997}
}

@book{bhatia1993,
	address = {London},
	author = {Bhatia, Tej K.},
	owner = {Birgit},
	publisher = {Routledge},
	series = {Descriptive grammars},
	sortname = {Bhatia, Tej K.},
	timestamp = {2014.11.03},
	title = {Punjabi: {A} conginitive-descriptive grammar},
	year = {1993}
}

@book{bhat2004,
	address = {Oxford},
	author = {Bhat, D. N. Shankara},
	owner = {Birgit},
	publisher = {Oxford University Press},
	sortname = {Bhat, D. N. Shankara},
	timestamp = {2014.11.03},
	title = {Pronouns},
	year = {2004}
}

@book{berlinkay1969,
	address = {Berkeley},
	author = {Berlin, Brent and Kay, Paul},
	owner = {Birgit},
	publisher = {University of California Press},
	timestamp = {2014.11.03},
	title = {Basic color terms: {Their} {Universality} and evolution},
	year = {1969}
}

@book{bailey1924,
	address = {London},
	author = {Bailey, Thomas Grahame},
	number = {8},
	owner = {Birgit},
	publisher = {Royal Asiatic Society},
	series = {Prize {Publication} {Fund}},
	timestamp = {2014.11.03},
	title = {Grammar of the {{Shina}} (ṣiṇā) language},
	year = {1924}
}

@book{baart1999a,
	address = {Islamabad},
	author = {Baart, Joan L. G.},
	number = {5},
	owner = {Birgit},
	publisher = {National Institute of Pakistan Studies and Summer Institute of Linguistics},
	series = {Studies in {Languages} of {Northern} {Pakistan}},
	sortname = {Baart, Joan L. G.},
	timestamp = {2014.11.03},
	title = {A sketch of {{Kalam}} {Kohistani} grammar},
	year = {1999}
}

@book{baart1997,
	address = {Islamabad},
	author = {Baart, Joan L. G.},
	number = {1},
	owner = {Birgit},
	publisher = {National Institute of Pakistan Studies and Summer Institute of Linguistics},
	series = {Studies in {Languages} of {Northern} {Pakistan}},
	sortname = {Baart, Joan L. G.},
	timestamp = {2014.11.03},
	title = {{The} sounds and tones of {Kalam} {Kohistani}: {W}ith wordlist and texts},
	year = {1997}
}

@book{akhunzadaliljegren2009,
	address = {Islamabad},
	author = {Akhunzada, Fakhruddin and Liljegren, Maarit},
	isbn = {9789699437007},
	number = {4},
	publisher = {Forum for Language Initiatives},
	series = {{FLI} {Language} and {Culture} {Series}},
	shorttitle = {Kalkatak},
	title = {Kalkatak: {A} crossroads of cultures in {Chitral}},
	year = {2009}
}

@article{tikkanen1988,
	author = {Tikkanen, Bertil},
	journal = {Studia Orientalia},
	pages = {303--325},,
	title = {On {Burushaski} and other ancient substrata in northwestern {South} {{Asia}}},
	volume = {64},
	year = {1988}
}

@article{stronski2009,
	author = {Stroński, Krzysztof},
	doi = {10.2478/v10010-010-0012-8},
	issn = {0137-2459, 1897-7499},,
	journal = {Poznań Studies in Contemporary Linguistics},
	number = {2},
	pages = {237--253},
	sortname = {Stronski, Krzysztof},
	title = {Variation of {Ergativity} {Patterns} in {Indo}-{Aryan}},
	volume = {46},
	year = {2009}
}

@article{strand1973,
	author = {Strand, Richard F.},
	journal = {Journal of the American Oriental Society},
	number = {3},
	owner = {Birgit},
	pages = {297--305},
	sortname = {Strand, Richard F.},
	timestamp = {2014.11.16},
	title = {Notes on the {Nuristani} and {Dardic} {Languages}},
	volume = {93},
	year = {1973}
}

@article{schmidtkohistani2001,
	author = {Schmidt, Ruth Laila and Kohistani, Razwal},
	journal = {Acta Orientalia},
	owner = {Birgit},
	pages = {107--143},
	timestamp = {2014.11.16},
	title = {Nominal inflections in the {{Shina}} of {Indus} {Kohistan}},
	volume = {62},
	year = {2001}
}

@article{schmidt2004b,
	author = {Schmidt, Ruth Laila},
	journal = {Acta Orientalia},
	owner = {Birgit},
	pages = {19--31},
	timestamp = {2014.11.16},
	title = {Compound verbs in the {{Shina}} of {Kohistan}},
	volume = {65},
	year = {2004}
}

@article{schmidt2003,
	author = {Schmidt, Ruth Laila},
	journal = {Acta Orientalia},
	owner = {Birgit},
	pages = {137--152},
	timestamp = {2014.11.16},
	title = {Converbs in a {Kohistani {Shina} narrative}},
	volume = {64},
	year = {2003}
}

@article{schmidt2000,
	author = {Schmidt, Ruth Laila},
	journal = {Berliner indologische Studien},
	owner = {Birgit},
	pages = {201--213},
	timestamp = {2014.11.16},
	title = {Typology of {{Shina}} {Pronouns}},
	volume = {13/14},
	year = {2000}
}

@article{schmidt1985,
	author = {Schmidt, Ruth Laila},
	journal = {Journal of Central Asia},
	number = {1},
	pages = {17--26},
	title = {Where have the {{Shina}} speakers come from? {Some} linguistic clues},
	volume = {8},
	year = {1985}
}

@article{payne1980,
	author = {Payne, John R.},
	journal = {Lingua},
	number = {2–3},
	owner = {Birgit},
	pages = {147--186},
	sortname = {Payne, John R.},
	timestamp = {2014.11.09},
	title = {{The} decay of ergativity in {Pamir} languages},
	volume = {51},
	year = {1980}
}

@article{morgenstierne_tirahi1934,
	author = {Morgenstierne, Georg},
	journal = {Acta Orientalia},
	pages = {161--189},
	title = {Notes on {{Tirahi}}},
	volume = {12},
	year = {1934}
}

@article{morgenstierne1942,
	author = {Morgenstierne, Georg},
	journal = {Norsk Tidsskrift for Sprogvidenskap},
	owner = {Birgit},
	pages = {115--198},
	timestamp = {2014.11.09},
	title = {Notes on {Dameli}: {A {Kafir}-Dardic language of Chitral}},
	volume = {12},
	year = {1942}
}

@article{liljegrenhaider2009,
	author = {Liljegren, Henrik and Haider, Naseem},
	journal = {Journal of the International Phonetic Association},
	month = {nov},,
	number = {3},
	pages = {381--386},
	title = {Palula},
	volume = {39},
	year = {2009}
}

@article{liljegren2013,
	author = {Liljegren, Henrik},
	journal = {Linguistic Discovery},
	number = {1},,
	pages = {129--160},
	title = {Notes on {Kalkoti}: {A} {{Shina}} {Language} with {Strong} {Kohistani} {Influences}},
	volume = {11},
	year = {2013}
}

@article{liljegren2010,
	author = {Liljegren, Henrik},
	issn = {1544-7502},
	journal = {Himalayan Linguistics},
	number = {1},
	pages = {51--79},
	title = {Where have all the verbs gone?: {On} verb stretching and semi-words in {Indo}-{Aryan} {Palula}},
	volume = {9},
	year = {2010}
}

@article{liljegren2009,
	author = {Liljegren, Henrik},
	issn = {0001-6438},,
	journal = {Acta Orientalia},
	pages = {7--62},
	title = {{The} {Dangari} {Tongue} of {Choke} and {Machoke} : {Tracing} the proto-language of {Shina} enclaves in the {Hindu} {Kush}},
	volume = {70},
	year = {2009}
}

@article{klaiman1987,
	author = {Klaiman, Miriam H.},
	doi = {10.1016/0024-3841(87)90068-4},
	issn = {0024-3841},
	journal = {Lingua},
	month = {apr},
	number = {1–4},
	pages = {61--102},
	sortname = {Klaiman, Miriam H.},
	title = {Mechanisms of ergativity in {South} {{Asia}}},
	urldate = {2012-10-08TZ},
	volume = {71},
	year = {1987}
}

@article{kayetal1991,
	author = {Kay, Paul and Berlin, Brent and Merrifield, William},
	doi = {10.1525/jlin.1991.1.1.12},
	issn = {1548-1395},
	journal = {Journal of Linguistic Anthropology},
	month = {jun},
	number = {1},
	pages = {12--25},
	title = {Biocultural {Implications} of {Systems} of {Color} {Naming}},
	url = {http://onlinelibrary.wiley.com.ezp.sub.su.se/doi/10.1525/jlin.1991.1.1.12/abstract},
	urldate = {2015-08-24TZ},
	volume = {1},
	year = {1991}
}

@article{hookzia2005,
	author = {Hook, Peter Edwin and Zia, Muhammad Amin},
	journal = {The Yearbook of South Asian Languages and Linguistics},
	pages = {165--188},
	shorttitle = {Searching for the {Goddess}},,
	title = {Searching for the {Goddess}: {A} {Study} of {Sensory} and {Other} {Impersonal} {Causative} {Expressions} in the {{Shina}} of {Gilgit}},
	volume = {2005},
	year = {2005}
}

@article{hookjoshi1991,
	author = {Hook, Peter Edwin and Joshi, Dayashankar M.},
	journal = {Indian Linguistics},
	owner = {Birgit},
	pages = {1--14},
	sortname = {Hook, Peter Edwin and Joshi, Dayashankar M.},
	timestamp = {2014.11.09},
	title = {Concordant adverbs and postpositions in {Gujarati}},
	volume = {52},
	year = {1991}
}

@article{hook1990a,
	author = {Hook, Peter Edwin},
	journal = {Bulletin of the School of Oriental and African Studies},
	number = {01},
	owner = {Birgit},
	pages = {77--82},
	timestamp = {2014.11.09},
	title = {A note on expressions of involuntary experience in the {{Shina}} of {Skardu}},
	volume = {53},
	year = {1990}
}

@article{hook1977,
	author = {Hook, Peter Edwin},
	journal = {International Journal of Dravidian Linguistics},
	number = {2},
	owner = {Birgit},
	pages = {336--349},
	timestamp = {2014.11.09},
	title = {{The} distribution of the compound verb in the languages of {North} {India} and the question of its origin},
	volume = {6},
	year = {1977}
}

@article{haig2002,
	author = {Haig, Geoffrey},
	journal = {Sprachtypologie und Universalienforschung},
	number = {1},
	pages = {25--48},
	title = {Noun-plus-verb complex predicates in {Kurmanji} {Kurdish}: {A}rgument sharing, argument incorporation, or what?},
	volume = {55},
	year = {2002}
}

@article{follietal2005,
	author = {Folli, Raffaella and Harley, Heidi and Karimi, Simin},
	doi = {10.1016/j.lingua.2004.06.002},
	journal = {Lingua},
	month = {oct},
	number = {10},
	owner = {Birgit},
	pages = {1365--1401},
	timestamp = {2014.11.09},
	title = {Determinants of event type in {Persian} complex predicates},
	volume = {115},
	year = {2005}
}

@article{endresenkristiansen1981,
	author = {Endresen, Rolf Theil and Kristiansen, Knut},
	journal = {Acta Iranica},
	owner = {Birgit},
	pages = {210--243},
	timestamp = {2014.11.09},
	title = {Khowar {Studies}},
	volume = {21},
	year = {1981}
}

@article{edelman1980,
	author = {Edelman, Dzhoi Iosifovna},
	journal = {Voprosy jazykoznanija},
	pages = {21--32},
	title = {K substratnomu naslediju tsentralno-asiatskogo jazykogo sojuza},
	volume = {5},
	year = {1980}
}

@article{downing1974,
	author = {Downing, Bruce T.},
	journal = {Minnesota Working Papers in Linguistics and Philosophy of Language},
	owner = {Birgit},
	pages = {1--17},
	sortname = {Downing, Bruce T.},
	timestamp = {2014.11.09},
	title = {Correlative relative clauses in universal grammar},
	volume = {2},
	year = {1974}
}

@article{deosharma2006,
	author = {Deo, Ashwini and Sharma, Devyani},
	doi = {10.1515/LINGTY.2006.012},
	journal = {Linguistic Typology},
	month = {jan},
	number = {3},
	owner = {Birgit},
	pages = {369--418},
	timestamp = {2014.11.09},
	title = {Typological variation in the ergative morphology of {Indo}-{Aryan} languages},
	volume = {10},
	year = {2006}
}

@article{buddruss1993,
	author = {Buddruss, Georg},
	booktitle = {On artificial glaciers in the {{Gilgit}} {Karakorum}},
	editor = {Buddruss, Georg and von Hinüber, Oskar and Schmidt, Hanns-Peter and Wetzler, Albrecht and Witzel, Michael},
	journal = {Studien zur Indologie und Iranistik},
	owner = {Birgit},
	pages = {77--90},
	timestamp = {2014.11.03},
	title = {On artificial glaciers in the {{Gilgit}} {Karakorum}},
	volume = {18},
	year = {1993}
}

@article{buddruss1987,
	author = {Buddruss, Georg},
	journal = {Studien zur Indologie und Iranistik},
	owner = {Birgit},
	pages = {39--57},
	timestamp = {2014.11.03},
	title = {Zur \"{a}ltesten {Sammlung von Sprichw\"{o}rter und R\"{a}tseln in der {Shina}-Sprache}},
	volume = {13/14},
	year = {1987}
}

@article{baartrehman2005,
	author = {Rehman, Khawaja A. and Baart, Joan L. G.},
	journal = {SIL Electronic Working Papers},
	pages = {1--22},
	sortname = {Rehman, Khawaja A. and Baart, Joan L. G.},
	title = {A first look at the language of {Kundal} {Shahi} in {Azad} {Kashmir}},
	volume = {2005-008},
	year = {2005}
}

@article{baart1999b,
	author = {Baart, Joan L. G.},
	doi = {10.1017/S0041977X00017584},
	journal = {Bulletin of the School of Oriental and African Studies},
	number = {01},
	owner = {Birgit},
	pages = {88--104},
	sortname = {Baart, Joan L. G.},
	timestamp = {2014.11.03},
	title = {Tone {Rules} in {{Kalam}} {Kohistani} ({Garwi}, {Bashkarik})},
	volume = {62},
	year = {1999}
}