@incollection{AckermanEtAl2009,
  author = {Ackerman, Farrell and Blevins, James P. and Malouf, Robert},
 title = {Parts and wholes: Implicative patterns in inflectional paradigms},
 pages = {54--82},
 publisher = {{Oxford University Press}},
 editor = {Blevins, James P. and Blevins, Juliette},
 booktitle = {Analogy in grammar},
 year = {2009},
 address = {Oxford}
}

@misc{Wiemer2002,
	address = {Konstanz},
	author = {Wiemer, Björn},
	note = {Unpublished postdoctoral thesis},
	title = {{G}rammatikalisierungstheorie, {D}erivation und {K}onstruktionen: {{A}}m {Beispiel} des klassifizierenden {A}spekts, des {P}assivs und des {S}ubjektimpersonals im slavisch-baltischen {A}real},
	year = {2002}
}

@thesis{Gurevich2006,
	address = {Berkeley},
	author = {Gurevich, Olga I.},
	title = {Constructional Morphology: {T}he {{Georgian}} version},
	year = {2006},
	type = {PhD thesis}
}

@incollection{KupietzKeibel2009,
	address = {Tokyo},
	publisher = {Tokyo University of Foreign Studies},
	author = {Kupietz, Marc and Keibel, Holger},
	editor = {Minegishi, Makoto and Kawaguchi, Yuri},
	booktitle = {Working papers in corpus-based linguistics and language education}, 
	volume = {3},
	pages = {53-59},
	title = {The {Mannheim} {{{German}}} Reference Corpus ({{{DeR}eKo}}) as a Basis for Empirical Linguistic Research},
	year = {2009}
}

@article{Heltoft2021b,
	author = {Heltoft, Lars},
	title = {The typology of {{Old Norse}} revisited: {{T}}he case of {{M}}iddle {{D}}anish},
	journal = {NOWELE},
	volume = {74},
	number = {2},
	pages = {242-277},
	year = {2021}
}

@article{Faarlund1989,
	author = {Faarlund, Jan Terje},
	pages = {30--40},
	journal = {CLS},
	title = {Discourse functions and syntax},
	volume = {25},
	year = {1989}
}

@incollection{Faarlund2001,
	address = {Amsterdam},
	author = {Faarlund, Jan Terje},
	publisher = {John Benjamins},
	editor = {Faarlund, Jan Terje},
	booktitle = {Grammatical Relations in Change},
	series = {Studies in Language Companion Series},
	number = {56},
	pages = {99–135},
	title = {The notion of oblique subject and its status in the history of {Icelandic}},
	year = {2001}
}


@book{Faarlund2004,
	address = {Oxford},
	author = {Faarlund, Jan Terje},
	publisher = {Oxford University Press},
	title = {The Syntax of {Old Norse}},
	year = {2004}
}

@phdthesis{Trommer2001,
	author = {Trommer, Jochen},
	school = {University of Potsdam},
	location = {Potsdam},
	title = {Distributed Optimality},
	url = {https://nbn-resolving.org/urn:nbn:de:kobv:517-0001377},
	year = {2001}
}

@phdthesis{Tabor1994,
	author = {Whitney Tabor},
	type = {PhD Thesis},
	school = {Stanford University},
	title = {Syntactic Innovation: {{A}} Connectionist Model},
	year = {1994},   
	address = {Stanford},
}

@phdthesis{Politt2021,
	address = {Hannover},
	author = {Politt, Katja},
	school = {Leibniz Universität Hannover},
	title = {{Parts and wholes: {F}ormen und {F}unktionen von {P}aradigmen}},
	year = {2021}
}

@phdthesis{Borthen2003,
	address = {Trondheim},
	author = {Borthen, Kaja},
	school = {Norwegian University of Science and Technology},
	title = {{Norwegian} Bare Singulars},
	year = {2003}
}

@periodical{Lönnrot1841,
	address = {Helsinki},
	author = {Lönnrot, Elias},
	booktitle = {Suomi, Tidskrift i fosterländska ämnen. 1841, {{F}}emte Häftet.},
	publisher = {J. Simelii Enka},
	year = {1841},
	title = {Bidrag till Finska Språkets {{Grammatik}}}
}

@online{Riksmalsforbundet2017,
	author = {Gunnerud, Sverre Martin},
	title = {Grunnskole-tall: 87,7 prosent bokmål, 12,2 prosent nynorsk},
	url = {https://www.riksmalsforbundet.no/grunnskolen-877-bokmal-122-nynorsk/},
	year = {2017}
}

@misc{KayPatterns,
	author = {Kay, Paul},
	url = {http://www.icsi.berkeley.edu/~kay/coining.pdf},
	title = {{Patterns of Coining. {{P}}aper presented at the 2nd International Conference on Construction Grammar, Helsinki}},
	year = {2002}
}

@online{GreenoughEtAl,
	author = {Greenough, James B. and Kittredge, George L. and Howard, Albert Andrew and D’Ooge, Benjamin Leonard},
	title = {{Allen} and {Greenough}’s new {Latin} grammar for schools and colleges},
	url = {http://www.perseus.tufts.edu/hopper/text?doc=Perseus\%3atext\%3a1999.04.0001},
	urldate = {2021-11-10},
	year = {2021}
}

@misc{SkL2,
	author = {SkL},
	title = {{{E}} don. {{V}}ar. 136, 4\textsuperscript{o} = Print of {MS} (Cod. {{{{E}}}} don. {{V}}ar. 136, 4\textsuperscript{o})},
	year = {no year}
}

@misc{AndersenConf,
	author = {Andersen, Henning},
	note = {Conference handout},
	title = {Some remarks on indexes in language}
}

@article{CaersNuyts2021,
	author = {Nuyts, Jan and Caers, Wim},
	journal = {Language Dynamics and Change},
	volume = {11},
	title = {Directionals and re-autonomization in the {{Dutch}} modals},
	pages = {241-272},
	year = {2021}
}



@misc{Nielsen1937,
	author = {SjT = Nielsen, Niels (red.)},
	note = {Universitets-Jubilæets Danske Samfund (after Cod. Holm. A 109 \& Cod. Ups. C 529).},
	title = {Sjælens Trøst},
	year = {1937}
}

@article{JohnsonEtAlPreprint,
	author = {Johnson, Tamar and Gao, Kexin and Smith, Kenny and Rablagiati, Hugh and Culbertson, Jennifer},
	title = {Predictive structure or paradigm size? {{I}}nvestigating the effects of i-complexity and e-complexity on the learnability of morphological systems},
	year = {2021},
	journal = {Journal of Language Modelling},
	volume = {9},
	number = {1},
	pages = {97-150},
	doi = {10.15398/jlm.v9i1.259}
}

@phdthesis{Herce2020,
	author = {Herce, Borja},
	school = {University of Surrey/University of the Basque Country},
	title = {A typological approach to the morphome},
	doi = {10.15126/thesis.00853722},
	year = {2020}
}

@article{Heltoft2021,
	author = {Heltoft, Lars},
	journal = {Acta Linguistica Hafniensia},
	number = {2},
	title = {From indexical to symbolic case in {{Danish}}: {{A}} content analysis},
	volume = {53},
	doi = {10.1080/03740463.2021.1955474},
	year = {2021}
}

@misc{Fillmore1997,
	author = {Fillmore, Charles J.},
	note = {Lecture at the University of California, Berkeley},
	title = {Idiomaticity},
	url = {http://www.icsi.berkeley.edu/~kay/bcg/lec02.html},
	year = {1997}
}

@misc{Diewald2017,
	address = {Zurich},
	author = {Diewald, Gabriele},
	note = {SLE2017, 50th Annual Meeting, Workshop “Advances in diachronic Construction Grammar”, 10--11th September 2017},
	title = {The notions of “paradigm” and “paradigm formation” in the description of grammaticalizing change in constructional models},
	year = {2017}
}

@phdthesis{Crippen2019,
	author = {Crippen, James A.},
	school = {University of British Columbia (Vancouver)},
	title = {The syntax in {{Tlingit}} verbs},
	url = {https://ling.auf.net/lingbuzz/005047},
	urldate = {2021-05-30},
	year = {2019}
}

@misc{Bom1954,
	author = {Bom, Kaj},
	note = {Duplicated},
	title = {Gammeldansk Ordliste},
	year = {1954}
}

@misc{BennettEdwin1918,
	author = {Bennett, Charles E.},
	title = {New {{Latin}} grammar},
	url = {http://www.gutenberg.org/files/15665/15665-h/15665-h.htm},
	urldate = {2021-05-30},
	year = {1918}
}

@misc{Anttila1975,
	author = {Anttila, Raimo},
	note = {Innsbrucker Beiträge zur Sprachwissenschaft, Vorträge 12.},
	title = {The Indexical Element in Morphology},
	year = {1975}
}

@misc{AndersenThisVolume,
	author = {Andersen, Henning},
	title = {Paradigms of paradigms},
	year = {this volume}
}

@misc{Biblia,
	address = {Kiøbenhaffn},
	publisher = {Ludowich Dietz},
	title = {Chr.3. {{B}} = 1550. {{B}}iblia: {{D}}et er den gantske Hellige Scrifft vdsæt paa {D}anske}
}

@incollection{Zúñiga2011,
	address = {Amsterdam, Philadelphia},
	author = {Zúñiga, Fernando},
	booktitle = {Case, animacy and semantic roles},
	editor = {Kittilä, Seppo and Västi, Katja and Ylikoski, Jussi},
	pages = {329--48},
	publisher = {John Benjamins},
	sortname = {Zuniga, Fernando},
	title = {Why should beneficiaries be subjects (or objects)? {{A}}ffaction and grammatical relations},
	year = {2011}
}

@incollection{Zwitserlood2018,
	address = {Cham},
	author = {Zwitserlood, Pienie},
	booktitle = {The construction of words: {A}dvances in {{C}}onstruction {{M}}orphology},
	editor = {Booij, Geert},
	pages = {583–602},
	publisher = {Springer},
	series = {Studies in Morphology},
	number = {4},
	title = {Processing and representation of morphological complexity in native language comprehension and production},
	year = {2018}
}

@incollection{WiemerSerzant2017,
	address = {Berlin},
	author = {Wiemer, Björn and  Seržant, Ilja A.},
	booktitle = {Unity and diversity in grammaticalization scenarios},
	editor = {Bisang, Walter and Malchukov, Andrej},
	pages = {230–307},
	publisher = {Language Science Press},
	title = {Diachrony and typology of {Slavic} aspect: {{W}}hat does morphology tell us?},
	year = {2017},
	doi = {10.5281/zenodo.823246}
}

@incollection{Wiemer2020b,
	address = {Moscow},
	author = {Wiemer, Björn},
	booktitle = {Ot semantičeskix kvarkov do vselennoj v alfavitnom 
	porjadke (Sbornik statej k 90-letiju {J}urija {D}erenikoviča {A}presjana). / {F}rom Semantic Quarks to the Universe in Alphabetical Order (A {{F}}estschrift to commemorate the 90th Anniversary of Academician {Y}uri {D}erenikovich {A}presjan)},
	editor = {Iomdin, Leonid L. and Boguslavskij, Igor M.},
	pages = {146--169},
	publisher = {Institut russkogo jazyka},
	title = {O sinonimax i suppletivizme neskol’ko inače, to est’ s~točki zrenija  osnov},
	series = {Trudy Instituta russkogo jazyka im. V.V. Vinogradova},
	number = {XXIV},
	year = {2020}
}

@incollection{Wiemer2020a,
	address = {Berlin, Boston},
	author = {Wiemer, Björn},
	booktitle = {Grammaticalization Scenarios: {{C}}ross-linguistic Variation and Universal Tendencies. {{V}}ol. 1: {{G}}rammaticalization scenarios from {Europe} and {Asia}},
	editor = {Bisang, Walter and Malchukov, Andrej},
	pages = {249--307},
	publisher = {De Gruyter Mouton},
	title = {Grammaticalization in {Slavic}},
	year = {2020}
}

@incollection{Wiemer2019,
	address = {Moscow},
	author = {Wiemer, Björn},
	booktitle = {Sbornik statej k~85-letiju {V.S.} {X}rakovskogo},
	editor = {Gerasimov, Dmitrij V. and Dmitrenko, Sergej Ju. and Zaika, Natal’ja M.},
	pages = {43--66},
	publisher = {JaSK},
	title = {O semantičeski invariantnom i grammatičeski trivial’nom v~russkom vide},
	year = {2019}
}

@incollection{Wiemer2014,
	address = {Amsterdam, Philadelphia},
	author = {Wiemer, Björn},
	booktitle = {Modes of Modality: {{M}}odality, Typology, and Universal Grammar},
	editor = {Abraham, Werner and Leiss, Elisabeth},
	pages = {127--166},
	publisher = {John Benjamins},
	title = {\emph{Mora da} as a marker of modal meanings in {Macedonian}: {{O}}n correlations between categorial restrictions and morphosyntactic behaviour},
	year = {2014}
}

@incollection{Wiemer2008,
	address = {München},
	author = {Wiemer, Björn},
	booktitle = {{Deutsche} {Beiträge} zum 14. {{I}}nternationalen {S}lavistenkongreß, {O}hrid 2008},
	editor = {Gutschmidt, K. and Jekutsch, U. and Kempgen, S. and  Udolph, L.},
	pages = {383–409},
	publisher = {Sagner},
	title = {{Z}ur innerslavischen {V}ariation bei der {A}spektwahl und der {G}ewichtung ihrer {F}aktoren},
	year = {2008}
}

@incollection{Wiemer2006,
	address = {München},
	author = {Wiemer, Björn},
	booktitle = {Semantika i struktura slavjanskogo vida {IV}},
	editor = {Lehmann, V.},
	pages = {97–123},
	publisher = {Sagner},
	title = {O razgraničenii grammatičeskix i leksičeskix protivopostavlenij v glagol’nom slovoobrazovanii, ili: čemu mogut naučit’sja aspektologi na primere \emph{sja}-glagolov?},
	year = {2006}
}

@incollection{Werner2018,
	address = {Tübingen},
	author = {Werner, Martina},
	booktitle = {Grammatiktheorie und {G}rammatikographie},
	editor = {Fuß, Eric and Wöllstein, Angelika},
	series = {{{Studien}} zur {{Deutschen}} {{Sprache}}},
	number = {76},
	pages = {175–197},
	publisher = {Narr},
	title = {{{Wortbildung}} als grammatische {S}trukturbildung: {{P}}lädoyer für die {{{B}erücksichtigung}} der morphologischen {A}ntimaterie},
	year = {2018}
}

@incollection{Werner1994,
	address = {Tübingen},
	author = {Werner, Otmar},
	booktitle = {Funktionale {Untersuchungen} zur deutschen {N}ominal- und {V}erbalmorphologie},
	editor = {Köpcke, Klaus-Michael},
	pages = {5--28},
	publisher = {Niemeyer},
	title = {{A}uch {P}aradigmen entstehen und vergehen},
	year = {1994}
}

@incollection{Werner1987,
	address = {Amsterdam},
	author = {Werner, Otmar},
	booktitle = {{{Papers from the 7th International Conference on Historical Linguistics}}},
	editor = {Bernini, Giuliano and Carruba, Onofrio and Ramat, Anna G.},
	pages = {591–606},
	publisher = {John Benjamins},
	title = {The aim of morphological change},
	year = {1987}
}

@incollection{Voort2016,
	address = {Amsterdam},
	author = {Van der Voort, Hein},
	booktitle = {The conversation frame: {F}orms and functions of fictive interaction},
	editor = {Pascual, Esther and Sandler, Sergeiy},
	pages = {277–299},
	publisher = {John Benjamins},
	title = {Recursive inflection and grammaticalized fictive interaction in the southwestern {A}mazon},
	series = {Human Cognitive Processing},
	number = {55},
	year = {2016}
}

@incollection{Trommer2016,
	address = {Amsterdam},
	author = {Trommer, Jochen},
	booktitle = {Morphological Metatheory},
	editor = {Harley, Heidi and Siddiqi, Daniel},
	pages = {59–93},
	publisher = {John Benjamins},
	title = {A postsyntactic morphome cookbook},
	series = {Linguistics Today},
	number = {229},
	year = {2016}
}

@incollection{TraugottGrammaticalizationNPNP2008,
	address = {{Berlin, New York}},
	author = {Traugott, Elizabeth C.},
	booktitle = {Constructions and language change},
	editor = {Bergs, Alexander and Diewald, Gabriele},
	number = {194},
	pages = {23--45},
	publisher = {{De Gruyter}},
	series = {Trends in {{Linguistics}}: {{Studies}} and {{Monographs}}},
	title = {The Grammaticalization of {{{NP}}} of {{{NP}}} Patterns},
	year = {2008}
}

@incollection{TraugottGrammaticalizationConstructionsIncremental2008,
	address = {{Berlin, New York}},
	author = {Traugott, Elizabeth C.},
	booktitle = {Variation, selection, development},
	editor = {Eckhart, Regine and Jäger, Gerhard and Veenstra, Tonjes},
	number = {197},
	pages = {219--250},
	publisher = {{De Gruyter}},
	series = {Trends in {{Linguistics}}: {{Studies}} and {{Monographs}}},
	title = {Grammaticalization, constructions and the incremental development of language: {{Suggestions}} from the development of degree Modifiers in {{{English}}}},
	year = {2008}
}

@incollection{Tomasello2006,
	address = {Hoboken, NJ},
	author = {Tomasello, Michael},
	booktitle = {Handbook of Child Psychology, {{V}}olume 2: {{C}}ognition, Perception, and Language},
	edition = {6},
	editor = {Kuhn, Deanna and Siegler, Robert},
	pages = {255–298},
	publisher = {John Wiley \& sons},
	title = {Acquiring Linguistic Constructions},
	year = {2006}
}

@incollection{Tatevosov2009,
	address = {Moscow},
	author = {Tatevosov, Sergej G.},
	booktitle = {Korpusnye issledovanija po russkoj grammatike (Sbornik statej)},
	editor = {Kiseleva, Ksenija L. and Plungjan, Vladimir A. and Raxilina, Ekaterina V. and Tatevosov, Sergej G.},
	pages = {92--156},
	publisher = {Probel-2000},
	title = {Množestvennaja prefiksacija i anatomija russkogo glagola},
	year = {2009}
}

@incollection{Stump2002,
	address = {Dordrecht},
	author = {Stump, Gregory T.},
	booktitle = {Yearbook of Morphology 2001},
	editor = {Booij, Geert and van Marle, Jaap},
	pages = {147–180},
	publisher = {Kluwer},
	title = {Morphological and syntactic paradigms: {{A}}rguments for a theory of paradigm linkage},
	year = {2002}
}

@incollection{SpencerLuis2013,
	address = {Oxford},
	author = {Luís, Ana and Spencer, Andrew},
	booktitle = {Canonical morphology and syntax},
	editor = {Brown, Dunstan and Chumakina, Marina and Corbett, Greville G.},
	pages = {123–150},
	publisher = {Oxford University Press},
	sortname = {Spencer, Andrew and Luis, Ana},
	title = {The canonical clitic},
	year = {2013}
}

@incollection{SpencerPopova2015,
	address = {Oxford},
	author = {Popova, Gergana and Spencer, Andrew},
	booktitle = {The {Oxford} Handbook of Inflection},
	editor = {Baerman, Matthew},
	pages = {197–230},
	publisher = {Oxford University Press},
	title = {Periphrasis and inflection},
	year = {2015}
}

@incollection{SpencerForthc,
	address = {Leiden},
	author = {Spencer, Andrew},
	booktitle = {Encyclopedia of {Slavic} Languages and Linguistics},
	editor = {Greenberg, Marc and Grenoble, Lenore},
	publisher = {Brill},
	title = {Inflectional systems},
	pubstate = {forthcoming}
}

@incollection{Spencer2004,
	address = {Stanford},
	author = {Spencer, Andrew},
	booktitle = {Projecting morphology},
	series = {Stanford Studies in {M}orphology and the {L}exicon},
	editor = {Sadler, Louisa and Spencer, Andrew},
	pages = {67–109},
	publisher = {CSLI},
	title = {Morphology: {{A}}n overview of central concepts},
	year = {2004}
}

@incollection{SmirnovaSommererIntroduction2020,
	address = {{Amsterdam}},
	author = {Smirnova, Elena and Sommerer, Lotte},
	booktitle = {Nodes and Networks in {Diachronic Construction Grammar}},
	editor = {Sommerer, Lotte and Smirnova, Elena},
	pages = {2--42},
	publisher = {John Benjamins},
	title = {Introduction: {{The}} Nature of the Node and the Network \textendash{} {{Open}} Questions in {{Diachronic Construction Grammar}}},
	year = {2020}
}

@incollection{Sigurðsson2006,
	address = {Amsterdam},
	author = {Sigurðsson, Halldór Ármann},
	booktitle = {Comparative Studies in {{{{German}}}ic} Syntax: {{F}}rom {{Afrikaans}} to {Z}urich {{{German}}}},
	editor = {Hartmann, Jutta M. and Molnárfi, László},
	pages = {13--50},
	publisher = {John Benjamins},
	sortname = {Sigurdsson, Halldor Armann},
	title = {The {{Nom/Acc}} alternation in {{Germanic}}},
	year = {2006}
}

@incollection{SagEtAl2012,
	address = {Stanford},
	author = {Boas, Hans C. and Kay, Paul and Sag, Ivan A.},
	booktitle = {{S}ign-{B}ased {C}onstruction {G}rammar},
	series = {CSLI Lecture Notes},
	number = {193},
	editor = {Boas, Hans C. and Sag, Ivan A.},
	pages = {1–29},
	publisher = {CSLI},
	title = {Introducing {S}ign-{B}ased {C}onstruction {G}rammar},
	year = {2012}
}

@incollection{Ruus2019,
	address = {Aarhus},
	author = {Ruus, Hanne},
	booktitle = {Dansk Sproghistorie 3: {{B}}øjning og bygning. {{B}}øjning},
	editor = {Hjorth, Ebba and Galberg Jacobsen, Henrik and Jørgensen, Bent and Jacobsen, Birgitte and Jørgensen, Merete and Fahl, Laurids Kristian},
	number = {3},
	pages = {73--92},
	publisher = {Det Danske Sprog- og Litteraturselskab \& Aarhus Universitetsforlag},
	title = {Ældre nydansk},
	volume = {10},
	year = {2019}
}

@incollection{RumshiskyBatiukova2008,
	address = {Manchester, UK},
	author = {Batiukova, Olga and Rumshisky, Anna},
	booktitle = {Proceedings of the workshop on Human Judgements in Computational Linguistics, Coling 2008},
	editor = {Artstein, Ron and Boleda, Gemma and Keller, Frank and Schulte im Walde, Sabine},
	pages = {33–41},
	publisher = {ACL},
	title = {Polysemy in verbs: {{S}}ystematic relations between senses and their effect on annotation},
	year = {2008}
}

@incollection{ReinerInPress,
	address = {Amsterdam},
	author = {Reiner, Tabea},
	booktitle = {Linguistic categories, language description and linguistic typology},
	editor = {Alfieri, Luca and Arcodia, Giorgio F. and Ramat, Paolo},
	publisher = {John Benjamins},
	series = {Typological {S}tudies in {L}anguage},
	number = {132},
	title = {Comparative concepts are not a different kind of thing},
	pages = {211-248},
	year = {2021}
}

@article{Reiner2020, 
    year = {2020},
    title = {Thoughts on feature intersection},
    author = {Reiner, Tabea},
    journal = {Proceedings of the Mediterranean Morphology Meeting},
    volume = {12},
    pages = {92-97}
}

@incollection{Radden2009,
	address = {Amsterdam/Philadephia},
	author = {Radden, Günter},
	booktitle = {Metonymy and Metaphor in Grammar},
	editor = {Barcelona, Antonio and Panther, Klaus-Uwe and Thornburg, Linda L.},
	pages = {199--228},
	publisher = {John Benjamins},
	series = {Cognitive {H}uman {P}rocessing},
	sortname = {G{u}nter Radden},
	title = {Generic reference in {English}: {{A}} metonymic and conceptual blending analysis},
	volume = {25},
	year = {2009}
}

@incollection{Politt2019,
	address = {Tübingen},
	author = {Politt, Katja},
	booktitle = {Konstruktionsgrammatik {VI}: {V}arianz in der konstruktionalen {S}chematizität},
	editor = {Czicza, Dániel and Dekalo, Volodymyr and Diewald, Gabriele},
	series = {Stauffenburg {L}inguistik},
	number = {109},
	pages = {217–236},
	publisher = {Stauffenburg},
	title = {{V}erbale {K}onstruktionen in grammatischen {P}aradigmen},
	year = {2019}
}

@incollection{Pettersson1976,
	address = {Lund},
	author = {Pettersson, Thore},
	booktitle = {Kontrastiv fonetik och syntax med svenska i centrum},
	editor = {Eva Gårding},
	pages = {119--142},
	publisher = {Liber Läromedel},
	title = {Bestämda och obestämda former},
	year = {1976}
}

@incollection{Perek2020,
	address = {{Amsterdam}},
	author = {Perek, Florent},
	booktitle = {Nodes and Networks in {Diachronic Construction Grammar}},
	editor = {Sommerer, Lotte and Smirnova, Elena},
	pages = {142--166},
	publisher = {{John Benjamins}},
	title = {Productivity and Schematicity in Constructional Change},
	year = {2020}
}

@incollection{Pelletier2010b,
	address = {Oxford},
	author = {Pelletier, Francis Jeffry},
	booktitle = {Kinds, Things, and Stuff: {{M}}ass Terms and Generics},
	editor = {Pelletier, Francis Jeffry},
	pages = {3--15},
	publisher = {{Oxford University Press}},
	series = {New {D}irections in {C}ognitive {S}cience},
	title = {Generics: {{A}} Philosophical Introduction},
	year = {2010}
}

@incollection{Paduceva2008,
	address = {Amsterdam, Philadelphia},
	author = {Padučeva, Elena V.},
	booktitle = {Modality-Aspect Interfaces (Implications and typological solutions)},
	editor = {Abraham, Werner and Leiss, Elisabeth},
	pages = {197--211},
	publisher = {John Benjamins},
	sortname = {Elena V. Paduceva},
	title = {{Russian} modals \emph{možet} “can” and \emph{dolžen} “must” selecting the imperfective in negative contexts},
	year = {2008}
}

@incollection{Nørgård-Sørensen2015,
	address = {Amsterdam},
	author = {Nørgård-Sørensen, Jens and Heltoft, Lars},
	booktitle = {New directions in grammaticalisation research},
	editor = {Smith, Andrew D. M. and Trousdale, Graeme and Waltereit, Richard},
	pages = {261–292},
	publisher = {{John Benjamins}},
	sortname = {Norgard-Sorensen, Jens and Heltoft, Lars},
	title = {Grammaticalisation as paradigmatisation},
	year = {2015}
}

@incollection{Nuyts2016,
	address = {Oxford},
	author = {Nuyts, Jan},
	booktitle = {The {{Oxford}} handbook of modality and mood},
	editor = {Nuyts, Jan and van der Auwera, Johan},
	pages = {31--49},
	publisher = {Oxford University Press},
	title = {Analyses of the modal meanings},
	series = {Oxford {H}andbooks in {L}inguistics},
	year = {2016}
}

@incollection{Nuyts2006,
	address = {Berlin},
	author = {Nuyts, Jan},
	booktitle = {The expression of modality},
	editor = {Frawley, William},
	pages = {1--26},
	publisher = {Mouton},
	title = {Modality: {{O}}verview and linguistic issues},
	year = {2006}
}

@incollection{NordeDerivationcategorychange2018,
	address = {{Amsterdam, Philadelphia}},
	author = {Norde, Muriel and Morris, Caroline},
	booktitle = {Category Change from a Constructional Perspective},
	editor = {Van Goethem, Kristel and Norde, Muriel and Coussé, Evie and Vanderbauwhede, Gudrun},
	pages = {47--90},
	publisher = {{John Benjamins}},
	title = {Derivation without Category Change: {{A}} Network-Based Analysis of Diminutive Prefixoids in {{{Dutch}}}},
	year = {2018}
}

@incollection{Norde2001,
	address = {Amsterdam},
	author = {Norde, Muriel},
	booktitle = {Grammatical relations in change},
	editor = {Faarlund, Jan Terje},
	pages = {241–272},
	publisher = {John Benjamins},
	title = {The loss of lexical case in {{Swedish}}},
	year = {2001}
}

@incollection{Nikiforidou2009,
	address = {Amsterdam, Philadelphia},
	author = {Nikiforidou, Kiki},
	booktitle = {Grammar, Meaning and Pragmatics},
	editor = {Brisard, Frank and Östman, Jan-Ola and Verschueren, Jef},
	pages = {16--32},
	publisher = {John Benjamins},
	title = {Constructional analysis},
	year = {2009}
}

@incollection{NielsenHeltoft2020,
	address = {Amsterdam},
	author = {Nielsen, Peter Juul and Heltoft, Lars},
	booktitle = {Ditransitive Constructions in {{G}}ermanic Languages – {{D}}iachronic and Synchronic Aspects},
	editor = {Colleman, Timothy and Röthlosberger, Melanie and Zehentner, Eva},
	publisher = {John Benjamins},
	title = {Indexicality across the boundaries of syntax, semantics and pragmatics: {{T}}he constructional content of the {Danish} free indirect object},
	pubstate = {to appear}
}

@incollection{Nicolle2012,
	address = {Oxford},
	author = {Nicolle, Steve},
	booktitle = {The {Oxford} Handbook of Tense and Aspect},
	editor = {R. I. Binnick},
	pages = {370–397},
	publisher = {Oxford University Press},
	title = {Diachrony and grammaticalization},
	year = {2012}
}

@incollection{NeelsReductionexpansionbit2018,
	address = {{Amsterdam, Philadelphia}},
	author = {Neels, Jakob and Hartmann, Stefan},
	booktitle = {Grammaticalization Meets Construction Grammar},
	editor = {Coussé, Evie and Olofsson, Joel and Andersson, Peter},
	pages = {137--168},
	publisher = {{John Benjamins}},
	title = {Reduction or Expansion? {{A}} Bit of Both: {{A}} Case Study on the Development of {{{German}}} Degree Modifiers},
	year = {2018}
}

@incollection{MilinEtAl2009,
	address = {Oxford},
	author = {Milin, Petar and Kuperman, Victor and Kostić, Akesandar and Baayen, Harald R.},
	booktitle = {Analogy in Grammar: {{F}}orm and Acquisition},
	editor = {Blevins, James P. and Blevins, Juliette},
	pages = {214--252},
	publisher = {Oxford University Press},
	title = {Words and paradigms bit by bit: {{A}}n information-theoretic approach to the processing of inflection and derivation},
	year = {2009}
}

@incollection{Mende1999,
	address = {München},
	author = {Mende, Julia},
	booktitle = {{Entwicklungen} in slavischen {Sprachen}},
	editor = {Anstatt, Tanja},
	pages = {285--332},
	publisher = {Sagner},
	title = {{D}erivation und {R}einterpretation: {{D}}ie {{G}rammatikalisierung} des russischen {A}spekts},
	year = {1999}
}

@incollection{Melčuk2014,
	address = {Sankt-Peterburg},
	author = {Mel'čuk, Igor A.},
	booktitle = {Jazyk. {{K}}onstanty. {{P}}eremennye. {{P}}amjat {{A}}leksandra {{J}}evgen'jeviča {{K}}ibrika},
	editor = {Plungjan, V. A. and Daniel, M. A. and Ljutikova, E. A. and Tatjevosov, S. G. and Fjodorova, O. V.},
	pages = {169--210},
	publisher = {Aleteija},
	title = {Syntactic Subject: {{S}}yntactic Relations, once again},
	year = {2014}
}

@incollection{Meinunger2017,
	address = {Berlin},
	author = {Meinunger, André},
	booktitle = {Die {T}eufelin steckt im {D}etail: {{Z}}ur {D}ebatte um {G}ender und {{Sprache}}},
	editor = {Baumann, Antje and Meinunger, André},
	pages = {93–100},
	publisher = {Kadmos},
	title = {Ein {P}lädoyer für das {D}eutsche als geschlechtergerechte {S}prache: {E}in paar provozierende {B}eobachtungen und {A}usführungen},
	year = {2017}
}

@incollection{McGinnis-Archibald2016,
	address = {Cambridge},
	author = {McGinnis-Archibald, Martha},
	booktitle = {The {C}ambridge handbook of Morphology},
	editor = {Hippisley, Andrew and Stump, Gregory T.},
	pages = {390–423},
	publisher = {Cambridge University Press},
	series = {Cambridge {H}andbooks in {L}anguage and {L}inguistics},
	title = {Distributed {M}orphology},
	year = {2016}
}

@incollection{MasiniAudring2019,
	address = {Oxford},
	author = {Masini, Francesca and Audring, Jenny},
	booktitle = {The {Oxford} handbook of morphological theory},
	editor = {Audring, Jenny and Masini, Francesca},
	pages = {365--389},
	publisher = {Oxford University Press},
	title = {Construction Morphology},
	year = {2019}
}

@incollection{MarziEtAL2020,
	address = {Berlin},
	author = {Marzi, Claudia and Blevins, James P. and Booij, Geert and Pirrelli, Vito},
	booktitle = {Word knowledge and word usage},
	editor = {Pirrelli, Vitor and Plag, Ingo and Dressler, Wolgang U.},
	pages = {228–294},
	publisher = {De Gruyter},
	series = {Trends in Linguistics: {{S}}tudies and Monographs},
	number = {337},
	title = {{{I}}nflection at the morphology-syntax interface},
	year = {2020}
}

@incollection{Lieb2005,
	address = {Berlin},
	author = {Lieb, Hans-Heinrich},
	booktitle = {Lexikologie\slash Lexicology: {{{E}}}in internationales {Handbuch} zur Natur und {Struktur} von {Wörtern} und {Wortschätzen}\slash {An} international handbook on the nature and structure of words and vocabularies},
	editor = {A. D. Cruse, Michael and Hundsnurscher, J. and Lutzeier, Peter},
	pages = {1613–1646},
	publisher = {de Gruyter},
	series = {Handbücher zur {S}prach- und {K}ommunikationswissenschaft},
	title = {Notions of paradigm in grammar},
	number = {21.2},
	year = {2005}
}

@incollection{LeinoÖstman2005,
	address = {Amsterdam},
	author = {Leino, Jaakko and Östman, Jan-Ola},
	booktitle = {Grammatical Constructions: {{B}}ack to the Roots},
	editor = {Fried, Mirjam and Boas, Hans C.},
	pages = {191--213},
	publisher = {John Benjamins},
	title = {Constructions and variability},
	number = {4},
	year = {2005}
}

@incollection{Leino2015,
	address = {Amsterdam},
	author = {Leino, Jaakko},
	booktitle = {Subjects in Constructions – Canonical and Non-Canonical},
	editor = {Helasvuo, Marja-Liisa and Huumo, Tuomas},
	pages = {231–251},
	publisher = {John Benjamins},
	title = {The syntactic and semantic history of the {Finnish} Genitive subject: {{C}}onstruction networks and the rise of a grammatical category},
	year = {2015}
}

@incollection{Leino2005b,
	address = {Helsinki},
	author = {Leino, Jaakko},
	booktitle = {Elävä kielioppi: {Suomen} infiniittisten rakenteiden dynamiikkaa},
	editor = {Herlin, Ilona and Visapää, Laura},
	pages = {231--257},
	publisher = {SKS},
	title = {Passiivin infinitiivimuodot suomen murteissa},
	year = {2005}
}

@incollection{Leino2005a,
	address = {Amsterdam},
	author = {Leino, Jaakko},
	booktitle = {Construction Grammars: {{C}}ognitive grounding and theoretical extensions},
	editor = {Östman, Jan-Ola and Fried, Mirjam},
	pages = {89--120},
	publisher = {{John Benjamins}},
	series = {Cognitive {T}heory of {L}anguage and {C}ulture},
	title = {Frames, profiles and constructions: {{T}}wo collaborating {CG}s meet the {Finnish} Permissive Construction},
	year = {2005}
}

@incollection{Östman2005,
	address = {Amsterdam},
	author = {Östman, Jan-Ola},
	booktitle = {Construction Grammars: {{C}}ognitive grounding and theoretical extensions},
	editor = {Östman, Jan-Ola and Fried, Mirjam},
	pages = {121–144},
	publisher = {{John Benjamins}},
	series = {Cognitive {T}heory of {L}anguage and {C}ulture},
	title = {Construction Discourse: {A} Prolegomenon},
	year = {2005}
}

@incollection{LehmannGrammaticalizationautomation2017,
	address = {München},
	author = {Lehmann, Christian},
	booktitle = {{Grammatikalisierung} in Interdisziplinärer {{Perspektive}}},
	editor = {Eberl, Martin and Narmandakh, Enkhmaa and Ortner, Sebastian and Scholtz, Katharina and Wiatr, Aleksander},
	pages = {33--48},
	publisher = {JournaLIPP},
	title = {Grammaticalization and Automation},
	year = {2017}
}

@incollection{Lehmann2004b,
	address = {Berlin, New York},
	author = {Lehmann, Volkmar},
	booktitle = {What makes Grammaticalization? {{A}} Look from its Fringes and its Components},
	editor = {Bisang, Walter and Himmelmann, Nikolaus P. and Wiemer, Björn},
	pages = {169--186},
	publisher = {Mouton de Gruyter},
	title = {Grammaticalization via extending derivation},
	year = {2004}
}

@incollection{Lehmann1999,
	address = {München},
	author = {Lehmann, Volkmar},
	booktitle = {{Entwicklungen} in slavischen {Sprachen}},
	editor = {Anstatt, Tanja},
	pages = {169--254},
	publisher = {Sagner},
	title = {{S}prachliche {{E}ntwicklung} als {E}xpansion und {R}eduktion},
	year = {1999}
}

@incollection{LangackerDynamicUsageBasedModel2000,
	address = {{Stanford}},
	author = {Langacker, Ronald W.},
	booktitle = {Usage-Based Models of Language},
	editor = {Barlow, Michael and Kemmer, Suzanne},
	pages = {1--63},
	publisher = {{CSLI Publications}},
	title = {A Dynamic Usage-Based Model},
	year = {2000}
}

@incollection{KrugFrequencyDeterminantGrammatical2003,
	address = {{Berlin, New York}},
	author = {Krug, Manfred G.},
	booktitle = {Determinants of grammatical variation in {English}},
	editor = {Rohdenburg, Günter and Mondorf, Britta},
	pages = {7--67},
	publisher = {{De Gruyter}},
	title = {Frequency as a Determinant in Grammatical Variation and Change},
	year = {2003}
}

@incollection{Kramer2019,
	address = {Oxford},
	author = {Kramer, Ruth},
	booktitle = {Gender and noun classification},
	series = {Oxford Studies in Theoretical Linguistics},
	number = {71},
	editor = {Mathieu, Éric and Dali, Myriam and Zareikar, Gita},
	pages = {159–185},
	publisher = {Oxford University Press},
	title = {A novel kind of gender syncretism},
	year = {2019}
}

@incollection{Kramer2016,
	address = {Amsterdam},
	author = {Kramer, Ruth},
	booktitle = {Morphological Metatheory},
	editor = {Siddiqi, Daniel and Harley, Heidi},
	pages = {95–120},
	publisher = {John Benjamins},
	series = {Linguistics Today},
	number = {229},
	title = {Syncretism in {P}aradigm {F}unction {M}orphology and {D}istributed {M}orphology},
	year = {2016}
}

@incollection{Kiparsky1997,
	address = {Oxford},
	author = {Kiparsky, Paul},
	booktitle = {Parameters of Morphosyntactic Change},
	editor = {van Kemenade, Ans and Vincent, Nigel},
	pages = {460--494},
	publisher = {Oxford University Press},
	title = {The Rise of Positional Licensing},
	year = {1997}
}

@incollection{Keenan1976,
	address = {New York},
	author = {Keenan, Edward L.},
	booktitle = {Subject and Topic},
	editor = {Li, Charles N.},
	pages = {303–333},
	publisher = {Academic Press},
	title = {Towards a Universal Definition of “Subject”},
	year = {1976}
}

@incollection{Kay2013,
	address = {Oxford},
	author = {Kay, Paul},
	booktitle = {The {Oxford} Handbook of {C}onstruction {G}rammar},
	editor = {Hoffmann, Thomas and Trousdale, Graeme},
	pages = {32–48},
	publisher = {Oxford University Press},
	title = {The Limits of (Construction) Grammar},
	year = {2013}
}

@incollection{Kay1995,
	address = {Amsterdam},
	author = {Kay, Paul},
	booktitle = {Handbook of Pragmatics Manual},
	editor = {Verschueren, Jef and Östman, Jan-Ola and Blommaert, Jan},
	pages = {171–177},
	publisher = {John Benjamins},
	title = {Construction Grammar},
	year = {1995}
}

@incollection{Kauppinen1999,
	address = {Berlin},
	author = {Kauppinen, Anneli},
	booktitle = {Computation for Metaphors, Analogy, and Agents},
	series = {Lecture Notes in Artificial Intelligence},
	number = {1562},
	editor = {Nhaniv, L. C.},
	pages = {196-208},
	publisher = {Springer},
	title = {Figures of Speech: {{A}} way to acquire language.},
	year = {1999}
}

@incollection{Karker1991,
	address = {Viborg},
	author = {Karker, Allan},
	booktitle = {Jyske Lov 750 år},
	editor = {Fenger, Ole and Jansen, Christian R.},
	pages = {124--143},
	publisher = {Udgiverselskabet ved Landsarkivet for Nørrejylland},
	title = {Jydernes lov på dansk},
	year = {1991}
}

@incollection{Jakobson1956a,
	address = {The Hague},
	author = {Jakobson, Roman},
	booktitle = {Fundamentals of language},
	editor = {Jakobson, Roman and Halle, Morris},
	note = {Reprinted in Roman Jakobson, On language, ed. by Waugh, Linda R. \& Monville-Burston, Monique, 115–134. Cambridge MA: Harvard University Press, 1990},
	pages = {53--82},
	publisher = {Mouton},
	title = {Two aspects of language and two types of aphasic disturbances},
	year = {1956}
}


@incollection{Ivanova2014a,
	address = {Skopje},
	author = {Ivanova, Elena Ju},
	booktitle = {Subjunktiv so poseben osvrt na makedonskite \emph{da}{}-konstrukcii},
	editor = {Topolinjska, Zuzana},
	pages = {106--161},
	publisher = {{MANU}},
	title = {Russkie paralleli bolgarskoj \emph{da}{}-konstrukcii},
	year = {2014}
}

@incollection{Hrafnbjargarson2003,
	address = {Aarhus},
	author = {Hrafnbjargarson, Gunnar Hrafn},
	booktitle = {9. {{M}}øde om Udforskningen af Dansk Sprog},
	editor = {Widell, Peter and Kunøe, Mette},
	pages = {188--197},
	publisher = {Department of Nordic Language and Literature, Aarhus University},
	title = {Ikke-nominative subjekter i det danske sprogs historie},
	year = {2003}
}

@incollection{Hopperprinciplesgrammaticalization1991,
	address = {{Amsterdam, Philadelphia}},
	author = {Hopper, Paul J.},
	booktitle = {Approaches to Grammaticalization},
	editor = {Traugott, Elizabeth C. and Heine, Bernd},
	pages = {17--36},
	publisher = {{John Benjamins}},
	title = {On Some Principles of Grammaticalization},
	number = {1},
	year = {1991}
}

@incollection{HoffmannHoffmann2013,
	address = {Oxford},
	author = {Hoffmann, Thomas and Trousdale, Graeme},
	booktitle = {The {{Oxford}} handbook of {C}onstruction {G}rammar},
	editor = {Thomas Hoffmann and Trousdale, Graeme},
	pages = {1–12},
	publisher = {Oxford University Press},
	title = {Construction {G}rammar: {{I}}ntroduction},
	year = {2013}
}

@incollection{HoffmannArelowfrequencycomplex2004,
	address = {{Amsterdam, Philadelphia}},
	author = {Hoffmann, Sebastian},
	booktitle = {Corpus approaches to grammaticalization in {{{English}}}},
	editor = {Lindquist, Hans and Mair, Christian},
	pages = {171--210},
	publisher = {{John Benjamins}},
	title = {Are Low-Frequency Complex Prepositions Grammaticalized? {{On}} the Limits of Corpus Data \textendash{} and the Importance of Intuition},
	year = {2004}
}

@incollection{Hippisley2017,
	address = {Oxford},
	author = {Hippisley, Andrew},
	booktitle = {Defaults in morphological theory},
	series = {Oxford {L}inguistics},
	editor = {Gisboren, Nikolas and Hippisley, Andrew},
	pages = {94–113},
	publisher = {Oxford University Press},
	title = {Default inheritance and the canonical: {{D}}erivation as sign builder an sign connector},
	year = {2017}
}


@incollection{Himmelmann2004,
	address = {Berlin and Boston},
	author = {Himmelmann, Nikolaus P.},
	booktitle = {What makes Grammaticalization?},
	editor = {Bisang, Walter and Himmelmann, Nikolaus P. and Wiemer, Björn},
	pages = {21--44},
	publisher = {{De Gruyter Mouton}},
	series = {Trends in Linguistics. Studies and Monographs [TiLSM]},
	title = {Lexicalisation and grammaticalization: {{O}}pposite or orthogonal?},
	year = {2004}
}

@incollection{Heltoft2019b,
	address = {Aarhus},
	author = {Heltoft, Lars},
	booktitle = {Dansk Sproghistorie 3: {{B}}øjning og bygning. {{S}}yntaks},
	editor = {Hjorth, Ebba and Galberg Jacobsen, Henrik and Jørgensen, Bent and Jacobsen, Birgitte and Jørgensen, Merete and Fahl, Laurids Kristian},
	pages = {129--225},
	publisher = {Det Danske Sprog- og Litteraturselskab and Aarhus Universitetsforlag},
	title = {Fra gammeldansk til nutidsdansk: {{{{U}}}}nder medvirken af Marita Akhøj Nielsen},
	year = {2019}
}

@incollection{Heltoft2019,
	address = {Amsterdam},
	author = {Heltoft, Lars},
	booktitle = {Perspectives on language structure and language change: {{S}}tudies in honor of {H}enning {A}ndersen},
	editor = {Heltoft, Lars and Igartua, Iván and Joseph, Brian D. and Jeppesen Kragh, Kirsten and Schøsler, Lene},
	pages = {151–178},
	publisher = {John Benjamins},
	series = {Current Issues in Linguistic Theory},
	number = {345},
	title = {Word order as grammaticalised semiotic systems},
	year = {2019}
}

@incollection{Heltoft2006,
	address = {Amsterdam, {{P}}hiladelphia},
	author = {Heltoft, Lars},
	booktitle = {Competing Models of Linguistic Change: {{{E}}}volution and Beyond},
	editor = {Nedergård Thomsen, Ole},
	pages = {268--288},
	publisher = {John Benjamins},
	series = {Current Issues in Linguistic Theory},
	title = {Grammaticalisation as Content Reanalysis: {{T}}he Modal Character of the {Danish} \emph{s}-passive},
	year = {2006}
}

@incollection{Heltoft2003,
	address = {Tübingen},
	author = {Heltoft, Lars},
	booktitle = {Structures of focus and grammatical relations},
	editor = {Molnar, Valéria and Hedland, Jorunn},
	pages = {43--87},
	publisher = {Niemeyer},
	series = {Linguistische Arbeiten},
	title = {Iconic and categorical focus systems in {{Scandinavian}}},
	year = {2003}
}

@incollection{Helasvuo2006,
	address = {Amsterdam},
	author = {Helasvuo, Marja-Liisa},
	booktitle = {Grammar from the Human Perspective: {{C}}ase, space and person in {Finnish}},
	editor = {Helasvuo, Marja-Liisa and Campbell, Lyle},
	pages = {233–255},
	publisher = {John Benjamins},
	title = {Passive – personal or impersonal?},
	year = {2006}
}

@incollection{Heinämäki1984,
	address = {Dordrecht},
	author = {Heinämäki, Orvokki},
	booktitle = {Aspect bound: {{A}} voyage into the realm of {Germanic}, {Slavonic} and {F}inno-Ugrian aspectology},
	editor = {de Groot, Casper and Tommola, Hannu},
	pages = {153–177},
	publisher = {Foris Publications},
	title = {Aspect in {Finnish}},
	year = {1984}
}

@incollection{Haugen2016,
	address = {Amsterdam},
	author = {Haugen, Jason D.},
	booktitle = {Morphological Metatheory},
	editor = {Daniel Siddiqi and Harley, Heidi},
	number = {229},
	pages = {303–342},
	publisher = {John Benjamins},
	series = {Linguistics Today},
	title = {Readjustment: {{R}}ejected?},
	year = {2016}
}

@incollection{Haspelmath2018,
	address = {Berlin},
	author = {Haspelmath, Martin},
	booktitle = {Aspects of linguistic variation},
	editor = {Olmen, Daniël and Mortelmans, Tanja and Brisard, Frank},
	pages = {83–114},
	publisher = {De Gruyter},
	title = {How comparative concepts and descriptive linguistic categories are different},
	year = {2018}
}

@incollection{Haspelmath2004,
	address = {Amsterdam},
	author = {Haspelmath, Martin},
	booktitle = {Up and down the cline},
	editor = {Fischer, Olga and Norde, Muriel and Perridon, Harry},
	pages = {17--44},
	publisher = {John Benjamins},
	title = {On directionality in language change with particular reference to grammaticalization},
	year = {2004}
}

@incollection{Haspelmath2001,
	address = {Berlin},
	author = {Haspelmath, Martin},
	booktitle = {Language Typology and language universals},
	editor = {Haspelmath, Martin and König, Ekkehard and Oesterreicher, Wulf and Raible, Wolfgang},
	pages = {1492–1510},
	publisher = {De Gruyter},
	series = {Handbücher zur {S}prach- und {K}ommunikationswissenschaft},
	number = {20.2},
	title = {The {European}linguistic area: {{S}}tandard Average {European}},
	year = {2001}
}

@incollection{Haspelmath1996,
	address = {Dordrecht},
	author = {Haspelmath, Martin},
	booktitle = {Yearbook of Morphology 1995},
	editor = {Booij, Geert. E. and van Marle, Jaap},
	pages = {43–66},
	publisher = {Kluwer},
	title = {Word-class-changing inflection and morphological theory},
	year = {1996}
}

@incollection{Harley2008,
	address = {Oxford},
	author = {Harley, Heidi},
	booktitle = {Phi Theory: {{Phi}}-features across modules and interfaces},
	editor = {Harbour, Daniel and Adger, David and Be’jar, Susana},
	pages = {251–294},
	publisher = {Oxford University Press},
	series = {Oxford Studies in Theoretical Linguistics},
	number = {16},
	title = {When is a syncretism more than a syncretism? {{I}}mpoverishment, metasyncretism, and underspecification},
	year = {2008}
}

@incollection{HarderBoye2011,
	address = {{Oxford}},
	author = {Harder, Peter and Boye, Kaspar},
	booktitle = {The {{{Oxford}}} handbook of grammaticalization},
	editor = {Heine, Bernd and Narrog, Heiko},
	pages = {56--68},
	publisher = {Oxford University Press},
	title = {Grammaticalization and Corpus Linguistics},
	year = {2011}
}

@incollection{Hankamer1989,
	address = {Cambridge},
	author = {Hankamer, Jorge},
	booktitle = {Lexical representation and process},
	editor = {Marslen-Wilson, William},
	pages = {392–408},
	publisher = {MIT Press},
	title = {Morphological parsing and the lexicon},
	year = {1989}
}

@incollection{Halliday1968,
	address = {Harmondsworth},
	author = {Halliday, Michael A. K.},
	booktitle = {New Horizons in Linguistics},
	editor = {Lyons, John},
	pages = {140--165},
	publisher = {Penguin},
	title = {Language Structure and Language Function},
	year = {1968}
}

@incollection{HalleHalle1993,
	address = {Cambridge},
	author = {Halle, Morris and  Marantz, Alec},
	booktitle = {The view from building 20: {E}ssays in linguistics in honor of {S}ylvain {B}romberger},
	editor = {Hale, Kenneth and Keyser, Samuel J.},
	pages = {111–176},
	publisher = {MIT Press},
	series = {Current Studies in Linguistics},
	number = {24},
	sortname = {Halle, Morris and Marantz, Alec},
	title = {{D}istributed {m}orphology and the pieces of inflection},
	year = {1993}
}

@incollection{Goldberg2013,
	address = {Oxford},
	author = {Goldberg, Adele E.},
	booktitle = {The {Oxford} Handbook of {C}onstruction {G}rammar},
	editor = {Hoffmann, Thomas and Trousdale, Graeme},
	pages = {15--31},
	publisher = {Oxford University Press},
	title = {Constructionist approaches},
	year = {2013}
}

@incollection{Gil2020,
	address = {Amsterdam},
	author = {Gil, David},
	booktitle = {{{Austronesian}} undressed: {H}ow and why languages become isolating},
	editor = {Gil, David and Schapper, Antoinette},
	pages = {9–95},
	publisher = {John Benjamins},
	series = {Typological Studies in Language},
	number = {129},
	title = {What does it mean to be an isolating language? {{T}}he case of {{Riau}} {{Indonesian}}},
	year = {2020}
}

@incollection{Geykenlivingtextarchive2015,
	address = {{Tübingen}},
	author = {Geyken, Alexander and Gloning, Thomas},
	booktitle = {Historical {{Corpora}}},
	editor = {Gippert, Jost and Gehrke, Ralf},
	pages = {165--180},
	publisher = {{Narr}},
	title = {A Living Text Archive of 15th–19th Century {{{German}}}: {{Corpus}} Strategies, Technology, Organization},
	year = {2015}
}

@incollection{GagliaGaglia2016,
	address = {Berlin},
	author = {Gaglia, Sascha and Hinzelin, Marc-Olivier},
	booktitle = {Manual of grammatical interfaces in {{Romance}}},
	editor = {Fischer, Susann and Gabriel, Christoph},
	pages = {149–184},
	series = {Manuals of {R}omance Linguistics},
	number = {10},
	publisher = {De Gruyter},
	title = {Inflectional verb morphology},
	year = {2016}
}

@incollection{Frederiksen2019,
	address = {Aarhus},
	author = {Frederiksen, Britta Olrik},
	booktitle = {Dansk Sproghistorie 3: {{B}}øjning og bygning. {{B}}øjning},
	editor = {Hjorth, Ebba and Galberg Jacobsen, Henrik and Jørgensen, Bent and Jacobsen, Birgitte and Jørgensen, Merete and Fahl, Laurids Kristian},
	pages = {41--72},
	publisher = {Det Danske Sprog- og Litteraturselskab \& Aarhus Universitetsforlag},
	title = {Gammeldansk},
	year = {2019}
}

@incollection{FischerGrammaticalizationanalogicallydriven2011,
	address = {{Oxford}},
	author = {Fischer, Olga},
	booktitle = {The {Oxford} handbook of grammaticalization},
	editor = {Narrog, Heiko and Heine, Bernd},
	pages = {31--42},
	publisher = {{Oxford University Press}},
	title = {Grammaticalization as Analogically Driven Change?},
	year = {2011}
}

@incollection{Fabri1998,
	address = {Tübingen},
	author = {Fabri, Ray},
	booktitle = {Models of Inflection},
	editor = {Fabri, Ray and Parodi, Teresa and Ortmann, Albert},
	pages = {1--10},
	publisher = {Niemeyer},
	series = {Linguistische Arbeiten},
	number = {388},
	title = {Models of Inflection},
	year = {1998}
}

@incollection{Enger2019,
	address = {Amsterdam},
	author = {Enger, Hans-Olav},
	booktitle = {Morphological variation: {T}heoretical and empirical perspectives},
	editor = {Dammel, Antje and Schallert, Oliver},
	pages = {159–196},
	publisher = {John Benjamins},
	series = {Studies in Language Companion Series},
	number = {207},
	title = {Thoughts on morphomes, on a {{Scandinavian}} background},
	year = {2019}
}

@incollection{Dyvik1980,
	address = {Oslo, New York},
	author = {Dyvik, Helge},
	booktitle = {{The Nordic languages and modern linguistics: {{P}}roceedings of the 4th {Scandinavian} conference of linguistics in {Oslo} 1980}},
	editor = {Hovdhaugen, Even},
	pages = {81--107},
	publisher = {Columbia University Press},
	title = {Har gammelnorsk passiv?},
	year = {1980}
}

@incollection{Divjak2011,
	address = {Frankfurt/Main},
	author = {Divjak, Dagmar},
	booktitle = {{Slavic} Linguistics in a Cognitive Framework},
	editor = {Grygiel, Marcin and Janda, Laura A.},
	pages = {67--85},
	publisher = {Lang},
	title = {Predicting aspectual choice in modal constructions: {{A}} quest for the Holy Grail?},
	year = {2011}
}

@incollection{DisselHilpert2016,
	address = {{New York}},
	author = {Diessel, Holger and Hilpert, Martin},
	booktitle = {{Oxford} Research Encyclopedia of Linguistics},
	editor = {Aronoff, Mark},
	publisher = {{Oxford University Press}},
	title = {Frequency Effects in Grammar},
	doi = {https://doi.org/10.1093/acrefore/9780199384655.013.120},
	year = {2016}
}

@incollection{DiewaldSmirnova2010a,
	author = {Diewald, Gabriele and Smirnova, Elena},
	booktitle = {Paradigmaticity and Obligatoriness},
	editor = {Diewald, Gabriele and Smirnova, Elena},
	pages = {1–10},
	publisher = {Routledge},
	address = {London},
	series = {Acta Linguistica Hafniensia},
	title = {Introduction},
	volume = {42},
	year = {2010}
}

@incollection{DiewaldParadigms2020,
	address = {{Amsterdam}},
	author = {Diewald, Gabriele},
	booktitle = {Nodes and Networks in {Diachronic Construction Grammar}},
	editor = {Sommerer, Lotte and Smirnova, Elena},
	pages = {278--315},
	publisher = {{John Benjamins}},
	title = {Paradigms as Hyper-Constructions},
	year = {2020}
}

@incollection{DiewaldParadigmaticintegration2012,
	address = {{Amsterdam, Philadelphia}},
	author = {Diewald, Gabriele and Smirnova, Elena},
	booktitle = {Grammaticalization and Language Change: {{New}} Reflections},
	editor = {Davidse, Kristin and Breban, Tine and Brems, Lieselotte and Mortelmans, Tanja},
	pages = {111--134},
	publisher = {{John Benjamins}},
	title = {Paradigmatic Integration},
	year = {2012}
}

@incollection{DiewaldFerraresi2008,
	address = {Amsterdam, Philadelphia},
	author = {Diewald, Gabriele and Ferraresi, Gisella},
	booktitle = {Theoretical and Empirical Issues in Grammaticalization},
	editor = {Seoane, Elena and López-Couso, María José and Fanego, Teresa},
	pages = {77--110},
	publisher = {John Benjamins},
	title = {Semantic, syntactic and constructional restrictions in the diachronic rise of modal particles in {German}: {{A}} corpus-based study on the formation of a grammaticalization channel},
	year = {2008}
}

@incollection{Diewald2020b,
	address = {Amsterdam},
	author = {Diewald, Gabriele},
	booktitle = {Nodes and Links in the Network: {{Advances}} in {Diachronic Construction Grammar}},
	editor = {Sommerer, Lotte and Smirnova, Elena},
	pages = {278--315},
	publisher = {{Amsterdam: Benjamins}},
	title = {Paradigms as Hyper-Constructions},
	year = {2020}
}

@incollection{Diewald2020a,
	address = {Amsterdam, Philadelphia},
	author = {Diewald, Gabriele},
	booktitle = {Nodes and networks in diachronic construction grammar},
	editor = {Sommerer, Lotte and Smirnova, Elena},
	pages = {278--315},
	publisher = {John Benjamins},
	series = {Constructional {A}pproaches to {L}anguage},
	number = {27},
	title = {Paradigms lost -- paradigms regained: {{P}}aradigms as hyper-constructions},
	year = {2020}
}

@incollection{Diewald2006,
	address = {Leiden},
	author = {Diewald, Gabriele},
	booktitle = {Approaches to Discourse Particles},
	editor = {Fischer, Kerstin},
	pages = {403--425},
	publisher = {Brill},
	series = {Studies in Pragmatics},
	title = {Discourse particles and modal particles as grammatical elements},
	number = {1},
	year = {2006}
}

@incollection{DelorgeCompetingtransferconstructions2014,
	address = {{Amsterdam, Philadelphia}},
	author = {Delorge, Martine and Plevoets, Koen and Colleman, Timothy},
	booktitle = {Corpus methods for semantics: {{Quantitative}} Studies in polysemy and synonymy},
	editor = {Glynn, Dylan and Robinson, Justyana A.},
	pages = {39--60},
	publisher = {{John Benjamins}},
	series = {Human {{Cognitive Processing}}},
	title = {Competing ``Transfer'' Constructions in {{{Dutch}}}: {{The}} Case of Ont-Verbs},
	year = {2014}
}

@incollection{DeSmetDoesinnovationneed2014,
	address = {{Amsterdam, Philadelphia}},
	author = {De Smet, Hendrik},
	booktitle = {Usage-Based Approaches to Language Change},
	editor = {Coussé, Evie and von Mengden, Ferdinand},
	number = {69},
	pages = {23--48},
	publisher = {{John Benjamins}},
	series = {Studies in {{Functional}} and {{Structural Linguistics}}},
	title = {Does Innovation Need Reanalysis?},
	year = {2014}
}

@incollection{DeSmet2017,
	address = {{Cambridge}},
	author = {De Smet, Hendrik and Fischer, Olga},
	booktitle = {The Changing {English} Language: {{Psycholinguistic}} Perspectives},
	editor = {Marianne Hundt and Mollin, Sandra and Pfenninger, Simone},
	pages = {240--268},
	publisher = {{Cambridge University Press}},
	title = {The Role of Analogy in Language Change: {{Supporting}} Constructions},
	year = {2017}
}

@incollection{Dabrowska2015,
	address = {{Berlin, Boston}},
	author = {Dąbrowska, Ewa},
	booktitle = {Handbook of Cognitive Linguistics},
	editor = {Dąbrowska, Ewa and Divjak, Dagmar},
	pages = {650--668},
	publisher = {{de Gruyter}},
	title = {Individual Differences in Grammatical Knowledge},
	year = {2015}
}

@incollection{CrysmannBonami2017,
	address = {Stanford},
	author = {Crysmann, Berthold and Bonami, Olivier},
	booktitle = {Proceedings of the 24th International Conference on {Head-Driven Phrase Structure Grammar}},
	editor = {Müller, Stefan},
	pages = {141–161},
	publisher = {CSLI},
	title = {Atomistic and holistic exponence in Information-based Morphology},
	year = {2017}
}

@incollection{Croft2005,
	address = {Amsterdam},
	author = {Croft, William},
	booktitle = {Construction Grammars: {{C}}ognitive grounding and theoretical extensions},
	editor = {Östman, Jan-Ola and Fried, Mirjam},
	pages = {273–314},
	publisher = {John Benjamins},
	title = {Logical and typological arguments for Radical Construction Grammar},
	year = {2005}
}

@incollection{Carlson2010,
	address = {Oxford},
	author = {Carlson, Gregory N.},
	booktitle = {Kinds, Things, and Stuff: {{M}}ass Terms and Generics},
	editor = {Pelletier, Francis Jeffry},
	pages = {16--35},
	publisher = {Oxford University Press},
	series = {New Directions in Cognitive Science},
	title = {Generics and Concepts},
	year = {2010}
}

@incollection{Carlson1995,
	address = {Chicago},
	author = {Carlson, Gregory N.},
	booktitle = {The Generic Book},
	editor = {Carlson, Gregory N. and Pelletier, Francis Jeffry},
	pages = {224--237},
	publisher = {The University of Chicago Press},
	title = {Truth-Conditions of Generic Sentences: {{T}}wo Contrasting Views},
	year = {1995}
}

@incollection{BybeeMechanismsChangeGrammaticization2003,
	address = {London},
	author = {Bybee, Joan L.},
	booktitle = {The {{Handbook}} of {{Historical Linguistics}}},
	editor = {Joseph, Brian D. and Janda, Richard D.},
	pages = {602--623},
	publisher = {{Blackwell}},
	title = {Mechanisms of Change in Grammaticization: {{The}} Role of Frequency},
	year = {2003}
}

@incollection{BybeeBybee1991,
	address = {Amsterdam},
	author = {Bybee, Joan L. and Perkins, Revere D. and Pagliuca, William},
	booktitle = {Approaches to grammaticalization},
	editor = {Traugott, Elizabeth C. and Heine, Bernd},
	pages = {17--58},
	publisher = {John Benjamins},
	title = {Back to the future},
	number = {2},
	year = {1991}
}

@incollection{BybeeBybee1987,
	address = {Amsterdam},
	author = {Bybee, Joan L. and Pagliuca, William},
	booktitle = {Papers from the 7th {I}nternational {C}onference on {H}istorical {L}inguistics},
	editor = {Ramat, Anna Giacalone and Carruba, Onofrio and Bernini, Giuliano},
	pages = {109--122},
	publisher = {John Benjamins},
	title = {The evolution of future meaning},
	year = {1987}
}

@incollection{Brown1998,
	address = {Tübingen},
	author = {Brown, Dunstan},
	booktitle = {Models of Inflection},
	editor = {Ray, F. and Ortmann, A. and Parodi, T.},
	pages = {196--224},
	publisher = {Niemeyer},
	title = {Stem indexing and morphonological selection in the {Russian} verb: {{A}} network morphology account},
	year = {1998}
}

@incollection{Breu2000,
	address = {Tübingen},
	author = {Breu, Walter},
	booktitle = {{Probleme} der {Interaktion} von {L}exik und {A}spekt ({ILA})},
	editor = {Breu, Walter},
	pages = {21--54},
	publisher = {Niemeyer},
	title = {{Z}ur {P}osition des {S}lavischen in einer {T}ypologie des {V}erbalaspekts ({F}orm, {{F}unktion}, {E}benenhierarchie und lexikalische {{I}nteraktion})},
	year = {2000}
}

@incollection{Breu1984b,
	address = {München},
	author = {Breu, Walter},
	booktitle = {{Aspekte} der {S}lavistik ({Festschrift} für {J}osef {S}chrenk)},
	editor = {Girke, Wolfgang and Jachnow, Helmut},
	pages = {7- 25},
	publisher = {Sagner},
	title = {{{G}rammatische} {A}spektkategorie und verbale {E}inheit},
	year = {1984}
}

@incollection{Borthen2017,
	address = {Bergen},
	author = {Rosén, Victoria and Borthen, Kaja},
	booktitle = {The very model of a modern linguist},
	editor = {Rosén, Victoria and De Smedt, Koenraad},
	pages = {220--240},
	publisher = {University of Bergen},
	series = {BeLLS},
	sortname = {Victoria Ros{e}n and Kaja Borthen},
	title = {{Norwegian} bare singulars revisited},
	volume = {8},
	year = {2017}
}

@incollection{Borthen2007,
	address = {Amsterdam/Philadephia},
	author = {Borthen, Kaja},
	booktitle = {The Grammar-pragmatics Interface: {{{E}}}ssays in Honor of {J}eanette {K.} {{G}}undel},
	chapter = {7},
	editor = {Gundel, Jeanette K. and Zacharski, Ron and Nancy, Ann},
	pages = {143--169},
	publisher = {John Benjamins},
	title = {The correspondence between cognitive status and the form of kind-referring {NP}s},
	year = {2007}
}

@incollection{Booijrolesecondorderschemas2015,
	address = {{Dordrecht}},
	author = {Booij, Geert and Masini, Francesca},
	booktitle = {Semantics of Complex Words},
	editor = {Bauer, Laurie and Körtvélyessy, Livia and {\v S}tekauer, Pavol},
	pages = {47--66},
	publisher = {{Springer}},
	title = {The Role of Second-Order Schemas in the Construction of Complex Words},
	year = {2015}
}

@incollection{Booij2018,
	address = {Cham},
	author = {Booij, Geert},
	booktitle = {The Construction of Words: {{A}}dvances in Construction Morphology},
	editor = {Booij, Geert},
	pages = {3--16},
	publisher = {Springer},
	series = {Studies in Morphology},
	title = {The Construction of Words: {{I}}ntroduction and Overview},
	volume = {4},
	year = {2018}
}

@incollection{Booij2016,
	address = {Cambridge},
	author = {Booij, Geert},
	booktitle = {The {Cambridge} Handbook of Morphology},
	editor = {Hippisley, Andrew and Stump, Gregory T.},
	pages = {424–448},
	publisher = {Cambridge University Press},
	title = {Construction {M}orphology},
	year = {2016}
}

@incollection{Booij2013,
	address = {Oxford},
	author = {Booij, Geert},
	booktitle = {The {Oxford} Handbook of Construction Grammar},
	editor = {Hoffmann, Thomas and Trousdale, Graeme},
	pages = {255--273},
	publisher = {Oxford University Press},
	title = {Morphology in Construction Grammar},
	year = {2013}
}

@incollection{BodenParadigmvssyntagm2005,
	address = {{Amsterdam}},
	author = {Boden, T. F.},
	booktitle = {Encyclopedia of Language and Linguistics},
	editor = {Brown, Keith},
	pages = {173--175},
	publisher = {{Elsevier}},
	title = {Paradigm vs Syntagm},
	year = {2005}
}

@incollection{Bobaljik2002,
	address = {Dordrecht},
	author = {Bobaljik, Jonathan D.},
	booktitle = {Yearbook of Morphology 2001},
	editor = {Booij, Geert and van Marle, Jaap},
	pages = {53–85},
	publisher = {Kluwer},
	title = {Syncretism without paradigms: {{R}}emarks on {W}illiams 1981, 1994},
	year = {2002}
}

@incollection{Blevins2015,
	address = {Oxford},
	author = {Blevins, James P.},
	booktitle = {{Oxford} handbook of inflection},
	editor = {Baerman, Matthew},
	pages = {87--111},
	publisher = {Oxford University Press},
	series = {Oxford {H}andbooks in {L}inguistics},
	title = {Inflectional paradigms},
	year = {2015}
}

@incollection{Blaszczak2014,
	address = {Oxford},
	author = {Błaszczak, Joanna and Jabłońska, Patrycja and Klimek-Jankowska, Dorota and Migdalski, Krzysztof},
	booktitle = {Future Times, Future Tenses},
	editor = {De Brabanter, Philippe and Kissine, Mikhail and Sharifzadeh, Saghie},
	pages = {165--204},
	publisher = {Oxford University Press},
	sortname = {Joanna Blaszczak, Patrycja Jablonska, Dorota Klimek-Jankowska and Krzysztof Migdalski},
	title = {The riddle of ‘future tense’ in {Polish}},
	year = {2014}
}

@incollection{Blake2004,
	address = {Berlin},
	author = {Blake, Barry J.},
	booktitle = {Morphologie: {E}in internationales {{Handbuch}} zur {Flexion} und {{Wortbildung}}, 2 -- {M}orphology: {{A}}n international handbook on inflection and word-formation},
	editor = {Booij, Geert and Lehmann, Christian and Mugdan, Joachim and Kesselheim, Wolfgang},
	pages = {1073–1090},
	publisher = {De Gruyter},
	series = {Handbücher zur {{Sprach}}- und {K}ommunikationswissenschaft},
	volume = {17.2},
	title = {Ch. 102: {{C}}ase},
	year = {2004}
}

@incollection{Bjerrum1949,
	address = {Copenhagen},
	author = {Bjerrum, Anders},
	booktitle = {Recherches Structurales: {{P}}ubliées à l’occasion du cinquantenaire de M. {{L}}ouis {H}jelmslev},
	editor = {Bodelsen, C. A. Gottlieb},
	pages = {156--76},
	publisher = {Nordisk Sprog- og Kulturforlag},
	series = {Travaux du Cercle Linguistique de Copenhague},
	title = {Verbal number in the {J}utlandic {L}aw},
	volume = {5},
	year = {1949}
}

@incollection{BarðdalEyþórsson2018,
	address = {Amsterdam},
	author = {Barðdal, Jóhanna and Eyþórsson, Þórhallur},
	booktitle = {Non-Canonically Case-Marked Subjects: {{T}}he {R}eykjavík-{E}yjafjallajökull papers},
	editor = {Barðdal, Jóhanna and Pat-El, Na’ama and Carey, Stephen Mark},
	pages = {257--273},
	publisher = {John Benjamins},
	sortname = {Barddal, Johanna and Eythorsson, Thorhallur},
	title = {What is a subject: {{T}}he nature and validity of subject tests},
	year = {2018}
}

@incollection{Askedal2005,
	address = {Amsterdam},
	author = {Askedal, John Ole},
	booktitle = {{Historical Linguistics 2003: {{S}}elected papers from the 16th International Conference on Historical Linguistics, Copenhagen, 11–15 August 2003}},
	editor = {Fortescue, Michael and Jensen, Eva Skafte and Mogensen, Jens Erik and Schøsler, Lene},
	doi = {1075/cilt.257.02ask},
	pages = {1–20},
	publisher = {John Benjamins},
	title = {Typological reflections on loss of morphological case in {{Middle Low German}} and in the mainland {{Scandinavian}} languages},
	year = {2005}
}

@incollection{Aronoff2016,
	address = {Cambridge},
	author = {Aronoff, Mark},
	booktitle = {The {{Cambridge}} handbook of morphology},
	editor = {Hippisley, Andrew and Stump, Gregory T.},
	pages = {186–205},
	publisher = {Cambridge University Press},
	title = {A fox knows many things but a hedgehog one big thing},
	year = {2016}
}

@incollection{AntillaAnalogywarpwoof2003,
	address = {Malden},
	author = {Anttila, Raimo},
	booktitle = {The handbook of historical linguistics},
	editor = {Joseph, Brian D. and Janda, Richard},
	pages = {426--440},
	publisher = {{Blackwell}},
	title = {Analogy: {{The}} Warp and Woof of Cognition},
	year = {2003}
}

@book{Antilla1975,
    address = {Innsbruck},
    author = {Anttila, Raimo},
    title = {The indexical element in morphology},
    series = {Innsbrucker {B}eiträge zur {S}prachwissenschaft. {V}orträge und kleinere {S}chriften},
    volume = {12},
    publisher = {Institut für vergleichende Sprachwissenschaft der Universität Innsbruck},
    year = {1975}
}

@incollection{Andersen2020,
	address = {Amsterdam},
	author = {Andersen, Henning},
	booktitle = {Historical linguistics 2017},
	editor = {Drinka, Bridget},
	pages = {163–182},
	publisher = {John Benjamins},
	title = {Synchrony, diachrony, and indexicality},
	year = {2020}
}

@incollection{Andersen2010,
	address = {London},
	author = {Andersen, Henning},
	booktitle = {The {Bloomsbury} companion to historical linguistics},
	editor = {Luraghi, Silvia and Bubenik, Vit},
	pages = {117–146},
	publisher = {Bloomsbury},
	title = {From morphologization to demorphologization},
	year = {2010}
}

@incollection{Andersen2008,
	address = {Amsterdam, Philadelphia},
	author = {Andersen, Henning},
	booktitle = {Grammatical Change and Linguistic Theory: {{T}}he Rosendal papers},
	editor = {Eythórsson, Thórhallur},
	pages = {11--44},
	publisher = {John Benjamins},
	series = {Linguistik Aktuell/Linguistics Today},
	title = {Grammaticalization in a speaker-oriented theory of change},
	volume = {113},
	year = {2008}
}

@incollection{Andersen2006a,
	address = {Bern},
	author = {Andersen, Henning},
	booktitle = {Change in verbal systems: {{I}}ssues in explanation},
	editor = {Eksell, Kerstin and Vinther, Thora},
	pages = {9–45},
	publisher = {Lang},
	title = {Periphrastic futures in {{Slavic}}: {{D}}ivergence and convergence},
	year = {2006}
}

@incollection{Andersen2001,
	address = {Amsterdam, Philadelphia},
	author = {Andersen, Henning},
	booktitle = {Actualization: {{L}}inguistic change in progress},
	editor = {Andersen, Henning},
	pages = {21--57},
	publisher = {John Benjamins},
	title = {Markedness and the theory of linguistic change},
	year = {2001}
}

@incollection{Andersen1995,
	address = {Moscow},
	author = {Andersen, Henning},
	booktitle = {The language and verse of {{Russia}}. {I}n honor of {D}ean {S}. {W}orth on his sixty-fifth birthday},
	editor = {Birnbaum, Henrik and Flier, Michael S.},
	pages = {19–30},
	publisher = {Vostočnaja literatura RAN},
	series = {UCLA Slavic Studies. New Series},
	title = {Consonant reduction in {{Russian}}},
	volume = {2},
	year = {1995}
}

@incollection{Andersen1980b,
	address = {The Hague},
	author = {Andersen, Henning},
	booktitle = {Recent developments in historical morphology},
	editor = {Fisiak, Jacek},
	note = {Reprinted in Francis Katamba (ed.),  Morphology: {C}ritical concepts in linguistics, vols. 1-–6. {V}ol. 6: Morphology: {I}ts place in the wider context, 397-443. London: Routledge},
	pages = {1--50},
	publisher = {Mouton},
	title = {Morphological change: {{T}}owards a typology},
	year = {1980}
}

@incollection{Andersen1980,
	address = {Amsterdam},
	author = {Andersen, Henning},
	booktitle = {{Papers from the Fourth International Conference on Historical Linguistics}},
	editor = {Traugott, Elizabeth C.},
	pages = {285–301},
	publisher = {John Benjamins},
	title = {{{Russian}} conjugation: {{A}}cquisition and evolutive change},
	year = {1980}
}

@incollection{AlbrightAlbright2012,
	address = {Oxford},
	author = {Albright, Adam and Fuß, Eric},
	booktitle = {The morphology and phonology of exponence},
	editor = {Trommer, Jochen},
	pages = {236–288},
	series = {Oxford Linguistics},
	publisher = {Oxford University Press},
	title = {Syncretism},
	year = {2012}
}

@incollection{AikhenvaldDixon2017,
	address = {Cambridge},
	author = {Aikhenvald, Alexandra Y. and Dixon, R. M. W. },
	booktitle = {The {{Cambridge}} handbook of linguistic typology},
	series = {{Cambridge} Handbooks in Language and Linguistics},
	editor = {Aikhenvald, Alexandra Y. and Dixon, R. M. W. },
	pages = {1–35},
	publisher = {Cambridge University Press},
	title = {Introduction: {{L}}inguistic typology – setting the scene},
	year = {2017}
}

@incollection{AckermanBlevinsMalouf2009,
	address = {Oxford},
	author = {Ackerman, Farrell and Blevins, James P. and Malouf, Robert},
	booktitle = {Analogy in Grammar: {{F}}orm and Acquisition},
	editor = {Blevins, James P. and Blevins, Juliette},
	pages = {54--82},
	publisher = {Oxford University Press},
	title = {Parts and wholes: {{I}}mplicative patterns in inflectional paradigms},
	year = {2009}
}

@incollection{Aakjær1933,
	address = {København},
	author = {Aakjær, Svend},
	booktitle = {Danmarks gamle Landskabslove med Kirkelovene. {{S}}kånske Lov: {{A}}nders Sunesøns Parafrase, Skånske Kirkelov m. {{M}}.},
	editor = {Add.SkL = Aakjær, Svend and Kroman, Erik},
	number = {2},
	pages = {809–817},
	publisher = {Gyldendalske Boghandel \& Det Danske Sprog- og Litteraturselskab},
	title = {Tillæg {{XIII}}},
	volume = {1},
	year = {1933}
}

@incollection{KraghStrudsholm2013,
	address = {Amsterdam},
	author = {Kragh, Kirsten Jeppesen and Strudsholm, Erling},
	booktitle = {Deixis and pronouns in {Romance} languages},
	editor = {Kragh, Kirsten Jeppesen and Lindschouw, Jan},
	pages = {207--226},
	publisher = {John Benjamins},
	title = {The relevance of deixis in the description of the predicative relative clause},
	type = {Book Section},
	year = {2013}
}


@incollection{KraghSchosler2014,
	address = {Amsterdam},
	author = {Kragh, Kirsten Jeppesen and Schøsler, Lene},
	booktitle = {Usage-Based Approaches to Language Change},
	editor = {Coussé, Evie and von Mengden, Ferdinand},
	pages = {169--202},
	publisher = {John Benjamins},
	title = {Reanalysis and grammaticalization of constructions},
	type = {Book Section},
	year = {2014}
}

@incollection{KraghSchosler2019,
	address = {Amsterdam},
	author = {Kragh, Kirsten Jeppesen and Schøsler, Lene},
	booktitle = {Perspectives on language structure and language change},
	editor = {Igartua, Iván and Joseph, Brian and Heltoft, Lars and Kragh, Kirsten Jeppesen and Schøsler, Lene},
	pages = {271--294},
	publisher = {John Benjamins},
	title = {From a single lexical unit to multiple grammatical paradigms},
	type = {Book Section},
	year = {2019}
}

@incollection{KraghSchosler2016,
	address = {København},
	author = {Kragh, Kirsten Jeppesen and Schøsler, Lene},
	booktitle = {Ny Forskning i grammatik},
	editor = {Christensen, Marie Herget and Heegård, Jan and Heltoft, Lars and Jensen, Eva Skafte and Mortensen, Sune Sønderberg and Nielsen, Peter Juul},
	pages = {124--143},
	publisher = {Dansk Sprognævn},
	title = {Derfor har vi brug for paradigmer},
	type = {Book Section},
	volume = {23},
	year = {2016}
}

@incollection{Heine2002,
	address = {Amsterdam/Philadelphia},
	author = {Heine, Bernd},
	booktitle = {New Reflections on Grammaticalization},
	editor = {Wischer, Ilse and Diewald, Gabriele},
	pages = {83--102},
	publisher = {John Benjamins},
	title = {On the role of context in grammaticalization},
	year = {2002},
}

@incollection{Diewald2002,
	address = {Amsterdam/Philadelphia},
	author = {Diewald, Gabriele},
	booktitle = {New Reflections on Grammaticalization},
	editor = {Wischer, Ilse and Diewald, Gabriele},
	pages = {103--120},
	publisher = {John Benjamins},
	title = {A model for relevant types of contexts in grammaticalization},
	type = {Book Section},
	year = {2002}
}

@incollection{Craig1991,
	address = {Philadelphia},
	author = {Craig, Colette},
	booktitle = {Approaches to Grammaticalization 2: {{F}}ocus on Types of Grammatical Markers},
	editor = {Traugott, Elizabeth C. and Heine, Bernd},
	pages = {455--492},
	publisher = {John Benjamins},
	title = {Ways to go in {Rama}: {{A}} case study in polygrammaticalization},
	type = {Book Section},
	year = {1991}
}

@incollection{Defrancq2000,
	address = {Copenhagen},
	author = {Defrancq, Bart},
	booktitle = {{Le} passif},
	editor = {Schøsler, Lene},
	pages = {185--204},
	publisher = {Museum Tusculanum Press},
	series = {Etudes Romanes},
	title = {Approche contrastive des (semi-)auxiliaires du passif de l’objet prépositionnel},
	type = {Book Section},
	year = {2000}
}

@book{Łaziński2020,
	address = {Warszawa},
	author = {Łaziński, Marek},
	publisher = {Wyd-wo UW},
	sortname = {Lazinski, Marek},
	title = {Wykłady o aspekcie polskiego czasownika},
	year = {2020}
}

@book{vandenToorn1997,
	address = {Amsterdam},
	booktitle = {Geschiedenis van de {{Nederlandse}} taal},
	editor = {van den Toorn, Maarten C. and Pijnenburg, Wilhelmus and van Leuvensteijn, Jan and van der Horst, Joop},
	publisher = {Amsterdam University Press},
	title = {Geschiedenis van de {{Nederlandse}} taal},
	year = {1997}
}

@book{Zaliznjak1967,
	address = {Moscow},
	author = {Zaliznjak, Andrej A.},
	publisher = {Nauka},
	title = {Russkoe imennoe slovoizmenenie},
	year = {1967}
}

@book{Padučeva1996,
	address = {Moscow},
	author = {Padučeva, Elena V.},
	publisher = {Škola «Jazyki russkoj kul’tury»},
	sortname = {Paduceva, Elena V.},
	title = {Semantičeskie issledovanija (Semantika vremeni i vida v~russkom jazyke. {{S}}emantika narrativa)},
	year = {1996}
}

@book{Wurzel1984,
	address = {Berlin},
	author = {Wurzel, Wolfgang U.},
	publisher = {Akademie-Verlag},
	title = {{F}lexionsmorphologie und {{N}atürlichkeit}: {{E}}in {B}eitrag zur morphologischen {T}heoriebildung},
	year = {1984}
}

@book{Wood2007,
	address = {Berkeley},
	author = {Wood, Esther Jane},
	publisher = {University of {C}alifornia},
	title = {The Semantic Typology of Pluractionality},
	year = {2007}
}

@incollection{WiemerBisang2004,
	address = {Berlin, Boston},
	author = {Wiemer, Björn and Bisang, Walter},
	booktitle = {What makes grammaticalization? {{A}} look from its fringes and its components},
	editor = {Bisang, Walter and Himmelmann, Nikolaus P. and Wiemer, Björn},
	number = {158},
	pages = {3--20},
	publisher = {De Gruyter Mouton},
	series = {Trends in Linguistics. Studies and Monographs},
	title = {What makes grammaticalization? {{A}}n appraisal of its components and its fringes},
	year = {2004}
}

@book{Wessén1954,
	address = {Stockholm},
	author = {Wessén, Elias},
	number = {12},
	publisher = {Nämnden för svensk språkvård},
	series = {Skrifter utgivna av Nämnden för svensk språkvård},
	sortname = {Wessen, Elias},
	title = {Om det tyska inflytandet på svenskt språk under medeltiden},
	year = {1954}
}

@book{Vilkuna1989,
	address = {Helsinki},
	author = {Vilkuna, Maria},
	publisher = {SKS},
	title = {Free Word Order in {{Finnish}}: {{I}}ts Syntax and Discourse Functions},
	year = {1989}
}

@book{Veselinova2006,
	address = {Amsterdam, Philadelphia},
	author = {Veselinova, Ljuba N.},
	publisher = {John Benjamins},
	title = {Suppletion in Verb Paradigms},
	year = {2006}
}

@book{Verwijs1885,
	address = {Den Haag},
	author = {Verwijs, E. and Verdam, J.},
	url = {https://gtb.inl.nl},
	publisher = {Nijhoff},
	title = {Middelnederlandsch woordenboek},
	year = {1885--1929}
}

@book{VerveckkenBinominalquantifiersSpanish2015,
	address = {{Berlin, New York}},
	author = {Verveckken, Katrien Dora},
	number = {391},
	publisher = {{De Gruyter}},
	series = {Beihefte zur {{Zeitschrift}} für Romanische {{Philologie}}},
	title = {Binominal Quantifiers in {{{Spanish}}}: {{C}}onceptually-Driven Analogy in Diachrony and Synchrony},
	year = {2015}
}

@book{TraugottTrousdale2013,
	address = {Oxford},
	author = {Traugott, Elizabeth C. and Trousdale, Graeme},
	publisher = {Oxford University Press},
	title = {Constructionalization and constructional changes},
	year = {2013}
}

@book{TraugottConstructionalizationConstructionalChanges2013,
	address = {{Oxford}},
	author = {Traugott, Elizabeth C. and Trousdale, Graeme},
	number = {6},
	publisher = {{Oxford University Press}},
	series = {Oxford {{Studies}} in {{Diachronic}} and {{Historical Linguistics}}},
	title = {Constructionalization and constructional changes},
	year = {2013}
}

@book{Todorović2015,
	address = {Frankfurt etc.},
	author = {Todorović, Nataša},
	publisher = {Lang},
	sortname = {Todorovic, Natasa},
	title = {The Indicative and Subjunctive},
	year = {2015}
}

@book{Tatevosov2016,
	address = {Moscow},
	author = {Tatevosov, Sergej G.},
	publisher = {JaSK},
	title = {Glagol’nye klassy i tipologija akcional’nosti},
	year = {2016}
}

@book{Tatevosov2015,
	address = {Moscow},
	author = {Tatevosov, Sergej G.},
	publisher = {JaSK},
	title = {Akcional’nost’ v~leksike i grammatike (Glagol i struktura sobytija)},
	year = {2015}
}

@book{StumpFinkel2017,
	address = {Cambridge},
	author = {Stump, Gregory T. and Finkel, Raphael A.},
	publisher = {University Press},
	title = {Morphological typology: {{F}}rom word to paradigm},
	year = {2017}
}

@book{Stump2016,
	address = {Cambridge},
	series = {Cambridge Studies in Linguistics},
	number = {149},
	title = {Content and form at the syntax-morphology interface},
	author = {Stump, Gregory T.},
	publisher = {Cambridge University Press},
	title = {Inflectional paradigms},
	year = {2016}
}

@book{Stewart2016,
	address = {Edinburgh},
	author = {Stewart, Thomas W.},
	publisher = {Edinburgh University Press},
	title = {Contemporary morphological theories: {A} user’s guide},
	year = {2016}
}

@book{Spencer2020,
	address = {Oxford},
	author = {Spencer, Andrew},
	booktitle = {The {Oxford} Handbook of {English} Grammar},
	editor = {Aarts, Bas and Bowie, Jill and Popova, Gergana},
	pages = {222--239},
	publisher = {Oxford University Press},
	title = {Theoretical approaches to morphology},
	year = {2020}
}

@book{Spencer2013,
	address = {Cambridge},
	author = {Spencer, Andrew},
	publisher = {Cambridge University Press},
	title = {Lexical Relatedness (A Paradigm-based Model)},
	year = {2013}
}

@book{SommererSmirnova2020,
	address = {{Amsterdam}},
	booktitle = {Nodes and Networks in {Diachronic Construction Grammar}},
	editor = {Sommerer, Lotte and Smirnova, Elena},
	publisher = {{John Benjamins}},
	title = {Nodes and Networks in {Diachronic Construction Grammar}},
	year = {2020}
}

@book{Skautrup1944,
	address = {København},
	author = {Skautrup, Peter},
	publisher = {Gyldendal \& Nordisk Forlag},
	title = {Det danske sprogs historie, 1: {{F}}ra {G}uldhornene til {J}yske {L}ov},
	year = {1944}
}

@book{SkL1961,
	address = {Reg, vestus, 3121, 4°, Bibl, Reg, Haun, phototypice expressam necon et Jus ecclesiasticum Scaniae ex iisdem codicibus eodem more redditum (Corpus Codicum Danicorum medii aevi 3). Hafniae},
	booktitle = {Legem Scaniae e codice {{B}} 74 Bibl, Reg, Holm., et e codice coll},
	editor = {SkL, Holm. B 74, 4\textsuperscript{o} = Brøndum-Nielsen, Johs},
	note = {Holm. B 74, 4\textsuperscript{o}).},
	publisher = {Ejnar Munksgaard (after Cod},
	sortname = {SkL, Holm. B 74, 4\textsuperscript{o} = Brondum-Nielsen, Johs},
	title = {Legem Scaniae e codice {{B}} 74 Bibl, Reg, Holm., et e codice coll},
	year = {1961}
}

@book{Siro1964,
	address = {Helsinki},
	author = {Siro, Paavo},
	publisher = {Tietosanakirja Oy},
	title = {Suomen kielen lauseoppi},
	year = {1964}
}

@book{Sihler2010,
	address = {New York},
	author = {Sihler, Andrew L.},
	publisher = {Oxford University Press},
	title = {New comparative grammar of {{Greek}} and {{Latin}}},
	year = {2010}
}

@book{Sigurðsson1989,
	address = {Lund},
	author = {Sigurðsson, Halldór Ármann},
	publisher = {Department of Scandinavian Languages. University of Lund},
	sortname = {Sigurdsson, Halldor Armann},
	title = {Verbal Syntax and Case in {{Icelandic}} in a Comparative {{GB}} Approach},
	year = {1989}
}

@book{Shapiro1969,
	address = {Cambridge, MA},
	author = {Shapiro, Michael},
	publisher = {Slavica},
	title = {Aspects of {{Russian}} morphology: {{A}} semiotic investigation},
	year = {1969}
}

@book{SdE1983,
	address = {Lund},
	booktitle = {Svenska medeltidspostillor, del 8},
	editor = {SdE = Ejder, Bertil},
	note = {GKS1390 4\textsuperscript{o}).},
	publisher = {Svenska Fornskrift-sällskapet (after Cod},
	sortname = {SdE = Ejder, Bertil},
	title = {Svenska medeltidspostillor, del 8},
	year = {1983}
}

@book{Schmiddynamicslinguisticsystem2020,
	address = {{Oxford}},
	author = {Schmid, Hans-Jörg},
	publisher = {{Oxford University Press}},
	sortname = {Schmid, Hans-J{o}rg},
	title = {The Dynamics of the Linguistic System: {{{U}}}sage, Conventionalization, and Entrenchment},
	year = {2020}
}

@book{SaussureCoursLinguistiqueGenerale1916,
	address = {{Paris}},
	author = {de Saussure, Ferdinand},
	publisher = {{Payot}},
	title = {Cours de Linguistique G\'en\'erale},
	year = {1916}
}

@book{Saussure1959,
	address = {New York},
	author = {de Saussure, Ferdinand},
	notes = {by Charles Bally, Albert Sèchehaye, with Albert Riedlinger. Paris: Payot. Translated as Course in general linguistics by Wade Baskin},
	publisher = {McGraw, Hill},
	title = {Cours de linguistique générale},
	year = {1959 [1916]},
}

@book{Sapir1921,
	address = {New York},
	author = {Sapir, Edward},
	publisher = {Harcourt, Brace \& World},
	title = {Language: {{A}}n introduction to the study of speech},
	year = {1921}
}

@book{Radden2007,
	address = {Amsterdam/Philadephia},
	author = {Günter Radden and René Dirven},
	number = {2},
	publisher = {John Benjamins},
	series = {Cognitive Linguistics in Practice},
	sortname = {G{u}nter Radden and Ren{e} Dirven},
	title = {Cognitive {English} Grammar},
	year = {2007}
}

@book{RiegelEtAl2009,
	address = {Paris},
	author = {Riegel, Martin and Pellat, Jean-Christophe and Rioul, René},
	edition = {5},
	publisher = {Presses Univesitaires de France},
	sortname = {Riegel, Martin and Pellat, Jean-Christophe and Rioul, Rene},
	title = {Grammaire méthodique du français},
	type = {Book},
	year = {2009 [1994]}
}

@book{HerzogEtAl1968,
	address = {Austin},
	author = {Herzog, Marvin and Labov, William and Weinreich, Uriel},
	publisher = {University of Texas Press},
	title = {Empirical Foundations for a Theory of Language Change},
	type = {Book},
	year = {1968}
}

@book{GrevisseGoosse2008,
	address = {Bruxelles},
	author = {Grevisse, Maurice and Goosse, André},
	edition = {14},
	publisher = {De Boeck - Duculot},
	sortname = {Grevisse, Maurice and Goosse, Andre},
	title = {{Le} bon usage},
	year = {2008},
}

@book{CroftCruse2004,
	address = {Cambridge},
	author = {Croft, William and Cruse, D. Allan},
	publisher = {Cambridge University Press},
	series = {Cambridge Textbooks in Linguistics},
	title = {Cognitive Linguistics},
	type = {Book},
	year = {2004}
}

@book{Rey1986,
	address = {Paris},
	author = {Rey, Alain and Rey-Debove, Josette},
	publisher = {Dictionnaires Le Robert},
	title = {{Le} Petit {Robert}},
	type = {Book},
	volume = {1},
	year = {1986}
}

@book{Engberg-PedersenEtAl1996,
	address = {Amsterdam},
	author = {Engberg-Pedersen, Elisabeth and Fortescue, Mike D. and Harder, Peter and Heltoft, Lars and Jakobsen, Lisbeth Falster},
	number = {29},
	publisher = {John Benjamins},
	series = {Studies in Language Companion Series},
	title = {Content, expression and structure: {{S}}tudies in {Danish} functional grammar},
	year = {1996},
}

@book{Plungjan2011,
	address = {Moscow},
	author = {Plungjan, Vladimir A.},
	publisher = {Izdatel’stvo RGGU},
	title = {Vvedenie v~grammatičeskuju semantiku: {{G}}rammatičeskie značenija i grammatičeskie sistemy v~jazykax mira},
	year = {2011}
}

@book{Plungjan2000,
	address = {Moscow},
	author = {Plungjan, Vladimir A.},
	publisher = {URSS},
	title = {Obščaja morfologija: {V}vedenie v~problematiku},
	year = {2000}
}

@book{Plank2016,
	address = {Konstanz},
	author = {Plank, Frans},
	publisher = {Universität Konstanz},
	title = {Suppletion and the unity of the lexeme: {G}erman \textup{sein} ‘to be’ and its second participle},
	url = {https://ling.sprachwiss.uni-konstanz.de/pages/home/plank/for_download/unpublished/27_FP_Suppletion_German_sein_02v16.pdf},
	year = {2016}
}

@book{PijnenburgEtAl2000,
	address = {Leiden},
	booktitle = {Vroegmiddelnederlands woordenboek},
	editor = {Pijnenburg, Wilhelmus and van Dalen-Oskam, Karina and Depuydt, Katrien and Schoonheim, Tanneke},
	url = {https://gtb.inl.nl},
	publisher = {INL},
	title = {Vroegmiddelnederlands woordenboek},
	year = {2000}
}

@book{Petersen2018,
	address = {København: Universitets-Jubilæets Danske Samfund \& Odense},
	author = {Petersen, Kathrine Thisted},
	publisher = {Syddansk Universitetsforlag},
	title = {Udviklingen af inkorporation fra gammeldansk til moderne dansk: {{F}}ra umarkerede kasusformer til markeret artikelløshed og enhedstryk},
	year = {2018}
}

@book{PerekArgumentstructureusagebased2015,
	address = {{Amsterdam, Philadelphia}},
	author = {Perek, Florent},
	number = {17},
	publisher = {{John Benjamins}},
	series = {Constructional {{Approaches}} to {{Language}}},
	shorttitle = {Argument Structure in Usage-Based Construction Grammar},
	title = {Argument Structure in Usage-Based Construction Grammar: {{{E}}}xperimental and Corpus-Based Perspectives},
	year = {2015}
}

@book{Panhuis2009,
	address = {Ann Arbor},
	author = {Panhuis, Dirk},
	publisher = {The University of Michigan Press},
	title = {{{Latin}} Grammar},
	year = {2009}
}

@book{Palmer1987,
	address = {London},
	author = {Palmer, F. R.},
	edition = {2},
	publisher = {Longman},
	title = {The {{English}} verb},
	year = {1987}
}

@misc{Oudnederlandswoordenboek2012,
	address = {Online edition},
	url = {https://gtb.inl.nl},
	title = {Oudnederlands woordenboek},
	year = {2012}
}

@book{Nørgård-Sørensen2011,
	address = {Amsterdam, Philadelphia},
	author = {Nørgård-Sørensen, Jens and Heltoft, Lars and Schøsler, Lene},
	number = {65},
	publisher = {John Benjamins},
	series = {Studies in {F}unctional and {S}tructural {L}inguistics},
	title = {Connecting grammaticalisation},
	year = {2011}
}

@incollection{Heltoft2011,
	address = {Amsterdam, Philadelphia},
	author = {Heltoft, Lars},
	title = {Word order change as grammaticalisation},
	editor = {Nørgård-Sørensen, Jens and Heltoft, Lars and Schøsler, Lene},
	number = {65},
	publisher = {John Benjamins},
	series = {Studies in {F}unctional and {S}tructural {L}inguistics},
	pages = {171-235},
	booktitle = {Connecting grammaticalisation},
	year = {2011}
}

@misc{NuytsEtAlinPrep,
	author = {Nuyts, Jan and Goelen, Henri-Joseph and Caers, Wim},
	title = {Hoe systematisch is de herautonomisering in de {Nederlandse} modale werkwoorden?},
	pubstate = {inpreparation}
}

@book{Norde2009,
	address = {Oxford},
	author = {Norde, Muriel},
	publisher = {Oxford University Press},
	title = {Degrammaticalization},
	year = {2009}
}

@book{Nielsen2016,
	address = {Leiden},
	author = {Juul Nielsen, Peter},
	number = {9},
	publisher = {Brill},
	series = {Empirical {A}pproaches to {L}inguistic {T}heory},
	title = {Functional structure in morphology and the case of nonfinite verbs},
	year = {2016}
}

@phdthesis{NeelsRefiningfrequencyeffectexplanations2020,
	address = {{Leipzig}},
	author = {Neels, Jakob},
	school = {{University of Leipzig}},
	title = {Refining Frequency-Effect Explanations of Grammaticalisation},
	year = {2020}
}

@book{MendeEtAl2011,
	address = {München},
	author = {Mende, Julia and Born-Rauchenecker, Eva and Brüggemann, Natalia and Dippong, Horst and Kukla, Julia and Lehmann, Volkmar},
	publisher = {Sagner},
	title = {Vid i akcional’nost’ russkogo glagola: {{O}}pyt slovarja},
	year = {2013}
}

@book{Meillet1922,
	address = {2ième édn., revue, corrigée et augmentée. Paris},
	author = {Meillet, Antoine},
	publisher = {Hachette},
	title = {Caractères généraux des langues germaniques},
	year = {1922}
}

@book{Matthews1972,
	address = {Cambridge},
	author = {Matthews, P. H.},
	number = {6},
	publisher = {Cambridge University Press},
	series = {Cambridge Studies in Linguistics},
	title = {Inflectional morphology: {A} theoretical study based on aspects of {{Latin}} verb conjugation},
	year = {1972}
}

@book{MaidenEtAl2011,
	address = {Oxford},
	title = {Morphological autonomy: {P}erspectives from {{R}}omance inflectional morphology},
	author = {Maiden, Martin and Smith, John Charles and Goldbach, Maria and Hinzelin, Marc-Olivier},
	publisher = {Oxford University Press},
	series = {Oxford Linguistics},
	year = {2011}
}

@book{Lyons1977,
	address = {Cambridge},
	author = {Lyons, John},
	publisher = {Cambridge University Press},
	title = {Semantics},
	year = {1977}
}

@book{LuísEtAl2016,
	address = {Oxford},
	booktitle = {The morphome debate},
	editor = {Luís, Ana and Bermúdez-Otero, Ricardo},
	publisher = {Oxford University Press},
	title = {The morphome debate},
	year = {2016}
}

@book{Loporcaro2018,
	address = {Oxford},
	author = {Loporcaro, Michele},
	publisher = {Oxford University Press},
	title = {Gender from {{Latin}} to {{Romance}}},
	year = {2018}
}

@book{Leino2003,
	address = {Helsinki},
	author = {Leino, Jaakko},
	publisher = {SKS},
	title = {Antaa sen muuttua: {{S}}uomen kielen permissiivirakenne ja sen kehitys},
	year = {2003}
}

@book{Leino1991,
	address = {Helsinki},
	author = {Leino, Pentti},
	publisher = {SKS},
	title = {Lauseet ja tilanteet: {{S}}uomen objektin ongelmia},
	year = {1991}
}

@book{LehmannThoughtsGrammaticalization2015,
	address = {{Berlin}},
	author = {Lehmann, Christian},
	edition = {3},
	number = {1},
	publisher = {{Language Science Press}},
	series = {Classics in {{Linguistics}}},
	title = {Thoughts on grammaticalization},
	year = {2015},
	ids = {Lehmann2015},
	doi = {10.17169/langsci.b88.98}
}

@book{Lehmann1995,
	address = {München},
	author = {Lehmann, Christian},
	publisher = {Lincom},
	title = {Thoughts on grammaticalization},
	year = {1995}
}

@book{Lehmann1993,
	address = {London, New York},
	author = {Lehmann, Winfred P.},
	publisher = {Routledge},
	title = {Theoretical Bases of {{Indo}}-{{European}} Linguistics},
	year = {1993}
}

@book{Lehmann1982,
	address = {Cologne},
	author = {Lehmann, Christian},
	publisher = {Arbeiten des Kölner Universalien-Projekts},
	title = {Thoughts on grammaticalization: {{A}} programmatic sketch},
	year = {1982}
}

@book{Langacker1987,
	address = {Stanford},
	author = {Langacker, Ronald W.},
	publisher = {Stanford University Press},
	title = {Foundations of Cognitive Grammar: {{T}}heoretical prerequisites. {{V}}ol. {{I}}},
	year = {1987}
}

@book{Kornfilt1997,
	address = {London},
	author = {Kornfilt, Jaklin},
	publisher = {Routledge},
	title = {Turkish},
	series = {Descriptive {G}rammars},
	year = {1997}
}

@book{Ketrez2012,
	address = {Cambridge},
	author = {Ketrez, F. Nihan},
	publisher = {Cambridge University Press},
	title = {A student grammar of {T}urkish},
	year = {2012}
}

@book{Kauppinen1998,
	address = {Tutkimus kielen omaksumisesta ja suomen konditionaalista. Helsinki},
	author = {Anneli Kauppinen},
	publisher = {SKS},
	title = {Puhekuviot, tilanteen ja rakenteen liitto},
	year = {1998}
}

@book{Katz1981,
	address = {Oxford},
	author = {Katz, Jerrold J.},
	publisher = {Blackwell},
	title = {Language and other abstract objects},
	year = {1981}
}

@book{Karlsson1999,
	address = {London},
	author = {Karlsson, Fred},
	publisher = {Routledge},
	title = {{{Finnish}}: {{A}}n essential grammar},
	year = {1999}
}

@book{Karker1993,
	address = {Copenhagen},
	author = {Karker, Allan},
	note = {Modersmål-Selskabets årbog 1993},
	publisher = {C.A. Reitzel},
	title = {Dansk i tusind år},
	year = {1993}
}

@book{Kabatek-Wall2013,
	address = {Amsterdam},
	booktitle = {New Perspectives on Bare Noun Phrases in {Romance} and Beyond},
	editor = {Kabatek, Johannes},
	number = {141},
	publisher = {John Benjamins},
	series = {Studies in Language Companion Series},
	title = {New Perspectives on Bare Noun Phrases in {Romance} and Beyond},
	year = {2013}
}

@book{Jørgensen2000,
	address = {Aarhus},
	author = {Jørgensen, Henrik},
	number = {73},
	publisher = {Aarhus University Press},
	series = {Acta Jutlandica {LXXV}: 2. Humanities Series},
	sortname = {Jorgensen, Henrik},
	title = {{{{S}tudien}} zur {M}orphologie und {S}yntax der festlandskandinavischen {{P}}ersonalpronomina mit besonderer {{{B}erücksichtigung}} des {D}änischen},
	year = {2000}
}

@book{Joos1963,
	address = {New York},
	booktitle = {Readings in linguistics: {{T}}he development of descriptive linguistics in {{America}} since 1925},
	edition = {3},
	editor = {Joos, Martin},
	publisher = {American Council of Learned Societies},
	title = {Readings in linguistics: {{T}}he development of descriptive linguistics in {{America}} since 1925},
	year = {1963}
}

@book{Jensen2011,
	address = {Odense},
	author = {Jensen, Eva Skafte},
	publisher = {Universitets-Jubilæets danske Samfund \& Syddansk Universitetsforlag},
	title = {Nominativ i gammelskånsk: {{A}}fvikling og udviklinger med udgangspunkt i Skånske Lov i {{Stockholm}} {{B}} 69},
	year = {2011}
}

@book{JandaEtAl2013,
	address = {Bloomington, IN},
	author = {Janda, Laura A. and Endresen, Anna and Kuznetsova, Julia and Lyashevskaya, Olga and Makarova, Anastasia and Nesset, Tore and Sokolova, Svetlana},
	publisher = {Slavica},
	title = {Why {{Russian}} aspectual prefixes aren’t empty: {{P}}refixes as verb classifiers},
	year = {2013}
}

@book{Jakobson1956b,
	address = {Cambridge, MA},
	author = {Jakobson, Roman},
	note = {Reprinted in his Selected writings, vol. 2. Word and language, 130–147. The Hague: Mouton, 1971},
	publisher = {Harvard University Press},
	title = {Shifters, verbal categories and the {{Russian}} verb},
	year = {1956}
}

@book{JackendoffAudring2020,
	address = {Oxford},
	author = {Jackendoff, Ray and Audring, Jenny},
	publisher = {Oxford University Press},
	title = {The texture of the lexicon: {R}elational Morphology and the Parallel Architecture},
	year = {2020}
}

@book{Itkonen2005,
	address = {Amsterdam},
	author = {Itkonen, Esa},
	publisher = {John Benjamins},
	series = {Approaches in {L}inguistic, {C}ognitive {P}sychology, and {P}hilosophy of {S}cience},
	title = {Analogy as structure and process},
	year = {2005}
}

@book{Issatschenko1962,
	address = {Halle (Saale)},
	author = {Isačenko, Aleksandr V.},
	publisher = {Niemeyer},
	title = {{D}ie russische {{{S}prache}} der {{{G}egenwart}}, {T}eil 1: {{F}}ormenlehre},
	year = {1962}
}

@book{HopperTraugott2003,
	address = {Cambridge},
	author = {Hopper, Paul J. and Traugott, Elizabeth C.},
	edition = {2},
	publisher = {Cambridge University Press},
	title = {Grammaticalization},
	year = {2003}
}

@book{Hjelmslev1935,
	address = {København},
	author = {Hjelmslev, Louis},
	number = {VII, IX},
	publisher = {Munksgaard},
	series = {Acta Jutlandica},
	title = {{La} catégorie des cas, 1–2: {É}tude de grammaire générale.},
	year = {1935}
}

@book{Himmelmann1992,
	address = {Cologne},
	author = {Himmelmann, Nikolaus P.},
	number = {16},
	publisher = {Universität zu Köln},
	series = {Arbeitspapiere des Instituts für Sprachwissenschaft der Universität zu Köln},
	title = {Grammaticalization and Grammar},
	year = {1992}
}

@book{Hilpert2014,
	address = {Edinburgh},
	author = {Hilpert, Martin},
	publisher = {Edinburgh University Press},
	title = {Construction Grammar and its Application to {English}},
	year = {2014}
}

@book{HelbigHelbig2001,
	address = {Berlin},
	author = {Helbig, Gerhard and Buscha, Joachim},
	publisher = {Langenscheidt},
	title = {{{{D}eutsche} {{{G}rammatik}}}: {E}in {{{H}andbuch}} für den {{{A}usländerunterricht}}},
	year = {2001}
}

@book{HeineKuteva2002,
	address = {Cambridge},
	author = {Heine, Bernd and Kuteva, Tania},
	publisher = {Cambridge University Press},
	title = {World Lexicon of Grammaticalization},
	year = {2002}
}

@book{Haugen1976,
	address = {London},
	author = {Haugen, Einar},
	publisher = {Faber and Faber},
	title = {The {{Scandinavian}} languages: {{A}}n introduction to their history},
	year = {1976}
}

@book{HaspelmathSims2010,
	address = {London, New York},
	author = {Haspelmath, Martin and Sims, Andrea D.},
	edition = {2},     
	publisher = {Routledge},
	title = {Understanding Morphology},
	year = {2010}
}

@incollection{Haspelmath2000,
	address = {Berlin, New York},
	author = {Haspelmath, Martin},
	booktitle = {Morphologie: {{{E}}}in internationales {Handbuch} zur Flexion und {Wortbildung}},
	editor = {Booij, Geert and Lehmann, Christian and Mugdan, Joachim},
	pages = {654--664},
	publisher = {de Gruyter},
	series = {Handbücher zur {S}prach- und {K}ommunikationswissenschaft},
	title = {Periphrasis},
	number = {17.1},
	year = {2000}
}

@book{HansenHeltoft2011,
	address = {Copenhagen, Odense},
	author = {Hansen, Erik and Heltoft, Lars},
	publisher = {Det Danske Sprog- og Litteraturselskab \& University of Southern Denmark Press},
	title = {{{Grammatik}} over det {D}anske {S}prog {{I-III}}},
	year = {2011}
}

@article{Hansen2021,
	title = {From case to topology: Changes in the {Late Middle Danish} case system and the reasons for them},
	author = {Hansen, Bjarne Simmelkjær Sandgaard},
	journal = {North-Western European Language Evolution},
	volume = {74},
	number = {2},
	pages = {280–310},
	doi = {10.1075/nowele.00059.han},
	year = {2021}
}

@article{Panov2020,
    author = {Panov, Vladimir},
    title = {The marking of uncontroversial information in {E}urope: {Presenting} the enimitive},
    journal = {Acta Linguistica Hafniensia},
    volume = {52},
    number = {1},
    pages = {1-44},
    year = {2020}
}

@book{Hansen1967,
	address = {Copenhagen},
	author = {Hansen, Aage},
	publisher = {Schulz},
	title = {Moderne Dansk 1-3},
	year = {1967}
}

@book{Hamp1966,
	address = {Utrecht},
	author = {Hamp, Eric P.},
	publisher = {Spectrum},
	title = {A glossary of {{American}} technical linguistic usage 1925–1950},
	year = {1966}
}

@book{Halmoy2016,
	address = {Berlin, Boston},
	author = {Halm{\o}y, Madeleine},
	number = {294},
	publisher = {De Gruyter Mouton},
	series = {Trends in Linguistics. Studies and Monographs},
	sortname = {Madeleine Halm{\o}y},
	title = {The {Norwegian} Nominal System -- {{A}} {Neo}-Saussurean Perspective},
	year = {2016}
}

@book{HallidayHalliday1964,
	address = {London},
	author = {Halliday, Michael A. K. and McIntosh, Angus and Strevens, Peter},
	publisher = {Longman},
	title = {The linguistic sciences and language teaching},
	year = {1964}
}

@book{Halliday1994,
	address = {London},
	author = {Halliday, Michael A. K.},
	edition = {2},
	publisher = {Arnold},
	title = {An Introduction to Functional Grammar},
	year = {1994}
}

@book{HakulinenEtAl2004,
	address = {Helsinki},
	author = {Hakulinen, Auli and Vilkuna, Maria and Korhonen, Riitta and Koivisto, Vesa and Heinonen, Tarja Riitta and Alho, Irja},
	publisher = {SKS},
	title = {Iso suomen kielioppi},
	year = {2004}
}

@book{Grevisse1961,
	address = {Gembloux, Paris},
	author = {Grevisse, Maurice},
	publisher = {Geuthner, Paul and Duclot, J.},
	title = {{{Le}} bon usage: {{G}}rammaire française},
	year = {1961}
}

@book{GoldbergConstructionsConstructionGrammar1995,
	address = {{Chicago, London}},
	author = {Goldberg, Adele E.},
	publisher = {{The University of Chicago Press}},
	title = {Constructions: {{A Construction Grammar}} Approach to argument Structure},
	year = {1995}
}

@book{Goldberg2006,
	address = {New York},
	author = {Goldberg, Adele E.},
	publisher = {University of Chicago Press},
	title = {Constructions at Work: {{T}}he Nature on Generalization in Language},
	year = {2006}
}

@book{Goldberg1995,
	address = {Chicago},
	author = {Goldberg, Adele E.},
	publisher = {University of Chicago Press},
	title = {Constructions: {{A}} Construction Grammar approach to argument structure},
	year = {1995}
}

@book{Givon1989,
	address = {{Hillsdale, NJ}},
	author = {Giv{\'o}n, Talmy},
	publisher = {{Erlbaum}},
	sortname = {Giv{o}n, Talmy},
	title = {Mind, Code and Context: {{Essays}} in Pragmatics},
	year = {1989}
}

@book{GenBook1995,
	address = {Chicago and London},
	booktitle = {The Generic Book},
	editor = {Carlson, Gregory N. and Pelletier, Francis Jeffry},
	publisher = {The University of Chicago Press},
	title = {The Generic {Book}},
	year = {1995}
}

@book{FillmoreKay1995,
	address = {Stanford},
	author = {Fillmore, Charles J. and Kay, Paul},
	note = {Unpublished manuscript},
	publisher = {CSLI},
	title = {Construction Grammar},
	year = {1995}
}

@book{FennellGelsen1980,
	address = {The Hague},
	author = {Fennell, Trevor G. and Gelsen, Henry},
	number = {304},
	publisher = {Mouton},
	series = {Slavic Printings and Reprintings},
	title = {A grammar of modern {{Latvian}}},
	year = {1980}
}

@book{FalkFalk1900,
	address = {Kristiania},
	author = {Falk, Hjalmar and Torp, Alf},
	publisher = {Aschehoug},
	title = {Dansk-norskens syntax i historisk fremstilling},
	year = {1900}
}

@book{FabregasScalise2012,
	address = {Edinburgh},
	author = {Fábregas, Antonio and Scalise, Sergio},
	publisher = {Edinburgh University Press},
	sortname = {Fábregas, Antonio and Scalise, Sergio},
	title = {Morphology (From Data to Theories)},
	year = {2012}
}

@book{Faarlund1997,
	address = {Oslo},
	author = {Faarlund, Jan Terje and Lie, Svein and Vannebo, Kjell Ivar},
	publisher = {Universitetsforlaget},
	title = {Norsk referansegrammatikk},
	year = {1997}
}

@book{Faarlund1990,
	address = {Berlin \& New York},
	author = {Faarlund, Jan Terje},
	number = {50},
	publisher = {Mouton de Gruyter},
	series = {Trends in Linguistics: {{S}}tudies and Monographs},
	title = {Syntactic change: {{T}}oward a theory of historical syntax},
	year = {1990}
}

@book{Engberg-Pedersen1996,
	address = {Amsterdam},
	author = {Engberg-Pedersen, Elisabeth and Fortescue, Michael and Harder, Peter and Heltoft, Lars and Falster Jakobsen, Lisbeth},
	booktitle = {Content, Expression and Structure},
	publisher = {John Benjamins},
	title = {Content, Expression and Structure: {{S}}tudies in {Danish} č Grammar},
	year = {1996}
}

@book{Embick2015,
	address = {Boston},
	author = {Embick, David},
	number = {31},
	publisher = {De Gruyter Mouton},
	series = {Interface Explorations},
	title = {The morpheme: {A} theoretical introduction},
	year = {2015}
}

@book{Duinhoven1997,
	address = {Groningen},
	author = {Duinhoven, A. M.},
	publisher = {Nijhoff},
	title = {Middelnederlandse syntaxis synchroon en diachroon},
	volume = {2},
	year = {1997}
}

@book{Dik1997,
	address = {Berlin},
	author = {Dik, Simon C.},
	booktitle = {The Theory of Functional Grammar, part {I}: {{T}}he Structure of the Clause},
	edition = {2},
	editor = {Hengeveld, Kees},
	publisher = {Mouton de Gruyter},
	title = {The Theory of Functional Grammar, part {I}: {{T}}he Structure of the Clause},
	year = {1997}
}

@book{DiesselGrammarNetworkHow2019,
	address = {{Cambridge}},
	author = {Diessel, Holger},
	publisher = {{Cambridge University Press}},
	title = {The Grammar Network: {{How}} Linguistic Structure Is Shaped by Language Use},
	year = {2019}
}

@book{Diessel2019,
	address = {Cambridge},
	author = {Diessel, Holger},
	publisher = {Cambridge University Press},
	title = {The Grammar Network: {{H}}ow Linguistic Structure Is Shaped by Language Use},
	year = {2019}
}

@book{DiepeveenDiepeveen2006,
	address = {Münster},
	author = {Diepeveen, Janneke and Boogaart, Ronny and Brantjes, Jenneke and Byloo, Pieter and Janssen, Theo and Nuyts, Jan},
	publisher = {Nodus},
	title = {Modale uitdrukkingen in {{Belgisch}}-{{{{{{Nederlands}}}}}} en {{{{{{Nederlands}}}}}}-{{{{{{Nederlands}}}}}}},
	year = {2006}
}

@book{Diderichsen1946,
	address = {Copenhagen},
	author = {Diderichsen, Paul},
	publisher = {Gyldendal},
	title = {Elementær dansk grammatik [{E}lementary {{Danish}} Grammar]},
	year = {1946}
}

@book{Diderichsen1941,
	address = {København},
	author = {Diderichsen, Paul},
	publisher = {Munksgaard},
	title = {Sætningsbygningen i Skaanske Lov fremstillet som Grundlag for en rationel dansk Syntaks},
    series = {Acta Philologica Scandinavica},
    number = {15(1)},
	year = {1941}
}

@book{Dickey2000,
	address = {Stanford, CA},
	author = {Dickey, Stephen M.},
	publisher = {CSLI Publ.},
	title = {Parameters of {Slavic} Aspect (A cognitive approach)},
	year = {2000}
}

@book{DeVriesTeWinkel1864,
	address = {'s-Gravenhage, Leiden},
	author = {De Vries, Matthias and Te Winkel, Lamert Allard},
	publisher = {Nijhoff/Sijthoff},
	title = {Woordenboek der Nederlandsche taal},
	url = {https://gtb.inl.nl},
	year = {1864--1998}
}

@book{Croft2001,
	address = {Oxford},
	author = {Croft, William},
	publisher = {Oxford University Press},
	series = {Syntactic Theory in Typological Perspective},
	title = {Radical Construction Grammar},
	year = {2001}
}

@book{Croft2000,
	address = {Harlow},
	author = {Croft, William},
	publisher = {Longman},
	title = {Explaining Language Change: {{A}}n Evolutionary Approach},
	year = {2000}
}

@misc{CorpusgesprokenNederlands2004,
	address = {Leiden},
	title = {Corpus gesproken Nederlands. {{Version}} 2.0},
	publisher = {TST-Centrale INL},
	year = {2004}
}

@book{Comrie1981,
	address = {Oxford},
	author = {Comrie, Bernard},
	publisher = {Blackwell},
	title = {Language Universals and Linguistic Typology},
	year = {1981}
}

@book{Christensen2007,
	address = {Roskilde},
	author = {Christensen, Tanya Karoli},
	publisher = {Department of Culture and Identitity. Roskilde University},
	title = {Hyperparadigmer: {{{E}}}n undersøgelse af paradigmatiske samspil i danske modussystemer. [{H}yperparadigms: {{A}}n investigation of paradigmatic interactions in {Danish} mood systems]},
	year = {2007}
}

@book{Chomsky1957,
	address = {The Hague},
	author = {Chomsky, Noam},
	publisher = {Mouton},
	title = {Syntactic Structures},
	year = {1957}
}

@book{BybeeLanguageUsageCognition2010,
	address = {{Cambridge}},
	author = {Bybee, Joan L.},
	publisher = {{Cambridge University Press}},
	title = {Language, usage and cognition},
	year = {2010}
}

@book{BybeeEtAl1994,
	address = {Chicago},
	author = {Bybee, Joan L. and Revere D. Perkins and William Pagliuca},
	publisher = {Chicago University Press},
	title = {The evolution of grammar: {{T}}ense, aspect, and modality in the languages of the world},
	year = {1994}
}

@book{Bybee2010,
	address = {Cambridge etc.},
	author = {Bybee, Joan L.},
	publisher = {Cambridge University Press},
	title = {Language, Usage, and Cognition},
	year = {2010}
}

@book{ButtEtAl2019,
	address = {London},
	author = {Butt, John and Carmen Benjamin and Antonia Moreira Rodríguez},
	publisher = {Routledge},
	sortname = {Butt, John and Carmen Benjamin and Antonia Moreira Rodriguez},
	title = {A new reference grammar of modern {{Spanish}}},
	series = {Routledge Reference Grammars},
	edition = {6},
	year = {2019}
}

@book{BrownBrown2012,
	address = {Cambridge},
	author = {Brown, Dunstan and Hippisley, Andrew},
	number = {133},
	publisher = {Cambridge University Press},
	series = {Cambridge Studies in Linguistics},
	title = {Network Morphology: {A} defaults based theory of word structure},
	year = {2012}
}

@book{Booij2010,
	address = {Oxford},
	author = {Booij, Geert},
	publisher = {Oxford University Press},
	title = {Construction {M}orphology},
	year = {2010}
}

@book{Boas2003,
	address = {Stanford},
	author = {Boas, Hans C.},
	publisher = {CSLI},
	title = {A Constructional Approach to Resultatives},
	year = {2003}
}

@book{Bloomfield1935,
	address = {London},
	author = {Bloomfield, Leonard},
	note = {Revised edition.},
	publisher = {Allen \& Unwin},
	title = {Language},
	year = {1935}
}

@book{Bloomfield1933,
	address = {New York},
	author = {Bloomfield, Leonard},
	publisher = {Henry Holt \& Co},
	title = {Language},
	year = {1933}
}

@book{Blevins2016,
	address = {Oxford},
	author = {Blevins, James P.},
	publisher = {Oxford University Press},
	title = {Word and Paradigm Morphology},
	year = {2016}
}

@book{Blake1994,
	address = {Cambridge},
	author = {Blake, Barry J.},
	publisher = {Cambridge University Press},
	title = {Case},
	year = {1994}
}

@book{Bjerrum1966,
	address = {København},
	author = {Bjerrum, Anders},
	publisher = {Københavns Universitets Fond til Tilvejebringelse af Læremidler},
	title = {{{Grammatik}} over Skånske Lov efter {{B}} 74},
	year = {1966}
}

@book{Behrens2000,
	address = {Cologne},
	author = {Behrens, Leila},
	publisher = {Institut für Sprachwissenschaft der Universität zu Köln},
	title = {Typological Parameters of Genericity},
	series = {Arbeitspapiere des Instituts für Sprachwissenschaft der Universität zu Köln},
	number = {37},
	year = {2000}
}

@book{Bauer2003,
	address = {Edinburgh},
	author = {Bauer, Laurie},
	edition = {2},
	publisher = {Edinburgh University Press},
	title = {Introducing linguistic morphology},
	year = {2003}
}

@book{BarberBarber2009,
	address = {Cambridge},
	author = {Barber, Charles and Joan C. Beal and Philip A. Shaw},
	edition = {2},
	publisher = {Cambridge University Press},
	series = {Cambridge Approaches to Linguistics},
	title = {The {E}nglish language: {A} historical introduction},
	year = {2009}
}

@book{BaermanBaerman2005,
	address = {Cambridge},
	author = {Baerman, Matthew and Dunstan Brown and Greville G. Corbett},
	number = {109},
	publisher = {Cambridge University Press},
	series = {Cambridge Studies in Linguistics},
	title = {The syntax-morphology interface: {A} study of syncretism},
	year = {2005}
}

@book{Aronoff1994,
	address = {Cambridge},
	author = {Aronoff, Mark},
	number = {22},
	publisher = {MIT Press},
	series = {Linguistic Inquiry Monographs},
	title = {Morphology by itself: {S}tems and inflectional classes},
	year = {1994}
}

@book{Anttila1989,
	address = {Amsterdam},
	author = {Anttila, Raimo},
	note = {First edition: {A}n introduction to historical and comparative linguistics. New York: Macmillan, 1972},
	publisher = {John Benjamins},
	title = {Historical and comparative linguistics},
	year = {1989}
}

@book{Anttila1972,
    address = {New York},
    author = {Anttila, Raimo},
    publisher = {Macmillan},
    year = {1972},
    title = {An introduction to historical and comparative linguistics}
}

@book{Anttila1977,
	address = {The Hague},
	author = {Anttila, Raimo},
	publisher = {Mouton},
	series = {Trends in Linguistics, State-of-the-Art Reports},
	number = {10},
	title = {Analogy},
	year = {1977}
}

@book{Anderson1992,
	address = {Cambridge},
	author = {Anderson, Stephen R.},
	number = {62},
	publisher = {Cambridge University Press},
	series = {Cambridge Studies in Linguistics},
	title = {A-Morphous Morphology},
	year = {1992}
}

@book{Amit1989,
	address = {{New York}},
	author = {Daniel J. Amit},
	publisher = {{Cambridge University Press}},
	title = {Modeling Brain Function: {{The}} World of Attractor Neural Networks},
	year = {1989}
}

@book{AlmasiAlmasi2014,
	address = {Lanham},
	author = {Almasi, Oswald and Fallon, Michael David and Wared, Nazish Pardhan},
	publisher = {University Press of America},
	title = {Sarufi ya Kiswahili cha Ngazi ya Kwanza na Kati {[Swahili grammar for introductory and intermediate levels]}},
	year = {2014}
}

@book{Allen1995,
	address = {Oxford},
	author = {Allen, Cynthia L.},
	publisher = {Oxford University Press},
	title = {Case Marking and Reanalysis},
	year = {1995}
}

@book{Morris2011,
	address = {Boston},
	author = {Morris, William},
	edition = {5},
	publisher = {Houghton Mifflin Harcourt},
	title = {The {American} heritage dictionary of the {English} language},
	year = {2011}
}

@book{Petruxina2000,
	address = {Moscow},
	author = {Petruxina, Elena V.},
	publisher = {Izd-vo MGU},
	title = {Aspektual’nye kategorii glagola v~russkom jazyke (v sopostavlenii s~češskim, slovackim, pol’skim i bolgarskim jazykami)},
	year = {2000}
}

@article{WiemerEtAlForthc,
	author = {Wiemer, Björn and Wrzesień-Kwiatkowska, Joanna and Wyroślak, Piotr},
	journal = {Russian Linguistics},
	sortname = {Wiemer, Bjorn, Joanna Wrzesien-Kwiatkowska and Piotr Wyroslak},
	title = {How morphologically related synonyms come to make up a paradigm},
	year = {2020},
	volume = {44},
	pages = {231--266},
	doi = {10.1007/s11185-020-09231-0}
}

@article{VanValin2007,
	author = {Van Valin, Robert D.},
	journal = {Journal of Linguistics},
	number = {1},
	pages = {234–240},
	title = {{{A}}dele {{E}.} {G}oldberg, {C}onstructions at work: {{T}}he nature of generalization in language.},
	volume = {43},
	year = {2007}
}

@article{Tuomikoski1971,
	author = {Tuomikoski, Risto},
	journal = {Virittäjä},
	pages = {146–152},
	title = {Persoona, tekijä ja henkilö},
	volume = {75},
	year = {1971}
}

@article{TrousdaleDegrammaticalizationConstructionalizationTwo2013,
	author = {Trousdale, Graeme and Norde, Muriel},
	journal = {Language Sciences},
	pages = {32--46},
	title = {Degrammaticalization and Constructionalization: {{Two}} Case Studies},
	volume = {36},
	year = {2013}
}

@article{Traugottconceptsconstructionalmismatch2007,
	author = {Traugott, Elizabeth C.},
	doi = {10.1515/COG.2007.027},
	journal = {Cognitive Linguistics},
	number = {4},
	pages = {523--557},
	title = {The Concepts of Constructional Mismatch and Type-Shifting from the Perspective of Grammaticalization},
	volume = {18},
	year = {2007}
}

@article{Traugott2007,
	author = {Traugott, Elizabeth C.},
	journal = {Cognitive Linguistics},
	number = {4},
	pages = {523–557},
	title = {The concepts of constructional mismatch and type-shifting from the perspective of grammaticalization},
	volume = {18},
	year = {2007}
}

@article{Tiefenbachchenundlein1987,
	author = {Tiefenbach, Heinrich},
	journal = {Zeitschrift für Dialektologie und Linguistik},
	number = {1},
	pages = {2--27},
	title = {\emph{-chen} und \emph{-lein}: {{Überlegungen}} zu {{{P}roblemen}} des sprachgeographischen {{{B}efundes}} und seiner sprachhistorischen {{{D}eutung}}},
	volume = {54},
	year = {1987}
}

@article{Tatevosov2002,
	author = {Tatevosov, Sergej G.},
	journal = {Linguistic Typology},
	pages = {317--401},
	title = {{{T}}he parameter of actionality},
	volume = {6-3},
	year = {2002}
}

@article{Spencer2019,
	author = {Spencer, Andrew},
	journal = {Word Structure},
	number = {2},
	pages = {208–259},
	title = {Manufacturing consent over {D}istributed {M}orphology},
	volume = {12},
	year = {2019}
}

@article{Spencer2001,
	author = {Spencer, Andrew},
	journal = {Transactions of the Philological Society},
	number = {2},
	pages = {279–313},
	title = {The paradigm-based model of morphosyntax},
	volume = {99},
	year = {2001}
}

@article{Sluinskij2006,
	author = {Šluinskij, Andrej B.},
	journal = {Voprosy jazykoznanija},
	pages = {46--75},
	title = {K~tipologii predikatnoj množestvennosti: {{O}}rganizacija semantičeskoj zony},
	volume = {1},
	year = {2006}
}

@article{Sigurðsson2012b,
	author = {Sigurðsson, Halldór Ármann},
	journal = {Nordic Journal of Linguistics},
	number = {3},
	pages = {313–342},
	sortname = {Sigurdsson, Halldor Armann},
	title = {Case variation: {{V}}iruses and star wars},
	volume = {35},
	year = {2012}
}

@article{Sigurðsson2012,
	author = {Sigurðsson, Halldór Ármann},
	journal = {Linguistic Inquiry},
	number = {2},
	pages = {191--227},
	sortname = {Sigurdsson, Halldor Armann},
	title = {Minimalist {{C}}/case},
	volume = {43},
	year = {2012}
}

@article{Shore1988,
	author = {Shore, Susanna},
	journal = {Word},
	number = {3},
	pages = {151–176},
	title = {On the so-called {{Finnish}} passive},
	volume = {39},
	year = {1988}
}

@article{Shao2019,
	author = {Shao, Bin and Cai, Yingying and Trousdale, Graeme},
	journal = {Journal of English Linguistics},
	number = {2},
	pages = {150--174},
	title = {A Multivariate Analysis of Diachronic Variation in a Bunch of {{{NOUN}}}: {{A}} Construction Grammar Account},
	volume = {47},
	year = {2019}
}

@article{Schneider1977,
	author = {Schneider, Walter and Shiffrin, Richard M.},
	journal = {Psychological Review},
	pages = {1--66},
	title = {Controlled and Automatic Human Information Processing {{I}}: {{Detection}}, Search, and Attention},
	volume = {84},
	year = {1977}
}

@article{SchmidMantlik2015,
	author = {Schmid, Hans-Jörg and Mantlik, Annette},
	journal = {Anglia},
	number = {4},
	pages = {583--623},
	sortname = {Schmid, Hans-J{o}rg and Mantlik, Annette},
	title = {Entrenchment in Historical Corpora? {{Reconstructing}} Dead Authors' Minds from Their Usage Profiles},
	volume = {133},
	year = {2015}
}

@article{Rothstein2013b,
	author = {Rothstein, Björn},
	journal = {Deutsch als {F}remdsprache},
	number = {4},
	pages = {215–221},
	sortname = {Rothstein, Bjorn},
	title = {{D}oppeltes {F}utur im {{{D}eutschen}}? {{{{E}}}}rgebnisse aus einem {K}urzfragebogen},
	volume = {50},
	year = {2013}
}

@article{Rothstein2013,
	author = {Rothstein, Björn},
	journal = {Sprachwissenschaft},
	number = {1},
	pages = {101–119},
	title = {{B}elege mit doppeltem {F}utur im {{{D}eutschen}}? {{{{E}}}}rgebnisse einer {I}nternetrecherche},
	volume = {38},
	year = {2013}
}

@article{Rothstein2012,
	author = {Rothstein, Björn},
	journal = {Bochumer Linguistische {A}rbeitsberichte},
	pages = {1–30},
	title = {{B}elege zum doppelten {F}utur im {{{D}eutschen}}},
	volume = {8},
	year = {2012}
}

@article{Rostila2011,
	author = {Rostila, Jouni},
	journal = {Zeitschrift für Germanistische {L}inguistik},
	number = {1},
	pages = {120–134},
	title = {{{{W}ege}} zur konstruktiven {{{K}ritik}} der {K}onstruktionsgrammatik},
	volume = {39},
	year = {2011}
}

@article{Rostila2006,
	author = {Rostila, Jouni},
	journal = {Constructions},
	pages = {Online},
	title = {Storage as a way to grammaticalization},
	number = {1},
	year = {2006}
}

@article{Roberge1985,
	author = {Roberge, Paul T.},
	journal = {Zeitschrift für {D}ialektologie und {L}inguistik},
	number = {2},
	pages = {188–217},
	title = {Grammatical prerequisites to phonological change?},
	volume = {52},
	year = {1985}
}

@article{Ringgaard1986,
	author = {Ringgaard, Kristian},
	journal = {Arkiv för Nordisk Filologi},
	pages = {173–183},
	title = {Flektionssystemets forenkling og middelnedertysk},
	volume = {101},
	year = {1986}
}

@article{Lehmann1985,
	author = {Lehmann, Christian},
	journal = {Lingua e Stile},
	pages = {303--318},
	title = {Grammaticalization: {{S}}ynchronic varation and diachronic change},
	volume = {3},
	year = {1985}
}

@article{KraghToAppear,
	author = {Kragh, Kirsten Jeppesen},
	journal = {Langue française},
	title = {Proposition d’une classification de marqueurs de discours comme membres de paradigme},
	year = {2021},
	volume = {209},
	pages = {119--140},
	doi = {10.3917/lf.209.0119}
}

@article{Waltereit2002,
	author = {Waltereit, Richard},
	journal = {Linguistics},
	number = {5},
	pages = {987--1010},
	title = {Imperatives, interruption in conversation, and the rise of discourse markers: {{A}} study of {Italian} guarda},
	volume = {40},
	year = {2002}
}

@article{Conti2010,
	author = {Conti, Virginie},
	journal = {Linx},
	pages = {63--87},
	title = {{La} construction en avoir {SN} qui {SV} (« j’ai ma copine qui habite à {Paris} »): {{{U}}}ne forme de dispositif clivé ?},
	volume = {62-63},
	year = {2010}
}

@article{Lambrecht2000,
	author = {Lambrecht, Knud},
	journal = {Langue française},
	number = {1},
	pages = {49--66},
	title = {Prédication seconde et structure informationnelle : {{L}}a relative de perception comme construction présentative},
	url = {http://www.persee.fr/web/revues/home/prescript/article/lfr_0023-8368_2000_num_127_1_998},
	volume = {127},
	year = {2000}
}

@article{Furukawa2000,
	author = {Furukawa, Naoyo},
	journal = {Langue française},
	number = {1},
	pages = {95--111},
	title = {Elle est là qui pleure : {{C}}onstruction à thème spatialement localisé},
	url = {http://www.persee.fr/web/revues/home/prescript/article/lfr_0023-8368_2000_num_127_1_1001},
	volume = {127},
	year = {2000},
}

@article{WillemsDecfrancq2000,
	author = {Willems, Dominique and Defrancq, Bart},
	journal = {Langue française},
	number = {1},
	pages = {6--20},
	title = {L'attribut de l'objet et les verbes de perception},
%	type = {Journal Article},
	url = {http://www.persee.fr/web/revues/home/prescript/article/lfr_0023-8368_2000_num_127_1_995},
	volume = {127},
	year = {2000}
}

@article{OppermannMarsaux2006,
	author = {Oppermann-Marsaux, Evelyne},
	journal = {Langue Française},
	pages = {77--91},
	title = {Les origines du présentatif voici/voilà et son évolution jusqu'à la fin du {XVI} siècle e Armand {ColinS}table {URL}:},
%	type = {Journal Article},
	url = {http://www.jstor.org/stable/41559204Accessed},
	volume = {149},
	year = {2006}
}

@article{Lambrecht2001,
	author = {Lambrecht, Knud},
	journal = {Linguistics},
	pages = {463--516},
	title = {A framework for the analysis of cleft constructions},
%	url = {http://web.ebscohost.com.ep.fjernadgang.kb.dk/ehost/pdfviewer/pdfviewer?sid=cd069f5c-c228-48b4-9e20-fb1c450b41ba%40sessionmgr114&vid=2&hid=124},
	volume = {39},
	year = {2001}
}

@article{KraghSchosler2015,
	author = {Kragh, Kirsten Jeppesen and Schøsler, Lene},
	journal = {Journal of French Language Studies},
	number = {2},
	pages = {265--293},
	sortname = {Kragh, Kirsten Jeppesen and Schosler, Lene},
	title = {Regrammation and paradigmatization: {{R}}eanalyses of the deictic relative construction with progressive function in {French}},
	volume = {25},
	year = {2015}
}

@misc{KraghToAppearb,
	author = {Kragh, Kirsten Jeppesen},
	journal = {Langages},
	title = {Voilà, membre du paradigme des marqueurs du discours},
	pubstate = {forthcoming}
}

@incollection{Waltereit2006,
	author = {Waltereit, Richard},
	address = {Frankfurt a.M.},
	publisher = {Lang},
    editor = {Drescher, Martina and Frank-Job, Barbara},
	title = {Comparer la polysémie des marqueurs discursifs: {{L}}es marqueurs discursifs dans les langues romanes},
    booktitle = {Les marquers discursifs dans les langues romanes: {A}pproches théoriques et méthodologiques},
	url = {https://www.researchgate.net/publication/255623844_Comparer_la_polysemie_des_marqueurs_discursifs},
	pages = {141-151},
	year = {2006}
}

@incollection{WiemerForthcoming,
    author = {Wiemer, Björn},
    title = {Two major apprehensional strategies in {S}lavic: a survey of their areal and grammatical distribution},
    editor = {Faller, Martina and Schultze-Bernd, Eva and Vuillermet, Marine},
    booktitle = {Apprehensional constructions (in a cross-linguistic perspective)},
    pubstate = {forthcoming},
    address = {Berlin},
    publisher = {Language Science Press}
}

@article{KraghSchosler2020,
	author = {Kragh, Kirsten Jeppesen and Schøsler, Lene},
	journal = {Langue française},
	title = {Analyse constructionnelle et paradigmatique illustrée par le verbe voir},
	year = {2021},
	volume = {209},
	pages = {83-100},
	doi = {10.3917/lf.209.0083}
}

@article{PominoPomino2019,
	author = {Pomino, Natascha and Remberger, Eva-Maria},
	journal = {Transactions of the Philological Society},
	number = {3},
	pages = {471–497},
	title = {Verbal suppletion in {{Romance}} synchrony and diachrony: {{T}}he perspective of {D}istributed {M}orphology},
	volume = {117},
	year = {2019}
}

@article{PijpopsConstructionalcontaminationmorphology2018,
	author = {Pijpops, Dirk and De Smet, Isabeau and {Van de Velde}, Freek},
	journal = {Constructions and Frames},
	number = {2},
	pages = {269--305},
	title = {Constructional Contamination in Morphology and Syntax: {{Four}} Case Studies},
	volume = {10},
	year = {2018}
}

@article{PijpopsConstructionalcontaminationHow2016,
	author = {Pijpops, Dirk and {Van de Velde}, Freek},
	doi = {10.1515/flin-2016-0020},
	journal = {Folia Linguistica},
	number = {2},
	pages = {543--581},
	shorttitle = {Constructional Contamination},
	title = {Constructional Contamination: {{How}} Does It Work and How Do we Measure It?},
	volume = {50},
	year = {2016}
}

@article{Parrott2012,
	author = {Parrott, Jeffrey Keith},
	journal = {Nordic Journal of Linguistics},
	number = {3},
	pages = {213–218},
	title = {Introduction: {{C}}ase variation and change in the {{Nordic}} languages},
	volume = {35},
	year = {2012}
}

@article{NuytsEtAl2018,
	author = {Nuyts, Jan and Goelen, Henri-Joseph and Caers, Wim},
	journal = {Taal \& Tongval},
	pages = {17--46},
	title = {\textit{Hoeven} diachroon},
	volume = {70},
	year = {2018}
}

@article{NuytsByloo2015,
	author = {Nuyts, Jan and Byloo, Pieter},
	journal = {Diachronica},
	pages = {34–68},
	title = {Competing modals},
	volume = {32},
	year = {2015}
}

@article{NuytsEtAl2010,
	author = {Nuyts, Jan and Byloo, Pieter and Diepeveen, Janneke},
	journal = {Journal of Pragmatics},
	pages = {16--34},
	title = {On deontic modality, directivity, and mood: {{T}}he case of {{Dutch}} \textit{mogen} and \textit{moeten}},
	volume = {42},
	year = {2010}
}

@article{Nuyts2013,
	author = {Nuyts, Jan},
	journal = {Language Sciences},
	pages = {124--133},
	title = {De-auxiliarization without de-modalization in the {{Dutch}} core modals},
	volume = {36},
	year = {2013}
}

@article{Nuyts2008,
	author = {Nuyts, Jan},
	journal = {Annual Review of Cognitive Linguistics},
	pages = {185--207},
	title = {Qualificational meanings, illocutionary signals, and the cognitive planning of language use},
	volume = {6},
	year = {2008}
}

@article{Nuyts2007,
	author = {Nuyts, Jan},
	journal = {Taal \& Tongval},
	pages = {118--148},
	title = {\textup{Kunnen} diachroon},
	volume = {59},
	year = {2007}
}

@article{Nielsen2010,
	author = {Nielsen, Peter Juul},
	journal = {NyS – Nydanske Sprogstudier},
	pages = {69–106},
	title = {Samstemmighed som syntagmedanner: {{O}}m begrebet kongruens},
	volume = {38},
	year = {2010}
}

@article{NevinsParrott2009,
	author = {Nevins, Andrew and Parrott, Jeffrey Keith},
	journal = {Lingua},
	pages = {1135–1159},
	title = {Variable rules meet Impoverishment theory: {{P}}atterns of agreement leveling in {{English}} varieties},
	volume = {120},
	year = {2009}
}

@article{MoorsDeHouwer2006,
	author = {Moors, Agnes and Houwer, Jan De},
	journal = {Psychological Bulletin},
	pages = {297--326},
	title = {Automaticity: {{A}} Theoretical and Conceptual Analysis},
	volume = {132},
	year = {2006}
}

@article{MichaelisLambrecht1996,
	author = {Michaelis, Laura and Lambrecht, Knud},
	journal = {Language},
	pages = {215--247},
	title = {Toward a construction-based theory of language function: {{T}}he case of nominal extraposition},
	volume = {72},
	year = {1996}
}

@article{Michaelis1996,
	author = {Michaelis, Laura and Lambrecht, Knud},
	journal = {Language},
	pages = {215-247},
	title = {Toward a construction-based theory of language function: {{T}}he case of nominal extraposition},
	volume = {72}, 
	year = {1996}
}

@article{Mel’čuk1994,
	author = {Mel'čuk, Igor A.},
	journal = {Studies in Language},
	number = {2},
	pages = {339–410},
	sortname = {Mel'cuk, Igor A.},
	title = {Suppletion: {{T}}oward a logical analysis of the concept},
	volume = {18},
	year = {1994}
}

@article{ManninenNelson2004,
	author = {Manninen, Satu and Nelson, Diane},
	journal = {Studia Linguistica},
	number = {3},
	pages = {212–251},
	title = {What is a Passive? {{T}}he Case of {{Finnish}}},
	volume = {58},
	year = {2004}
}

@article{Maiden2009,
	author = {Maiden, Martin},
	journal = {Recherches Linguistiques de Vincennes},
	pages = {45–82},
	title = {From pure phonology to pure morphology: {{T}}he reshaping of the {{Romance}} verb},
	volume = {38},
	year = {2009}
}

@article{Loganinstancetheoryautomatization1988,
	author = {Logan, Gordon D.},
	journal = {Psychological Review},
	pages = {492--527},
	title = {Towards an Instance Theory of Automatization},
	volume = {95},
	year = {1988}
}

@article{Liebesman2011,
	author = {Liebesman, David},
	journal = {No{\^u}s},
	number = {3},
	pages = {409--442},
	title = {Simple Generics},
	volume = {45},
	year = {2011}
}

@article{LeslieGelman2012,
	author = {Leslie, Sarah-Jane and Gelman, Susan A.},
	journal = {Cognitive Psychology},
	pages = {186--214},
	title = {Quantified statements are recalled as generics: {{{E}}}vidence from preschool children and adults},
	volume = {64},
	year = {2012}
}

@article{Leslie2007,
	author = {Leslie, Sarah-Jane},
	journal = {Philosophical Perspectives, Philosophy of Mind},
	pages = {375--403},
	title = {Generics and the Structure of the Mind},
	volume = {21},
	year = {2007}
}

@article{Leslie-etal2011,
	author = {Leslie, Sarah-Jane and Khemlani, Sangeet and Glucksberg, Sam},
	journal = {Journal of Memory and Language},
	pages = {15--31},
	title = {Do all ducks lay eggs? {{T}}he generic overgeneralization effect},
	volume = {65},
	year = {2011}
}

@article{Leiss1994,
	author = {Leiss, Elisabeth},
	journal = {Linguistische Berichte},
	pages = {281–300},
	title = {{G}enus und {S}exus: {{K}}ritische {A}nmerkungen zur {S}exualisierung von {{{G}rammatik}}},
	volume = {152},
	year = {1994}
}

@article{Lehmann2004a,
	author = {Lehmann, Christian},
	journal = {Zeitschrift für Germanistische Linguistik},
	number = {2},
	pages = {152--187},
	title = {Theory and Method in Grammaticalization},
	volume = {32},
	year = {2004}
}

@article{Lehmann1998,
	author = {Lehmann, Volkmar},
	journal = {Welt der Slaven},
	pages = {295--306},
	title = {{E}ine {{K}ritik} der progressiven {{F}unktion} als {K}riterium aspektueller {V}erbkategorisierung},
	volume = {43},
	year = {1998}
}

@article{Lehmann1989,
	author = {Lehmann, Winfred P.},
	journal = {General Linguistics},
	pages = {228--46},
	title = {Problems in {Proto}-{{{Indo}}}-{{{European}}} grammar: {{R}}esidues from {Pre}-{Proto}-{{{Indo}}}-{{{European}}} active structure.},
	volume = {29},
	year = {1989}
}

@article{Lehmann1988,
	author = {Lehmann, Volkmar},
	journal = {Zeitschrift für slavische Philologie},
	number = {48},
	pages = {170--181},
	title = {{D}er {A}spekt und die lexikalische {{B}edeutung} des {V}erbs},
	volume = {1},
	year = {1988}
}

@article{Jensen2018,
	author = {Jensen, Eva Skafte},
	journal = {Acta Linguistica Hafniensia},
	number = {1},
	pages = {52--72},
	title = {{“It} is me” -- {The} replacement  of the nominative by the oblique form in {{Danish}} subject complements},
	volume = {50},
	year = {2018}
}

@article{Jensen2017,
	author = {Jensen, Eva Skafte},
	journal = {Danske Studier},
	pages = {5--24},
	title = {\textup{Det er mig.} {{En}} forskningshistorisk redegørelse for kasusvalget i ældre danske prædikativer},
	volume = {2017},
	year = {2017}
}

@article{Jensen2012,
	author = {Jensen, Eva Skafte},
	journal = {Nordic Journal of Linguistics},
	pages = {145–168},
	title = {Markedness, participation and grammatical paradigms: {{J}}akobson and {Hjelmslev} revisited},
	volume = {35},
	year = {2012}
}

@article{Janda2007,
	author = {Janda, Laura A.},
	journal = {Studies in Language},
	pages = {607--648},
	title = {Aspectual clusters of {{Russian}} verbs},
	volume = {31-3},
	year = {2007}
}

@article{Jackendoff2011,
	author = {Jackendoff, Ray},
	journal = {Language},
	pages = {586–624},
	title = {What is the human language faculty? {{T}}wo views},
	volume = {87},
	number = {3},
	year = {2011}
}

@article{Igartua2015,
	author = {Igartua, Iván},
	journal = {Language},
	pages = {676–722},
	sortname = {Ivan Igartua},
	title = {From cumulative to separative exponence in inflection: {{R}}eversing the morphological cycle},
	volume = {91},
	year = {2015}
}

@article{Hodge1970,
	author = {Hodge, Carleton T},
	journal = {Language sciences},
	pages = {1–31},
	title = {The Linguistic cycle},
	volume = {13},
	year = {1970}
}

@article{Hockett1954,
	author = {Hockett, Charles F.},
	journal = {Word},
	note = {Reprinted in Joos (1963: 386–399)},
	pages = {210–231},
	title = {Two models of grammatical description},
	volume = {10},
	year = {1954}
}

@article{Hjelmslev1970,
	author = {Hjelmslev, Louis},
	journal = {Notes sur les oppositions supprimables. Travaux du Cercle linguistique de Copenhague},
	note = {Reprinted in his Essais linguistiques (Travaux du Cercle linguistique de Copenhague 12), 82–88. 2nd edn. Copenhague: Nordisk Sprog- og Kulturforlag},
	pages = {51–57},
	title = {[1939]},
	volume = {8},
	year = {1970}
}

@article{Herce2020b,
	author = {Herce, Borja},
	journal = {Word Structure},
	number = {1},
	pages = {45–68},
	title = {On morphemes and morphomes: {{{{E}}}}xploring the distinction},
	volume = {13},
	year = {2020}
}

@article{Herce2019,
	author = {Herce, Borja},
	journal = {Morphology},
	number = {1},
	pages = {109–132},
	title = {Morphome interactions},
	volume = {29},
	year = {2019}
}

@article{Heltoft2017,
	author = {Heltoft, Lars},
	journal = {Acta Linguistica Hafniensia},
	number = {2},
	pages = {255--285},
	title = {The regrammation of paradigms: {T}he development of auxiliaries in {D}anish},
	volume = {49},
	year = {2017}
}

@article{Heltoft2012,
	author = {Heltoft, Lars},
	journal = {Acta Linguistica Hafniensia},
	doi = {10.1080/0374.797649},
	number = {2},
	pages = {169–191},
	title = {Zero expression of arguments in Old {{Danish}}},
	volume = {44},
	year = {2012}
}

@article{Heltoft2010,
	author = {Heltoft, Lars},
	journal = {Acta Linguistica Hafniensia},
	doi = {10.1080/0374.486912},
	number = {1},
	pages = {11–25},
	title = {Paradigmatic structure and reanalysis: {{F}}rom {{NP}}s to {{DP}}s in {{Scandinavian}}},
	volume = {42},
	year = {2010}
}

@article{Heltoft1992,
	author = {Heltoft, Lars},
	journal = {Copenhagen Studies in Language},
	pages = {13--64},
	title = {The Topology of Verb Second and {SVO} Languages: {{A}} Study in the Sign Functions of Word Order},
	volume = {15},
	year = {1992}
}

@article{HathoutNamer2019,
	author = {Hathout, Nabil and Namer, Fiammetta},
	journal = {Morphology},
	number = {2},
	pages = {153–165},
	title = {Paradigms in word formation: {W}hat are we up to?},
	volume = {29},
	year = {2019}
}

@article{HaspelmathWhygrammaticalizationirreversible1999,
	author = {Haspelmath, Martin},
	doi = {10.1515/ling.37.6.1043},
	journal = {Linguistics},
	number = {6},
	pages = {1043--1068},
	title = {Why Is Grammaticalization Irreversible?},
	volume = {37},
	year = {1999}
}

@article{Haspelmath2011,
	author = {Haspelmath, Martin},
	journal = {Folia Linguistica},
	number = {1},
	pages = {31–80},
	title = {The indeterminacy of word segmentation and the nature of morphology and syntax},
	volume = {45},
	year = {2011}
}

@article{Haspelmath2004b,
	author = {Haspelmath, Martin},
	journal = {Studies in Language},
	number = {3},
	pages = {554–579},
	title = {Does linguistic explanation presuppose linguistic description?},
	volume = {28},
	year = {2004}
}

@article{HarleyHarley1999,
	author = {Harley, Heidi and Noyer, Rolf},
	journal = {Glot International},
	number = {4},
	pages = {3–9},
	title = {Distributed {M}orphology},
	volume = {4},
	year = {1999}
}

@article{Gorbova2015,
	author = {Gorbova, Elena V.},
	journal = {Voprosy jazykoznanija},
	pages = {7--38},
	title = {Vidoobrazovanie russkogo glagola: {{P}}refiksacija i/ili suffiksacija?},
	volume = {1},
	year = {2015}
}

@article{GelmanBloom2007,
	author = {Gelman, Susan A. and Bloom, Paul},
	journal = {Cognition},
	pages = {166--183},
	title = {Developmental changes in understanding of generics},
	volume = {105},
	year = {2007}
}

@article{Gelman-Tardif1998,
	author = {Gelman, Susan A. and Tardif, Twila},
	journal = {Cognition},
	pages = {215--248},
	title = {A cross-linguistic comparison of generic noun phrases in {English} and {Mandarin}},
	volume = {66},
	year = {1998}
}

@article{EyþórssonBarðdal2005,
	author = {Eyþórsson, Þórhallur and Barðdal, Jóhanna},
	journal = {Language},
	pages = {824--881},
	title = {Oblique subjects: {{A}} common {Germanic} inheritance},
	volume = {81},
	year = {2005}
}

@article{ErnestusErnestus2007,
	author = {Ernestus, Mirjam and Baayen, Harald},
	journal = {Language and Cognitive Processes},
	number = {1},
	pages = {1–24},
	title = {Paradigmatic effects in auditory word recognition: {{T}}he case of alternating voice in {{Dutch}}},
	volume = {22},
	year = {2007}
}

@article{Enger2013,
	author = {Enger, Hans-Olav},
	journal = {Diachronica},
	pages = {1–26},
	title = {Inflectional change, “sound laws”, and the autonomy of morphology},
	volume = {30},
	year = {2013}
}

@article{Dyvik1979,
	author = {Dyvik, Helge},
	journal = {Maal og Minne},
	pages = {40--78},
	title = {Omkring fremveksten av artiklene i norsk: {{S}}pråklig markering av referensielle forutsetninger},
	volume = {1-2},
	year = {1979}
}

@article{Dressler1985,
	author = {Dressler, Wolfgang U.},
	journal = {Journal of Linguistics},
	number = {2},
	pages = {321–337},
	title = {On the predictiveness of {N}atural {M}orphology},
	volume = {21},
	year = {1985}
}

@article{DiewaldSmirnova2010,
	author = {Diewald, Gabriele and Smirnova, Elena},
	title = {Introduction: {Paradigmaticity} and obligatoriness of grammatical categories},
	number = {42},
	pages = {1-10},
	series = {Acta Linguistica Hafniensia},
	year = {2010},
	doi = {10.1080/03740463.2010.486911}
}

@article{Diewald2015,
	author = {Diewald, Gabriele},
	journal = {Constructions and Frames},
	pages = {218--257},
	title = {Modal particles in different communicative types},
	volume = {7},
	year = {2015}
}

@article{Diewald2009,
	author = {Diewald, Gabriele},
	journal = {Zeitschrift für germanistische Linguistik},
	number = {3},
	pages = {445–468},
	title = {{K}onstruktionen und {P}aradigmen},
	volume = {37},
	year = {2009}
}

@article{DeSmetchangingfunctionscompeting2018,
	author = {De Smet, Hendrik and D'hoedt, Frauke and Fonteyn, Lauren and Van Goethem, Kristel},
	journal = {Cognitive Linguistics},
	number = {2},
	pages = {197--234},
	sortname = {De Smet, Hendrik and D'hoedt, Frauke and Fonteyn, Lauren and Van Goethem, Kristel},
	title = {The Changing Functions of Competing Forms: {{Attraction}} and Differentiation},
	volume = {29},
	year = {2018}
}

@article{DeClercknounintensifiermassa2013,
	author = {De Clerck, Bernard and Colleman, Timothy},
	journal = {Language Sciences},
	pages = {147--160},
	title = {From Noun to Intensifier: \emph{{M}assa} and \emph{Massa's} in {{{Flemish}}} Varieties of {{{Dutch}}}},
	volume = {36},
	year = {2013}
}

@article{DeClerckSizenounsmatter2016,
	author = {De Clerck, Bernard and Brems, Lieselotte},
	doi = {10.1016/j.langsci.2015.05.007},
	journal = {Language Sciences},
	pages = {160--176},
	title = {Size Nouns Matter: {{A}} Closer Look at \emph{Mass(Es)} of and Extended Uses of {{{SN}s}}},
	volume = {53},
	year = {2016}
}

@article{Dabrowska2008,
	author = {Dąbrowska, Ewa},
	journal = {Journal of Memory and Language},
	pages = {931-951},
	title = {The Effects of Frequency and Neighbourhood Density on Adult Speakers' Productivity with {{{Polish}}} Case Inflections: {{An}} Empirical Test of Usage-Based Approaches to Morphology},
    volume = {58},
	year = {2008}
}

@article{Collins2018,
	author = {Collins, John},
	journal = {Mind and Language},
	pages = {34--64},
	title = {{Gen}ericity sans Gen},
	volume = {33},
	year = {2018}
}

@article{Chierchia1998,
	author = {Chierchia, Gunnaro},
	journal = {Natural Language Semantics},
	pages = {339--405},
	title = {Reference to kinds across languages},
	volume = {6},
	year = {1998}
}

@article{Carlson1982,
	author = {Carlson, Gregory N.},
	journal = {Journal of Philosophical Logic},
	pages = {145--181},
	title = {Generic terms and generic sentences},
	volume = {11},
	year = {1982}
}

@article{Carlson1977,
	author = {Carlson, Gregory N.},
	journal = {Linguistics and Philosophy},
	pages = {413--457},
	title = {A Unified Analysis of the {English} Bare Plural},
	volume = {1},
	year = {1977}
}

@article{BylooNuyts2014,
	author = {Byloo, Pieter and Nuyts, Jan},
	journal = {Acta Linguistica Hafniensia},
	pages = {85--116},
	title = {Meaning change in the {{Dutch}} core modals},
	volume = {46},
	year = {2014}
}

@article{Breu1984,
	author = {Breu, Walter},
	journal = {Die Welt der Slaven},
	pages = {123--148},
	title = {{{Z}}ur {{{R}olle}} der {L}exik in der {A}spektologie},
	volume = {29},
	year = {1984}
}

@article{BremsGrammaticalizationSmallSize2007,
	author = {Brems, Lieselotte},
	doi = {10.1177/0075424207307597},
	journal = {Journal of English Linguistics},
	month = dec,   volume = {35},
	pages = {293--324},
	shorttitle = {The Grammaticalization of Small Size Nouns},
	title = {The Grammaticalization of Small Size Nouns: {{Reconsidering}} Frequency and Analogy},
	volume = {4},
	year = {2007}
}

@article{BratticoEtAl2007,
	author = {Brattico, Pauli and Leinonen, Alina and Krause, Christina M.},
	journal = {SKY Journal of Linguistics},
	pages = {109–139},
	title = {On the limits of productive word formation: {{{E}}}xperimental data from {{Finnish}}},
	volume = {20},
	year = {2007}
}

@article{Bobaljik2017,
	author = {Bobaljik, Jonathan D.},
	journal = {Oxford Research Encyclopedia, Linguistics},
	pages = {Online},
	title = {Distributed {{M}}orphology},
	doi = {10.1093/acrefore/9780199384655.013.131},
	year = {2017}
}

@article{Bloch1947,
	author = {Bloch, Bernard},
	journal = {Language},
	note = {Reprinted in Joos (1963: 243–254)},
	pages = {414–441},
	title = {{English} verb inflection},
	volume = {24},
	year = {1947}
}

@article{Bisang2014,
	author = {Bisang, Walter},
	journal = {Poznan Studies in Contemporary Linguistics},
	number = {2},
	pages = {127–143},
	title = {Overt and hidden complexity: {Two} types of complexity and their implications},
	volume = {50},
	year = {2014}
}

@article{Behrens2005,
	author = {Behrens, Leila},
	journal = {Linguistics},
	number = {2},
	pages = {275--344},
	title = {Genericity from a cross-linguistic perspective},
	volume = {43},
	year = {2005}
}

@article{BarðdalEyþórssson2003,
	author = {Barðdal, Jóhanna and Eyþórsson, Þórhallur},
	journal = {Journal of Linguistics},
	pages = {439–472},
	sortname = {Barddal, Johanna and Eythorsson, Thorhallur},
	title = {The change that never happened: {{T}}he story of oblique subjects},
	volume = {39},
	year = {2003}
}

@article{BarnerBarner2002,
	author = {Barner, David and Bale, Alan},
	journal = {Lingua},
	number = {10},
	pages = {771–791},
	title = {{{No}} nouns, no verbs: {{P}}sycholinguistic arguments in favour of lexical underspecification},
	volume = {112},
	year = {2002}
}

@article{BaechlerBaechler2018,
	author = {Baechler, Raffaela and Pröll, Simon},
	journal = {Glossa: A Journal of General Linguistics 3(1)},
	doi = {10.5334/gjgl.680},
	pages = {1–35},
	sortname = {Baechler, Raffaela and Pröll, Simon},
	title = {Loss and preservation of case in {{Germanic}} non-standard varieties},
	volume = {113},
	year = {2018}
}

@article{Bacanlı2011,
	author = {Bacanlı, Eyüp},
	journal = {Folia Linguistica Historica},
	pages = {1–42},
	sortname = {Bacanli, Eyup},
	title = {Inflectional suppletion in {{Turkic}} languages},
	volume = {32},
	year = {2011}
}

@article{AudringMotherssistersencoding2019,
	author = {Audring, Jenny},
	doi = {10.3366/word.2019.0150},
	journal = {Word Structure},
	number = {3},
	pages = {274--296},
	title = {Mothers or Sisters? {{The}} Encoding of Morphological Knowledge},
	volume = {12},
	year = {2019}
}

@article{Andersen2006b,
	author = {Andersen, Henning},
	journal = {Diachronica},
	number = {2},
	pages = {231–258},
	title = {Grammation, regrammation, and degrammation: {{T}}ense loss in {{Russian}}},
	volume = {23},
	year = {2006}
}

@article{AckermanAckerman2013,
	author = {Ackerman, Farrell and Malouf, Robert},
	journal = {Language},
	number = {3},
	pages = {429–474},
	title = {Morphological organization: {{T}}he low conditional entropy conjecture},
	volume = {89},
	year = {2013}
}

@article{Aaron2016,
	author = {Aaron, Jessi Elana},
	journal = {Studies in Language},
	number = {1},
	pages = {26--62},
	title = {The road already traveled: {{Constructional}} analogy in lexico-syntactic change},
	volume = {40},
	year = {2016}
}

@book{Circov1900,
	address = {The Hague},
	author = {Ćircov, Boban},
	publisher = {Mouton},
	sortname = {Circov, Boban},
	title = {Test book},
	year = {1957}
}


@incollection{Bolly2010,
    address = {Paris},
    author = {Bolly, Catherine},
    title = {Pragmaticalisation du marqueur discursif \emph{tu vois}: {D}e la perception à l'évidence et de l'évidence au discours},
    editor = {Neveu, F. and Muni Toke, V. and Durand, J. and Klingler, T. and Mondada, K. and Prévist, S.},
    booktitle = {Proceedings of the Congrès Mondial de Linguistique Française ({CMLF} 2010, {New Orleans}, {United States})},
    doi = {10.1051/cmlf/2010243},
    publisher = {Institut de Linguistique Française},
    pages = {673-693},
    year = {2010}
}
