@book{langsci-current-book, author = {Simon Wehrle}, title = {{Conversation \strut {}\newlineCover and intonation \strut {}\newlineCover in autism}}, subtitle = {{A multi-dimensional analysis}},year = {2023}, series = {Studies in Laboratory Phonology}, number = {14}, location = {Berlin}, publisher = {Language Science Press}, options = {dataonly=true} } 
