@inproceedings{adellModellingFilledPauses2010,
  title = {Modelling Filled Pauses Prosody to Synthesise Disfluent Speech},
  booktitle = {Speech {{Prosody}} 2010-{{Fifth International Conference}}},
  author = {Adell, Jordi and Bonafonte, Antonio and {Escudero-Mancebo}, David},
  year = {2010},
}

@phdthesis{urbaniPitchRangeItalians2013,
	author = {Urbani, Martina},
	title = {The Pitch Range of {{Italians}} and {{Americans}}. {A} Comparative Study},
	year = {2013},
}

@phdthesis{prechtelCrossLinguisticComparisonLexical2023,
	author = {Prechtel, Christine},
	school = {University of California, Los Angeles},
	title = {A Cross-Linguistic Comparison of Lexical Stress Strength and Macro-Rhythm Strength},
	year = {2023}
}

@phdthesis{pattersonLinguisticApproachPitch2000,
	author = {Patterson, David John},
	school = {University of Edinburgh},
	title = {A Linguistic Approach to Pitch Range Modelling},
	year = {2000}
}

@phdthesis{krugerProsodicDecodingEncoding2018,
	author = {Kr{ü}ger, Martina},
	school = {University of Cologne},
	title = {Prosodic Decoding and Encoding of Referential Givenness in Adults with Autism Spectrum Disorders},
	year = {2018}
}

@phdthesis{janzTurnTransitionsSpectrumConversational2019,
	address = {{Cologne, Germany}},
	author = {Janz, Alicia},
	school = {University of Cologne},
	title = {Turn-Transitions on the Spectrum: {{The}} Conversational Effect of Unexpectedness},
	type = {{{BA}} Thesis},
	year = {2019}
}

@misc{wehrleBriefTutorialUsing2022,
	author = {Wehrle, Simon},
	howpublished = {Retrievable online at https://osf.io/5e7fd},
	month = {6},
	publisher = {{OSF}},
	title = {A Brief Tutorial for Using {{Wiggliness}} and {{Spaciousness}} to Measure Intonation Styles},
	urldate = {2022-12-14},
	year = {2022}
}

@misc{rstudioteamRStudioIntegratedDevelopment2021,
	address = {{Boston, MA}},
	author = {{RStudio Team}},
	howpublished = {RStudio, PBC},
	title = {{{{RS}tudio}}: {{Integrated Development Environment}} for {{R}}},
	year = {2021}
}

@misc{rcoreteamLanguageEnvironmentStatistical2022,
	address = {{Vienna, Austria}},
	author = {{R Core Team}},
	howpublished = {R Foundation for Statistical Computing},
	title = {R: {{A}} Language and Environment for Statistical Computing},
	year = {2022}
}

@misc{gabryBayesplot2022,
	author = {Gabry, Jonah and Mahr, Tristan},
	title = {Bayesplot: {{Plotting}} for {{{Bayesian}}} Models},
	year = {2022}
}

@misc{cangemiMausmooth2015a,
	author = {Cangemi, Francesco},
	howpublished = {Retrievable online at http://phonetik.phil-fak. uni-koeln.de/fcangemi.html},
	title = {{Mausmooth}},
	year = {2015}
}

@misc{boersmaPRAATDoingPhonetics2021,
	author = {{Boersma} and {Weenink}},
	howpublished = {http://www.praat.org/},
	title = {{{{PRAAT}}}: {{Doing}} Phonetics by Computer ({{{Version}}} 6.1.40)},
	urldate = {2021-07-30},
	year = {2021}
}

@mastersthesis{janzNavigatingCommonGround2022,
	address = {{Cologne, Germany}},
	author = {Janz, Alicia},
	school = {University of Cologne},
	title = {Navigating Common Ground Using Feedback in Conversation- {A} Phonetic Analysis},
	year = {2022}
}

@manual{wilke2021ggridges,
	author = {Wilke, Claus O.},
	title = {Ggridges: {{Ridgeline Plots}} in 'Ggplot2'},
	type = {Manual},
	year = {2022}
}

@manual{wilke2019cowplot,
	author = {Wilke, Claus O.},
	title = {Cowplot: {{Streamlined}} Plot Theme and Plot Annotations for 'Ggplot2'},
	type = {Manual},
	year = {2020}
}

@manual{torchiano2020effsize,
	author = {Torchiano, Marco},
	doi = {10.5281/zenodo.1480624},
	title = {Effsize: {{Efficient}} Effect Size Computation},
	type = {Manual},
	year = {2020}
}

@manual{schmidtWortschatztestWSTBeltz1992,
	address = {Weinheim, Germany},
	author = {Schmidt, Karl-Heinz and Metzler, Peter},
	publisher = {{Beltz}},
	title = {Wortschatztest ({{{WST}}}).},
	year = {1992}
}

@manual{kay2023tidy,
	author = {Kay, Matthew},
	doi = {10.5281/zenodo.1308151},
	title = {{{tidybayes}}: {{Tidy}} data and geoms for {{{Bayesian}}} models},
	type = {Manual},
	year = {2023}
}

@manual{garnier2023viridis,
	author = {{Garnier} and {Simon} and {Ross} and {Noam} and {Rudis} and {Robert} and {Camargo} and Pedro, Antônio and {Sciaini} and {Marco} and {Scherer} and {Cédric}},
	doi = {10.5281/zenodo.4679424},
	title = {Viridis({{Lite}}) - colorblind-friendly color maps for {{R}}},
	type = {Manual},
	year = {2023}
}

@manual{aust2020papaja,
	author = {Aust, Frederik and Barth, Marius},
	title = {{{papaja}}: {{Prepare}} Reproducible {{{APA}}} Journal Articles with {{R Markdown}}},
	type = {Manual},
	year = {2022}
}

@manual{allaire2020rmarkdown,
	author = {Allaire, JJ and Xie, Yihui and Dervieux, Christophe and McPherson, Jonathan and Luraschi, Javier and Ushey, Kevin and Atkins, Aron and Wickham, Hadley and Cheng, Joe and Chang, Winston and Iannone, Richard},
	title = {Rmarkdown: {{Dynamic}} Documents for {{R}}},
	type = {Manual},
	year = {2023}
}

@inproceedings{yoshimuraTurntakingChildrenAutism2020,
	address = {{Los Angeles}},
	author = {Yoshimura, Yuko and Kawahara, Koji and Kikuchi, Mitsuru},
	booktitle = {{Japanese}/{{{Korean} Linguistics Volume}} 26},
	pages = {3--11},
	publisher = {{UCLA}},
	shorttitle = {Turn-Taking in {{Children}} with {{Autism Spectrum Disorder}}},
	title = {Turn-Taking in Children with {{Autism Spectrum Disorder}}: {{Discussion}} Regarding Ne and Backchannel Interjections},
	year = {2020}
}

@inproceedings{yngveGettingWordEdgewise1970,
	author = {Yngve, Victor H.},
	booktitle = {{Chicago} {{Linguistics Society}}, 6th {{Meeting}}, 1970},
	pages = {567--578},
	title = {On Getting a Word in Edgewise},
	year = {1970}
}

@inproceedings{wesselingEarlyPreparationExperimentally2005,
	author = {Wesseling, Wieneke and van Son, Rob J. J.H.},
	booktitle = {{6th {{{SIG}dial Workshop}} on {{Discourse}} and {{Dialogue}}}},
	title = {Early Preparation of Experimentally Elicited Minimal Responses},
	year = {2005},
}

@inproceedings{weilhammerDurationalAspectsTurn2003,
	address = {Barcelona, Spain},
	author = {Weilhammer, Karl and Rabold, Susen},
	booktitle = {{Proceedings of the 15th {{International Conference}} of {{Phonetic Sciences}}}},
	title = {Durational Aspects in Turn Taking},
	year = {2003}
}

@inproceedings{wehrleFunctionProsodicForm2019,
	address = {{Seoul, South Korea}},
	author = {Wehrle, Simon and Grice, Martine},
	booktitle = {{Hanyang {{International Symposium}} on {{Phonetics}} and {{Cognitive Sciences}} of {{Language}}}},
	title = {Function and Prosodic Form of Backchannels in {{L1}} and {{L2 {German}}}},
	year = {2019}
}

@inproceedings{wehrleExploringDynamicsBackchannel2018,
	address = {{Wellington, New Zealand}},
	author = {Wehrle, Simon and Roettger, Timo B. and Grice, Martine},
	booktitle = {{{{ProsL}ang}} -- {{Workshop}} on the {{Processing}} of {{Prosody}} across {{Languages}} and {{Varieties}}},
	title = {Exploring the Dynamics of Backchannel Interpretation: {{The}} Meandering Mouse Paradigm},
	year = {2018}
}

@inproceedings{wehrleEvaluatingProsodicAspects2023,
	address = {{Prague, Czech Republic}},
	author = {Wehrle, Simon and Sappok, Christopher},
	booktitle = {Proceedings of the 20th {{International Congress}} of {{Phonetic Sciences}}},
	title = {Evaluating Prosodic Aspects of Oral Reading Proficiency in Schoolchildren: {Effects} of Gender, Genre and Grade},
	year = {2023}
}

@inproceedings{wehrleCharacteristicsDistributionSilent2023,
	address = {{Prague, Czech Republic}},
	author = {Wehrle, Simon and Vogeley, Kai and Grice, Martine},
	booktitle = {Proceedings of the 20th {{International Congress}} of {{Phonetic Sciences}}},
	title = {Characteristics and Distribution of Silent Pauses in Conversations between Autistic and Non-Autistic Dyads},
	year = {2023}
}

@inproceedings{wehrleAssessingIntonationStyle2020,
	author = {Wehrle, Simon and Cangemi, Francesco and Hanekamp, Harriet and Vogeley, Kai and Grice, Martine},
	booktitle = {{Proc. 10th {{International Conference}} on {{Speech Prosody}} 2020}},
	pages = {809--813},
	title = {Assessing the Intonation Style of Speakers with {{Autism Spectrum Disorder}}},
	year = {2020}
}

@inproceedings{warlaumontVocalInteractionDynamics2010,
	author = {Warlaumont, Anne S. and Oller, D. Kimbrough and Dale, Rick and Richards, Jeffrey A. and Gilkerson, Jill and Xu, Dongxin},
	booktitle = {Proceedings of the {{Annual Meeting}} of the {{Cognitive Science Society}}},
	title = {Vocal Interaction Dynamics of Children with and without Autism},
	volume = {32},
	year = {2010}
}

@inproceedings{wardIssuesTranscriptionEnglish2000,
	author = {Ward, Nigel},
	booktitle = {{1st {{{SIG}dial Workshop}} on {{Discourse}} and {{Dialogue}}}},
	pages = {29--35},
	title = {Issues in the Transcription of {{{English}}} Conversational Grunts},
	year = {2000}
}

@inproceedings{tsengTaxonomySpontaneousSpeech2003,
	author = {Tseng, Shu-Chuan},
	booktitle = {{{{{ISCA}}} \& {{{IEEE} Workshop}} on {{Spontaneous Speech Processing}} and {{Recognition}}}},
	title = {Taxonomy of Spontaneous Speech Phenomena in {{{Mandarin}}} Conversation},
	year = {2003},
}

@inproceedings{truongAcousticsOverlappingLaughter2012,
	author = {Truong, Khiet P. and Trouvain, J{ü}rgen},
	booktitle = {{Thirteenth {{Annual Conference}} of the {{International Speech Communication Association}}}},
	title = {On the Acoustics of Overlapping Laughter in Conversational Speech},
	year = {2012},
}

@inproceedings{trouvainExploringSequencesSpeech2013,
	author = {Trouvain, J{ü}rgen and Truong, Khiet P.},
	booktitle = {Proceedings of the {{Workshop}} on {{Affective Social Speech Signals}}},
	title = {Exploring Sequences of Speech and Laughter Activity Using Visualisations of Conversations},
	year = {2013},
}

@inproceedings{trouvainConvergenceLaughterConversational2012,
	author = {Trouvain, J{ü}rgen and Truong, Khiet P.},
	booktitle = {International {{Symposium}} on {{Imitation}} and {{Convergence}} in {{Speech}}, {{{Aix}-en-Provence}}, {{{France}}}},
	shorttitle = {Convergence of Laughter in Conversational Speech},
	title = {Convergence of Laughter in Conversational Speech: {{E}}ffects of Quantity, Temporal Alignment and Imitation},
	year = {2012},
}

@inproceedings{szatrowskiRelationGazeHead2000,
	author = {Szatrowski, Polly},
	booktitle = {Annual {{Meeting}} of the {{{Berkeley} Linguistics Society}}},
	pages = {283--294},
	title = {Relation between Gaze, Head Nodding and Aizuti `back Channel' at a {{{Japanese}}} Company Meeting},
	volume = {26},
	year = {2000}
}

@inproceedings{stocksmeierSynthesisProsodicAttitudinal2007,
	address = {Antwerp, Belgium},
	author = {Stocksmeier, Thorsten and Kopp, Stefan and Gibbon, Dafydd},
	booktitle = {{{{Interspeech} 2007}}},
	pages = {1290--1293},
	title = {Synthesis of Prosodic Attitudinal Variants in {{{German}}} Backchannel Ja.},
	year = {2007}
}

@inproceedings{spaniolMultimodalSignallingInterplay2023,
	address = {{Prague, Czech Republic}},
	author = {Spaniol, Malin and Janz, Alicia and Wehrle, Simon and Vogeley, Kai and Grice, Martine},
	booktitle = {Proceedings of the 20th {{International Congress}} of {{Phonetic Sciences}}},
	title = {Multimodal Signalling: {The} Interplay of Oral and Visual Feedback in Conversation},
	year = {2023}
}

@inproceedings{sorensenEffectsNoiseL22019,
	author = {Sørensen, Anna Josefine Munch and Fereczkowski, Michal and MacDonald, Ewen N.},
	booktitle = {{Proceedings of the {{International Symposium}} on {{Auditory}} and {{Audiological Research}}}},
	pages = {85--92},
	title = {Effects of Noise and {{L2}} on the Timing of Turn Taking in Conversation},
	volume = {7},
	year = {2019}
}

@inproceedings{schettinoPhoneticFunctionalFeatures2019,
	author = {Schettino, Loredana},
	booktitle = {{10th {{International Conference}} of {{Experimental Linguistics}} ({{{ExL}ing}} 2019)}},
	pages = {189--192},
	publisher = {{ExLing Society}},
	title = {Phonetic and Functional Features of Lexicalized Pauses in {{{Italian}}}},
	year = {2019}
}

@inproceedings{sbrannaUseBackchannelsOther2023,
	address = {{Naples, Italy}},
	author = {Sbranna, Simona and Wehrle, Simon and Grice, Martine},
	booktitle = {{Proceedings of {{{XVIII} {AISV} Conference}} ``{{The}} Position of the Speaker in Interaction: {{A}}ttitudes, Intentions, and Emotions in Verbal Communication''}},
	title = {The Use of Backchannels and Other {{Very Short Utterances}} by {{{Italian}}} Learners of {{{German}}}},
	year = {2023}
}

@inproceedings{sbrannaDevelopingL2Interactional2021,
	author = {Sbranna, Simona and Wehrle, Simon and Grice, Martine},
	booktitle = {Presentation at {{Phonetik} und Phonologie im deutschsprachigen {Raum}, {Frankfurt}, {Germany}}},
	title = {Developing {{L2}} Interactional Competence: {Turn-Taking} across Proficiency Levels},
	year = {2021}
}

@inproceedings{savinoIntonationalStrategiesBackchanneling2010,
	author = {Savino, Michelina},
	booktitle = {{Third {{{ISCA} Workshop}} on {{Experimental Linguistics}}}},
	title = {Intonational Strategies for Backchanneling in {{{Italian} Map Task}} Dialogues},
	year = {2010},
}

@inproceedings{saubestyMultimodalAnalysisHand2016,
	author = {Saubesty, Jorane and Tellier, Marion},
	booktitle = {Gesture and {{Speech}} in {{Interaction}} 4},
	pages = {205--210},
	title = {Multimodal Analysis of Hand Gesture Back-Channel Feedback},
	year = {2016}
}

@inproceedings{pietrowiczDimensionalAnalysisLaughter2019,
	author = {Pietrowicz, Mary and Agurto, Carla and Casebeer, Jonah and {Hasegawa-Johnson}, Mark and Karahalios, Karrie and Cecchi, Guillermo},
	booktitle = {{{{{ICASSP}}} 2019-2019 {{{IEEE} International Conference}} on {{Acoustics}}, {{Speech}} and {{Signal Processing}} ({{{ICASSP}}})}},
	pages = {6600--6604},
	publisher = {{IEEE}},
	title = {Dimensional Analysis of Laughter in Female Conversational Speech},
	year = {2019}
}

@inproceedings{oshaughnessyRecognitionHesitationsSpontaneous1992,
	author = {O'Shaughnessy, Douglas},
	booktitle = {{{{IEEE} International Conference} on {{Acoustics, Speech}}, and {{Signal Processing}}}},
	pages = {521--524},
	publisher = {{IEEE Computer Society}},
	title = {Recognition of Hesitations in Spontaneous Speech},
	volume = {1},
	year = {1992}
}

@inproceedings{oertelGazePatternsTurntaking2012,
	author = {Oertel, Catharine and Wlodarczak, Marcin and Edlund, Jens and Wagner, Petra and Gustafson, Joakim},
	booktitle = {{{Thirteenth Annual Conference of the International Speech Communication Association ({ISCA})}}},
	title = {Gaze Patterns in Turn-Taking},
	year = {2012},
}

@inproceedings{nolanIntonationalEquivalenceExperimental2003,
	address = {Barcelona,Spain},
	author = {Nolan, Francis},
	booktitle = {Proceedings of the 15th {{International Congress}} of {{Phonetic Sciences}}},
	shorttitle = {Intonational Equivalence},
	title = {Intonational Equivalence: {An} Experimental Evaluation of Pitch Scales},
	volume = {771},
	year = {2003}
}

@inproceedings{niebuhrNotHesitateUnless2019a,
	author = {Niebuhr, Oliver and Fischer, Kerstin},
	booktitle = {{Interspeech} 2019},
	doi = {10.21437/Interspeech.2019-1194},
	month = {9},
	pages = {544--548},
	publisher = {{ISCA}},
	shorttitle = {Do Not {{Hesitate}}! \textemdash{} {{Unless You Do}} It {{Shortly}} or {{Nasally}}},
	title = {Do Not Hesitate! \textemdash{} Unless You Do It Shortly or Nasally: {{How}} the Phonetics of Filled Pauses Determine Their Subjective Frequency and Perceived Speaker Performance},
	year = {2019}
}

@inproceedings{mohammadiSpeechPersonalityMapping2012,
	author = {Mohammadi, Gelareh and Origlia, Antonio and Filippone, Maurizio and Vinciarelli, Alessandro},
	booktitle = {{Proceedings of the 20th {{{ACM}}} {International Conference on {{Multimedia}}}}},
	pages = {789--792},
	shorttitle = {From Speech to Personality},
	title = {From Speech to Personality: {{Mapping}} Voice Quality and Intonation into Personality Differences},
	year = {2012}
}

@inproceedings{miltonDoubleEmpathyProblem2020,
	author = {Milton, Damian},
	booktitle = {International {{Conference}} on ``{{Neurodiversity}}: {{A Paradigm Shift In Higher Education}} \& {{Employment}}'' (2020)},
	title = {The Double Empathy Problem},
	year = {2020},
}

@inproceedings{megyesiProductionPerceptionPauses2002,
	author = {Megyesi, Beáta and {Gustafson-Capková}, Sofia},
	booktitle = {{Seventh {{International Conference}} on {{Spoken Language Processing}}}},
	title = {Production and Perception of Pauses and Their Linguistic Context in Read and Spontaneous Speech in {{{Swedish}}}},
	year = {2002}
}

@inproceedings{matejkaSameStatsDifferent2017,
	author = {Matejka, Justin and Fitzmaurice, George},
	booktitle = {{Proceedings of the 2017 {{CHI} Conference on Human Factors in Computing Systems}}},
	pages = {1290--1294},
	shorttitle = {Same Stats, Different Graphs},
	title = {Same Stats, Different Graphs: {{Generating}} Datasets with Varied Appearance and Identical Statistics through Simulated Annealing},
	year = {2017}
}

@inproceedings{lunsfordAutismUseFillers2010,
	author = {Lunsford, Rebecca and Heeman, Peter A. and Black, Lois and van Santen, Jan},
	booktitle = {{{{{DiSS}-{LPSS} Joint Workshop}} 2010}},
	shorttitle = {Autism and the Use of Fillers},
	title = {Autism and the Use of Fillers: {{Differences}} between `Um'and `Uh'},
	year = {2010},
}

@inproceedings{levitanEntrainmentTurnTakingHumanHuman2015,
	author = {Levitan, Rivka and Benus, Stefan and Gravano, Agustin and Hirschberg, Julia},
	booktitle = {{{{AAAI} Spring Symposia}}},
	title = {Entrainment and Turn-Taking in Human-Human Dialogue},
	year = {2015},
}

@inproceedings{leeProlongationSpontaneousMandarin2004,
	author = {Lee, Tzu-Lun and He, Ya-Fang and Huang, Yun-Ju and Tseng, Shu-Chuan and Eklund, Robert},
	booktitle = {{Interspeech} {{{ICSLP}}} 2004, {{Jeju {Island}}}, {{{South Korea}}}},
	pages = {2181--2184},
	title = {Prolongation in Spontaneous {{{Mandarin}}}},
	volume = {3},
	year = {2004}
}

@inproceedings{laddModellingIntraandInterspeaker1995,
	author = {Ladd, D. Robert and Terken, J. M. B.},
	booktitle = {Proceedings of the {{{XIII}th International Congress}} of {{Phonetic Sciences}}, {{{ICP}hS}}, {{{Stockholm}}}, {{{Sweden}}}},
	pages = {386--389},
	title = {Modelling Intra-and Inter-Speaker Pitch Range Variations},
	year = {1995}
}

@inproceedings{kuglerDIMA2015,
	address = {{Glasgow, UK}},
	author = {K{ü}gler, Frank and Smolibocki, Bernadett and Arnold, Denis and Baumann, Stefan and Braun, Bettina and Grice, Martine and Jannedy, Stefanie and Michalsky, Jan and Niebuhr, Oliver and Peters, Jörg},
	booktitle = {18. {{International Congress}} of {{Phonetic Sciences}} ({{{ICP}hS}})},
	title = {{{{DIMA}}}: {{Annotation}} Guidelines for {{German}} Intonation},
	year = {2015}
}

@inproceedings{krugerProsodicMarkingInformation2018,
	address = {Poznan, Poland},
	author = {Kr{ü}ger, Martina and Cangemi, Francesco and Vogeley, Kai and Grice, Martine},
	booktitle = {{Proceedings of the 9th {{International Conference}} on {{Speech Prosody}}}},
	pages = {182--186},
	title = {Prosodic Marking of Information Status in Adults with Autism Spectrum Disorders},
	year = {2018}
}

@inproceedings{kosmalaPreliminaryStudyHesitation2017,
	author = {Kosmala, Loulou and Morgenstern, Aliyah},
	booktitle = {Disfluency in {{Spontaneous Speech}} 2017},
	shorttitle = {A Preliminary Study of Hesitation Phenomena in {{L1}} and {{L2}} Productions},
	title = {A Preliminary Study of Hesitation Phenomena in {{L1}} and {{L2}} Productions: {A} Multimodal Approach},
	year = {2017},
}

@inproceedings{jurafskyLexicalProsodicSyntactic1998,
	author = {Jurafsky, Dan and Shriberg, Elizabeth and Fox, Barbara and Curl, Traci},
	booktitle = {Workshop on {Discourse} {{Relations}} and {{Discourse Markers}}},
	pages = {114--120},
	title = {Lexical, Prosodic, and Syntactic Cues for Dialog Acts},
	year = {1998}
}

@inproceedings{junProsodicTypologyRevisited2012,
	address = {{Shanghai, China}},
	author = {Jun, Sun-Ah},
	booktitle = {Speech {{Prosody}} 2012},
	shorttitle = {Prosodic Typology Revisited},
	title = {Prosodic Typology Revisited: {{Adding}} Macro-Rhythm},
	year = {2012}
}

@inproceedings{howesDisfluenciesDialoguesPatients2017,
	address = {London, UK},
	author = {Howes, Christine and Lavelle, Mary and Healey, Patrick GT and Hough, Julian and McCabe, Rosemarie},
	booktitle = {Proc. {{O}}f the 39th {{Annual Meeting of the Cognitive Science Society}}},
	title = {Disfluencies in Dialogues with Patients with Schizophrenia.},
	year = {2017},
}

@inproceedings{hjalmarssonGazeDirectionBackchannel2012,
	author = {Hjalmarsson, Anna and Oertel, Catharine},
	booktitle = {{{{IVA}}} 2012 {Workshop on Realtime Conversational Virtual Agents}},
	title = {Gaze Direction as a Back-Channel Inviting Cue in Dialogue},
	volume = {9},
	year = {2012}
}

@inproceedings{hindRegularityMelodicityStereotyping1999,
	address = {{San Francisco, USA}},
	author = {Hind, Anthony},
	booktitle = {14th {{International Congress}} of {{Phonetic Sciences}}},
	title = {Regularity, Melodicity, and Stereotyping, in {{{French}}} and {{{English}}} Intonation Systems},
	year = {1999}
}

@inproceedings{hindMetricalPatternsMelodicity2002,
	address = {Aix-en-Provence, France},
	author = {Hind, Anthony},
	booktitle = {Speech {{Prosody}} 2002},
	title = {Metrical Patterns and Melodicity in {{{English}}} Contrasted with {{{French}}}},
	year = {2002}
}

@inproceedings{heldnerVeryShortUtterances2011,
	author = {Heldner, Mattias and Edlund, Jens and Hjalmarsson, Anna and Laskowski, Kornel},
	booktitle = {{Twelfth {{Annual Conference}} of the {{International Speech Communication Association}}}},
	title = {Very Short Utterances and Timing in Turn-Taking},
	year = {2011},
}

@inproceedings{heemanAutismInteractionalAspects2010,
	author = {Heeman, Peter A. and Lunsford, Rebecca and Selfridge, Ethan and Black, Lois M. and Van Santen, Jan},
	booktitle = {Proceedings of the {{{SIGDIAL}}} 2010 {{Conference}}},
	pages = {249--252},
	title = {Autism and Interactional Aspects of Dialogue},
	year = {2010}
}

@inproceedings{haSpeechProsodyPossible2016,
	address = {Boston, USA},
	author = {Ha, Kieu-Phuong and Ebner, Samuel and Grice, Martine},
	booktitle = {{Proceedings of} {{Speech Prosody}} 2016},
	pages = {801--805},
	shorttitle = {Speech Prosody and Possible Misunderstandings in Intercultural Talk},
	title = {Speech Prosody and Possible Misunderstandings in Intercultural Talk: {{A}} Study of Listener Behaviour in {Standard} {{{Vietnamese}}} and {{{German}}} Dialogues},
	year = {2016}
}

@inproceedings{haModellingInteractionIntonation2010,
	address = {Chicago, USA},
	author = {Ha, Kieu-Phuong and Grice, Martine},
	booktitle = {Speech {{Prosody}} 2010},
	title = {Modelling the Interaction of Intonation and Lexical Tone in {{{Vietnamese}}}},
	year = {2010}
}

@inproceedings{greenIntonationHebrewSpeaking2008,
	address = {Campinas, Brazil},
	author = {Green, Hila and Tobin, Yishai},
	booktitle = {Proceedings of the fourth {Conference on Speech Prosody} {{{SP}2008}}},
	pages = {237--240},
	shorttitle = {Intonation in {{Hebrew}} Speaking Children with Highfunctioning Autism},
	title = {Intonation in {{{Hebrew}}} Speaking Children with Highfunctioning Autism: {{A}} Case Study},
	year = {2008}
}

@inproceedings{fujieConversationRobotBackchannel2004a,
	author = {Fujie, Shinya and Fukushima, Kenta and Kobayashi, Tetsunori},
	booktitle = {Proc. {{{ICARA} Int}}. {{Conference}} on {{Autonomous Robots}} and {{Agents}}},
	pages = {379--384},
	title = {A Conversation Robot with Back-Channel Feedback Function Based on Linguistic and Nonlinguistic Information},
	year = {2004}
}

@inproceedings{fosnotProsodicCharacteristicsChildren1999,
	address = {San Francisco, USA},
	author = {Fosnot, Susan Meyers and Jun, Sun-Ah},
	booktitle = {Proceedings of the 14th {International Congress of Phonetic Sciences}},
	pages = {1925--1928},
	title = {Prosodic Characteristics in Children with Stuttering or Autism during Reading and Imitation},
	year = {1999}
}

@inproceedings{edelsonEmotionalProsodyChildren2007,
	author = {Edelson, L. and Grossman, R. and {Tager-Flusberg}, H.},
	booktitle = {{Poster} Session Presented at the {{Annual International Meeting}} for {{Autism Research}}, {{Seattle}}, {{{WA}}}},
	title = {Emotional Prosody in Children and Adolescents with Autism},
	year = {2007}
}

@inproceedings{dinapoliFilledPausesProlongations2020,
	author = {Di Napoli, Jessica},
	booktitle = {{Laughter and {{Other Non-Verbal Vocalisations Workshop}}: {{Proceedings}} (2020)}},
	pages = {24--27},
	title = {Filled Pauses and Prolongations in {{{Roman} {Italian}}} Task-Oriented Dialogue},
	year = {2020}
}

@inproceedings{dideriksenContextualizingConversationalStrategies2019,
	author = {Dideriksen, Christina and Fusaroli, Riccardo and Tyl{é}n, Kristian and Dingemanse, Mark and Christiansen, Morten H.},
	booktitle = {{{{CogS}ci}}'19},
	pages = {261--267},
	publisher = {{Cognitive Science Society}},
	shorttitle = {Contextualizing Conversational Strategies},
	title = {Contextualizing Conversational Strategies: {Backchannel}, Repair and Linguistic Alignment in Spontaneous and Task-Oriented Conversations},
	year = {2019}
}

@inproceedings{dejongChoosingThresholdSilent2013,
	author = {De Jong, Nivja H. and Bosker, Hans R.},
	booktitle = {The 6th {Workshop on Disfluency in Spontaneous Speech ({DISS})}},
	pages = {17--20},
	title = {Choosing a Threshold for Silent Pauses to Measure Second Language Fluency},
	year = {2013}
}

@inproceedings{corleyHesitationSpeechCan2003,
	author = {Corley, Martin and Hartsuiker, Robert J.},
	booktitle = {Proceedings of the {{Annual Meeting}} of the {{Cognitive Science Society}}},
	title = {Hesitation in Speech Can\ldots{} Um\ldots{} Help a Listener Understand},
	volume = {25},
	year = {2003}
}

@inproceedings{caspersMelodicCharacteristicsBackchannels2000,
	author = {Caspers, Johanneke},
	booktitle = {{Proceedings of the 6th {{International Conference}} on {{Spoken Language Processing}}}},
	pages = {611--614},
	title = {Melodic Characteristics of Backchannels in {{{Dutch} Map Task}} Dialogues},
	year = {2000}
}

@inproceedings{cangemiSpeakerspecificIntonationalMarking2016,
	address = {Boston, USA},
	author = {Cangemi, Francesco and El Zarka, Dina and Wehrle, Simon and Baumann, Stefan and Grice, Martine},
	booktitle = {Proceedings of {{Speech Prosody}} 2016},
	pages = {335--339},
	title = {Speaker-Specific Intonational Marking of Narrow Focus in {{{Egyptian} {Arabic}}}},
	year = {2016}
}

@inproceedings{cangemiModellingIntonationSegments2019,
	author = {Cangemi, Francesco and Albert, Aviad and Grice, Martine},
	booktitle = {Proceedings of the 19th {{International Congress}} of {{Phonetic Sciences}}, {{Melbourne}}, {{{Australia}}}},
	shorttitle = {Modelling Intonation},
	title = {Modelling Intonation: {{Beyond}} Segments and Tonal Targets},
	year = {2019},
}

@inproceedings{campbellApproachesConversationalSpeech2007,
	author = {Campbell, Nick},
	booktitle = {Proc {{{XVI}th International Congress}} of the {{Phonetic Sciences}}, {{Saarbrucken}}, {{{Germany}}}},
	pages = {343--348},
	shorttitle = {Approaches to Conversational Speech Rhythm},
	title = {Approaches to Conversational Speech Rhythm: {{Speech}} Activity in Two-Person Telephone Dialogues},
	year = {2007}
}

@inproceedings{bohusFacilitatingMultipartyDialog2010,
	author = {Bohus, Dan and Horvitz, Eric},
	booktitle = {International {{Conference}} on {{Multimodal Interfaces}} and the {{Workshop}} on {{{Machine} Learning}} for {{Multimodal Interaction}}},
	pages = {1--8},
	title = {Facilitating Multiparty Dialog with Gaze, Gesture, and Speech},
	year = {2010}
}

@inproceedings{bevacquaMultimodalBackchannelsEmbodied2010,
	author = {Bevacqua, Elisabetta and Pammi, Sathish and Hyniewska, Sylwia Julia and Schröder, Marc and Pelachaud, Catherine},
	booktitle = {International {{Conference}} on {{Intelligent Virtual Agents}}},
	pages = {194--200},
	publisher = {{Springer}},
	title = {Multimodal Backchannels for Embodied Conversational Agents},
	year = {2010}
}

@inproceedings{betzProlongationGerman2017,
	author = {Betz, Simon and Eklund, Robert and Wagner, Petra},
	booktitle = {{{{DiSS}}} 2017 {{The}} 8th {{Workshop}} on {{Disfluency}} in {{Spontaneous Speech}}, {{{KTH}}}, {{Royal Institute}} of {{Technology}}, {{{Stockholm}}}, {{{Sweden}}}, 18--19 {{{August}}} 2017},
	pages = {13--16},
	publisher = {{KTH Royal Institute of Technology}},
	title = {Prolongation in {{German}}},
	year = {2017}
}

@inproceedings{benusProsodyBackchannelsAmerican2007,
	address = {{Saarbrücken, Germany}},
	author = {Beňuš, Štefan and Gravano, Agustín and Hirschberg, Julia Bell},
	booktitle = {Proceedings of 16th {{{ICP}hS}}},
	title = {The Prosody of Backchannels in {{{American} {English}}}},
	year = {2007}
}

@inproceedings{belzPitchCharacteristicsFilled2015,
	author = {Belz, Malte and Reichel, Uwe},
	booktitle = {Proceedings of {{Disfluency}} in {{Spontaneous Speech}} ({{{DiSS}}}). {{The}} 7th {{Workshop}} on {{Disfluency}} in {{Spontaneous Speech}}},
	title = {Pitch Characteristics of Filled Pauses},
	year = {2015},
}

@inproceedings{belzAreSilentPauses2019,
	address = {{Melbourne, Australia}},
	author = {Belz, Malte and Trouvain, J{ü}rgen},
	booktitle = {19. {{International Congress}} of {{Phonetic Sciences}} ({{{ICP}hS}})},
	pages = {2744--2748},
	title = {Are `{{Silent}}' {{Pauses Always Silent}}?},
	year = {2019}
}

@inproceedings{anansiripinyoAcousticphoneticCharacteristicsThai2019,
	author = {Anansiripinyo, Thanaporn and Onsuwan, Chutamanee},
	booktitle = {The 9th {{Workshop}} on {{Disfluency}} in {{Spontaneous Speech}}},
	pages = {51--54},
	title = {Acoustic-Phonetic Characteristics of {{{Thai}}} Filled Pauses in Monologues},
	year = {2019}
}

@inproceedings{albertUsingPeriodicEnergy2018,
	address = {Poznan, Poland},
	author = {Albert, Aviad and Cangemi, Francesco and Grice, Martine},
	booktitle = {Proceedings {{Speech Prosody}}},
	pages = {13--16},
	shorttitle = {Using Periodic Energy to Enrich Acoustic Representations of Pitch in Speech},
	title = {Using Periodic Energy to Enrich Acoustic Representations of Pitch in Speech: {{A}} Demonstration},
	volume = {9},
	year = {2018}
}

@incollection{wardResponsiveDialogSystem1999,
	address = {{Dordrecht, The Netherlands}},
	author = {Ward, Nigel and Tsukahara, Wataru},
	booktitle = {{Machine} Conversations},
	editor = {Wilks, Y.},
	pages = {169--174},
	publisher = {{Kluwer}},
	title = {A Responsive Dialog System},
	year = {1999}
}

@incollection{trouvainLaughter2017,
	address = {London, UK},
	author = {Trouvain, J{ü}rgen and Truong, Khiet P.},
	booktitle = {The {{{Routledge}}} Handbook of Language and Humor},
	editor = {Attardo, Salvatore},
	pages = {340--355},
	publisher = {{Routledge}},
	sortname = {Trouvain, J{u}rgen and Truong, Khiet P.},
	title = {Laughter},
	year = {2017}
}

@incollection{tottieConversationalStyleBritish1991,
	address = {London, UK},
	author = {Tottie, Gunnel},
	booktitle = {{{English}} Corpus Linguistics},
	editor = {Aijmer, Karin and Altenberg, Bengt},
	pages = {254--271},
	publisher = {Routledge},
	shorttitle = {Conversational Style in {{British}} and {{American English}}},
	title = {Conversational Style in {{{British}}} and {{{American} {English}}}: {{The}} Case of Backchannels},
	year = {1991}
}

@incollection{soraceNearnativeness2003,
	address = {Oxford, UK},
	author = {Sorace, Antonella},
	booktitle = {The handbook of second language acquisition},
	editor = {Doughty, C. J. and Long, M. H.},
	pages = {130--151},
	publisher = {Blackwell},
	title = {Near-Nativeness},
	year = {2003}
}

@incollection{schegloffReflectionsLanguageDevelopment1989,
	address = {Hillsdale, NJ},
	author = {Schegloff, Emanuel A.},
	booktitle = {Interaction in human development},
	editor = {Bornstein, Marc H. and Bruner, Jerome S.},
	pages = {139--153},
	publisher = {Lawrence Erlbaum},
	title = {Reflections on Language, Development, and the Interactional Character of Talk-in-Interaction},
	year = {1989}
}

@incollection{schegloffInteractionInfrastructureSocial2020,
	address = {London, UK},
	author = {Schegloff, Emanuel A.},
	booktitle = {Roots of Human Sociality},
	editor = {Levinson, Stephen J. and Enfield, Nicholas J.},
	pages = {70--96},
	publisher = {{Routledge}},
	shorttitle = {Interaction},
	title = {Interaction: {{The}} Infrastructure for Social Institutions, the Natural Ecological Niche for Language, and the Arena in Which Culture Is Enacted},
	year = {2020}
}

@incollection{schegloffDiscourseInteractionalAchievement1982,
	address = {Georgetown},
	author = {Schegloff, Emanuel A.},
	booktitle = {Analyzing discourse:  {Text} and talk},
	editor = {Tannen, Deborah},
	pages = {71--93},
	publisher = {Georgetown University Press},
	shorttitle = {Discourse as an Interactional Achievement},
	title = {Discourse as an Interactional Achievement: {{Some}} Uses of `Uh Huh'and Other Things That Come between Sentences},
	year = {1982}
}

@incollection{ruchExpressivePatternLaughter2001,
	address = {Tokyo, Japan},
	author = {Ruch, Willibald and Ekman, Paul},
	booktitle = {Emotions, Qualia, and Consciousness},
	editor = {Kaszniak, A.},
	pages = {426--443},
	publisher = {{World Scientific Publishing}},
	title = {The Expressive Pattern of Laughter},
	year = {2001}
}

@incollection{nolanIntonation2006,
	address = {Oxford, UK},
	author = {Nolan, Francis},
	booktitle = {The Handbook of {{{English}}} Linguistics},
	editor = {Aarts, Bas and McMahon, April},
	pages = {433--457},
	publisher = {{Blackwell}},
	title = {Intonation},
	year = {2006}
}

@incollection{niebuhrSteppedIntonationContours2015,
	address = {Prague, Czech Republic},
	author = {Niebuhr, Oliver},
	booktitle = {Tackling the complexity in speech},
	editor = {Niebuhr, Oliver and Skarnitzl, Radek},
	pages = {39--74},
	publisher = {{Univerzita Karlova v Praze, Filozofická fakulta}},
	title = {Stepped Intonation Contours, a New Field of Complexity},
	year = {2015}
}

@incollection{lehistePhoneticStructureParagraphs1975,
	address = {New York},
	author = {Lehiste, Ilse},
	booktitle = {Structure and Process in Speech Perception},
	editor = {Cohen, A. and Noteboom, S. E.G.},
	pages = {195--206},
	publisher = {{Springer}},
	title = {The Phonetic Structure of Paragraphs},
	year = {1975}
}

@incollection{junProsodicTypologyProminence2014,
	address = {Oxford, UK},
	author = {Jun, Sun-Ah},
	booktitle = {Prosodic Typology {II}},
	editor = {Jun, Sun-Ah},
	pages = {520--539},
	publisher = {{Oxford University Press}},
	shorttitle = {Prosodic Typology},
	title = {Prosodic Typology: {{By}} Prominence Type, Word Prosody, and Macro-Rhythm},
	year = {2014}
}

@incollection{hillaryNeurodiversityCrossculturalCommunication2020,
	address = {London, UK},
	author = {Hillary, Alyssa},
	booktitle = {Neurodiversity {{Studies}}},
	editor = {Bertilsdotter Rosqvist, H. and Chown, N. and Stenning, A},
	pages = {91--107},
	publisher = {{Routledge}},
	title = {Neurodiversity and Cross-Cultural Communication},
	year = {2020}
}

@incollection{demoraesIntonation1998,
	address = {Cambridge},
	author = {De Moraes, João Antônio},
	booktitle = {Intonation Systems. {{A}} Survey of Twenty Languages},
	editor = {Hirst, Daniel and Di Cristo, Albert},
	pages = {179--194},
	publisher = {{Cambridge University Press, Cambridge}},
	sortname = {De Moraes, Joao Antonio},
	title = {Intonation in {{Brazilian Portuguese}}},
	year = {1998}
}

@incollection{coquillanFrancaisMeridionalElements2010,
	address = {{Paris}},
	author = {Durand, Jacques},
	booktitle = {Les Variétés Du Français Parlé Dans l'espace Francophone: {{R}}essources Pour l'enseignement},
	editor = {Detey, Sylvan and Durand, Jacques and Laks, Bernard and Lyche, Chantal},
	pages = {243--262},
	publisher = {{Ophrys}},
	title = {{Le} Français Méridional: Éléments de Synthèse},
	volume = {36},
	year = {2010}
}

@incollection{chassonSocialCompetenceImpairments2014,
	address = {New York City, USA},
	author = {Chasson, Gregory and Jarosiewicz, S. R.},
	booktitle = {Comprehensive guide to Autism},
	editor = {Patel, Vinood B. and Preedy, Victor R. and Martin, Colin R.},
	pages = {1099--1108},
	publisher = {Springer},
	title = {Social Competence Impairments in Autism Spectrum Disorders},
	year = {2014}
}

@incollection{cangemiListenerspecificPerceptionSpeakerspecific2015,
	address = {Frankfurt, Germany},
	author = {Cangemi, Francesco and Kr{ü}ger, Martina and Grice, Martine},
	booktitle = {Individual Differences in Speech Production and Perception},
	editor = {Fuchs, Susanne and Pape, Daniel and Petrone, Caterina and Perrier, Pascal},
	pages = {123--145},
	publisher = {Peter Lang},
	sortname = {Cangemi, Francesco and Kr{u}ger, Martina and Grice, Martine},
	title = {Listener-Specific Perception of Speaker-Specific Production in Intonation},
	year = {2015}
}

@incollection{breitholtzReasoningMultipartyDialogue2020,
	address = {Cham, Switzerland},
	author = {Breitholtz, Ellen and Cooper, Robin and Howes, Christine and Lavelle, Mary},
	booktitle = {{(In-)Coherence} of Discourse: {Formal} and Conceptual Issues of Language},
	editor = {Amblard, M. and Musiol, M. and Rebuschi, M.},
	pages = {43--63},
	publisher = {Springer},
	title = {Reasoning in Multiparty Dialogue Involving Patients with Schizophrenia},
	year = {2021}
}

@incollection{birdwhistell1962critical,
	address = {{New York City, USA}},
	author = {Birdwhistell, Ray L.},
	booktitle = {Research approaches to psychiatric problems},
	editor = {Tourlentes, Thomas T.},
	pages = {179--188},
	publisher = {{Grune \& Stratton}},
	title = {Critical moments in the psychiatric interview},
	year = {1962}
}

@incollection{beckmanOriginalToBISystem2004,
	address = {Oxford, UK},
	author = {Beckman, Mary E. and Hirschberg, Julia Bell and {Shattuck-Hufnagel}, Stefanie},
	booktitle = {Prosodic typology: {The} phonology of intonation and phrasing},
	editor = {Jun, Sun-Ah},
	pages = {9--54},
	publisher = {{Oxford University Press}},
	title = {The Original {{{ToBI}}} System and the Evolution of the {{{ToBI}}} Framework},
	year = {2006}
}

@incollection{auerGazeAddresseeSelection2018,
	address = {Amsterdam},
	author = {Auer, Peter},
	booktitle = {Eye-tracking in interaction: {Studies} on the role of eye gaze in dialogue},
	editor = {Brône, Geert and Oben, Bert},
	pages = {231},
	publisher = {{John Benjamins Amsterdam}},
	title = {Gaze, Addressee Selection and Turn-Taking in Three-Party Interaction},
	volume = {197},
	year = {2018}
}

@incollection{aspergerAutisticPsychopathyChildhood1991,
	address = {Cambridge, UK},
	author = {Asperger, Hans and Frith, Uta},
	booktitle = {Autism and {{Asperger Syndrome}}},
	editor = {Frith, Uta},
	pages = {37--92},
	publisher = {{Cambridge University Press}},
	title = {`{{Autistic}} Psychopathy' in Childhood. {{Translated}} and Annotated by {{{U}}}. {{Frith}}},
	year = {1991}
}

@book{worldhealthorganizationICD11InternationalStatistical2022,
	author = {{World Health Organization,}},
	publisher = {{World Health Organization}},
	title = {{{{ICD}-11}}: {{International}} Statistical Classification of Diseases and Related Health Problems},
	year = {2022}
}

@book{wardProsodicPatternsEnglish2019,
	address = {Cambridge, UK},
	author = {Ward, Nigel},
	publisher = {{Cambridge University Press}},
	title = {Prosodic Patterns in {{{English}}} Conversation},
	year = {2019}
}

@book{paulPrincipienSprachgeschichte1880,
	address = {{Tübingen}},
	author = {Paul, Hermann},
	publisher = {{Niemeyer}},
	title = {Principien Der {{{Sprachgeschichte}}}},
	volume = {6},
	year = {1880}
}

@book{mcelreathStatisticalRethinkingBayesian2020,
	address = {London, UK},
	author = {McElreath, Richard},
	publisher = {{Chapman and Hall/CRC}},
	shorttitle = {Statistical Rethinking},
	title = {Statistical Rethinking: {{A {Bayesian}}} Course with Examples in {{R}} and {{Stan}} (2nd Edition).},
	year = {2020}
}

@book{linellWrittenLanguageBias2004,
	address = {London, UK},
	author = {Linell, Per},
	publisher = {{Routledge}},
	shorttitle = {The Written Language Bias in Linguistics},
	title = {The Written Language Bias in Linguistics: {{Its}} Nature, Origins and Transformations},
	year = {2004}
}

@book{levinsonPragmatics1983,
	address = {{Cambridge, UK}},
	author = {Levinson, Stephen C.},
	publisher = {{Cambridge University Press}},
	title = {Pragmatics},
	year = {1983}
}

@book{laddIntonationalPhonology2008,
	address = {Cambridge, UK},
	author = {Ladd, D. Robert},
	publisher = {{Cambridge University Press}},
	title = {Intonational Phonology},
	year = {2008}
}

@book{holmesIntroductionSociolinguistics2013,
	address = {London, UK},
	author = {Holmes, Janet},
	publisher = {{Routledge}},
	title = {An Introduction to Sociolinguistics},
	year = {2013}
}

@book{hirstIntonationSystemsSurvey1998,
	address = {Cambridge, UK},
	author = {Hirst, Daniel and Di Cristo, Albert},
	publisher = {{Cambridge University Press}},
	shorttitle = {Intonation Systems},
	title = {Intonation Systems: {{A}} Survey of Twenty Languages},
	year = {1998}
}

@book{haProsodyVietnameseIntonational2012,
	address = {Canberra, Australia},
	author = {Ha, Kieu-Phuong},
	publisher = {{The Australian National University -- Asia-Pacific Linguistics (SEAMLES)}},
	shorttitle = {Prosody in {{Vietnamese}}},
	title = {Prosody in {{{Vietnamese}}}: {{I}}ntonational Form and Function of Short Utterances in Conversation},
	year = {2012}
}

@book{goldman-eislerPsycholinguisticsExperimentsSpontaneous1968,
	address = {{New York}},
	author = {{Goldman-Eisler}, Frieda},
	publisher = {{Academic Press}},
	shorttitle = {Psycholinguistics},
	title = {Psycholinguistics: {{Experiments}} in Spontaneous Speech},
	year = {1968}
}

@book{frithAutismExplainingEnigma2003,
	address = {Oxford, UK},
	author = {Frith, Uta},
	publisher = {{Blackwell Publishing}},
	shorttitle = {Autism},
	title = {Autism: {{Explaining}} the Enigma},
	year = {2003}
}

@book{fries1952structure,
	address = {{New York}},
	author = {Fries, Charles Carpenter},
	publisher = {{Harcourt, Brace and Co.}},
	title = {The structure of {{{English}}}},
	year = {1952}
}

@book{fischerCognitiveSemanticsLexical2013,
	address = {Berlin, Germany},
	author = {Fischer, Kerstin},
	publisher = {{De Gruyter Mouton}},
	title = {From Cognitive Semantics to Lexical Pragmatics},
	year = {2013}
}

@book{fayEmergingLanguageAutistic1980,
	address = {London},
	author = {Fay, Warren H. and Schuler, Adriana Luce},
	publisher = {{Edward Arnold}},
	title = {Emerging Language in Autistic Children},
	year = {1980}
}

@book{erardUmSlipsStumbles2008,
	address = {New York City, USA},
	author = {Erard, Michael},
	publisher = {{Anchor}},
	shorttitle = {Um...},
	title = {Um...: {{Slips}}, Stumbles, and Verbal Blunders, and What They Mean},
	year = {2008}
}

@book{ehlichInterjektionen1986,
	address = {Tubingen, Germany},
	author = {Ehlich, Konrad},
	publisher = {Niemeyer},
	title = {Interjektionen},
	volume = {111},
	year = {1986}
}

@book{councilofeuropeCommonEuropeanFramework2001,
	address = {Cambridge},
	addresss = {Cambridge, UK},
	author = {{Council of Europe,}},
	publisher = {{Cambridge University Press}},
	shorttitle = {Common {{European Framework}} of {{Reference}} for {{Languages}}},
	title = {Common {{{European} Framework}} of {{Reference}} for {{Languages}}: {Learning}, Teaching, Assessment},
	year = {2001}
}

@book{cooperFundamental1981,
	address = {Berlin, Germany},
	author = {Cooper, William E and Sorensen, John M},
	publisher = {Springer},
	title = {Fundamental Frequency in Sentence Production},
	year = {1981}
}

@book{cohenStatisticalPowerAnalysis1988,
	address = {New York, USA},
	author = {Cohen, Jacob},
	publisher = {Routledge},
	title = {Statistical Power Analysis for the Behavioral Sciences},
	year = {1988}
}

@book{christiansenCreatingLanguageIntegrating2016,
	address = {Boston, USA},
	author = {Christiansen, Morten H. and Chater, Nick},
	publisher = {{MIT Press}},
	shorttitle = {Creating Language},
	title = {Creating Language: {{Integrating}} Evolution, Acquisition, and Processing},
	year = {2016}
}

@book{celce-murciaTeachingPronunciationReference1996,
	address = {Cambridge, UK},
	author = {{Celce-Murcia}, Marianne and Brinton, Donna M. and Goodwin, Janet M.},
	publisher = {{Cambridge University Press}},
	shorttitle = {Teaching Pronunciation},
	title = {Teaching Pronunciation: {{A}} Reference for Teachers of {{{English}}} to Speakers of Other Languages},
	year = {1996}
}

@book{belzPhonetikAhUnd2021,
	address = {Berlin, Germany},
	author = {Belz, Malte},
	publisher = {{Springer Nature}},
	shorttitle = {Die {{Phonetik}} von Äh Und Ähm},
	title = {Die {{{Phonetik}}} von Äh Und Ähm: {{Akustische Variation}} von {{Füllpartikeln}} Im {{{Deutschen}}}},
	year = {2021}
}

@book{andersonTeachingTalkStrategies1984,
	address = {{Cambridge, UK}},
	author = {Anderson, Anne and Brown, Gillian and Shillcock, Richard and Yule, George},
	publisher = {{Cambridge University Press}},
	shorttitle = {Teaching Talk},
	title = {Teaching Talk: {{Strategies}} for Production and Assessment},
	year = {1984}
}

@book{americanpsychiatricassociationDiagnosticStatisticalManual2013,
	author = {{American Psychiatric Association,}},
	publisher = {{American Psychiatric Pub}},
	title = {{Diagnostic and Statistical Manual of Mental Disorders} ({{{DSM}-5}}\textregistered )},
	year = {2013}
}

@book{albertModelSonorityBased2023,
	address = {Berlin, Germany},
	author = {Albert, Aviad},
	doi = {10.5281/zenodo.7837176},
	journal = {Language Science Press},
	langid = {english},
	month = {6},
	publisher = {{Language Science Press}},
	title = {A Model of Sonority Based on Pitch Intelligibility},
	year = {2023}
}

@article{zukauskasTemporalityAspergerSyndrome2009,
	author = {Zukauskas, Patricia Ribeiro and Assumpção Jr, Francisco Baptista and Silton, Nava},
	journal = {Journal of Phenomenological Psychology},
	number = {1},
	pages = {85--106},
	publisher = {{Brill}},
	sortname = {Zukauskas, Patricia Ribeiro and Assumpcao Jr, Francisco Baptista and Silton, Nava},
	title = {Temporality and {{Asperger}}'s Syndrome},
	volume = {40},
	year = {2009}
}

@article{zellersProsodyHandGesture2016,
	address = {Boston, USA},
	author = {Zellers, Margaret and House, David and Alexanderson, Simon},
	journal = {8th Speech Prosody 2016},
	pages = {831--835},
	publisher = {{International Speech Communications Association}},
	title = {Prosody and Hand Gesture at Turn Boundaries in {{{Swedish}}}},
	year = {2016}
}

@article{yuanPausesPauseFillers2016,
	address = {Boston, USA},
	author = {Yuan, Jiahong and Xu, Xiaoying and Lai, Wei and Liberman, Mark},
	journal = {Proceedings of Speech Prosody 2016},
	pages = {1167--1170},
	shorttitle = {Pauses and Pause Fillers in {{Mandarin}} Monologue Speech},
	title = {Pauses and Pause Fillers in {{{Mandarin}}} Monologue Speech: {{The}} Effects of Sex and Proficiency},
	year = {2016}
}

@article{youngIdentifyingUnitsInteraction2004,
	author = {Young, Richard F. and Lee, Jina},
	journal = {Journal of Sociolinguistics},
	number = {3},
	pages = {380--407},
	publisher = {{Wiley Online Library}},
	shorttitle = {Identifying Units in Interaction},
	title = {Identifying Units in Interaction: {{Reactive}} Tokens in {{{Korean}}} and {{{English}}} Conversations},
	volume = {8},
	year = {2004}
}

@article{yarkoniGeneralizabilityCrisis2022,
	author = {Yarkoni, Tal},
	journal = {Behavioral and Brain Sciences},
	pages = {e1},
	publisher = {{Cambridge University Press}},
	title = {The Generalizability Crisis},
	volume = {45},
	year = {2022}
}

@article{xudongUseListenerResponses2008,
	author = {Xudong, Deng},
	journal = {Pragmatics},
	number = {2},
	pages = {303--328},
	publisher = {{John Benjamins}},
	title = {The Use of Listener Responses in {{{Mandarin} {Chinese}}} and {{{Australian} {English}}} Conversations},
	volume = {18},
	year = {2008}
}

@article{wozniakDevelopmentAutismSpectrum2017,
	author = {Wozniak, Robert H. and Leezenbaum, Nina B. and Northrup, Jessie B. and West, Kelsey L. and Iverson, Jana M.},
	journal = {Wiley Interdisciplinary Reviews: Cognitive Science},
	number = {1-2},
	pages = {e1426},
	publisher = {{Wiley Online Library}},
	shorttitle = {The Development of Autism Spectrum Disorders},
	title = {The Development of Autism Spectrum Disorders: {Variability} and Causal Complexity},
	volume = {8},
	year = {2017}
}

@article{winterSpokenLanguageAchieves2014a,
	author = {Winter, Bodo},
	doi = {10.1002/BIES.201400028},
	journal = {BioEssays},
	month = {10},
	number = {10},
	pages = {960--967},
	pmid = {25088374},
	publisher = {{John Wiley \& Sons, Ltd}},
	title = {Spoken Language Achieves Robustness and Evolvability by Exploiting Degeneracy and Neutrality},
	volume = {36},
	year = {2014}
}

@article{winterPoissonRegressionLinguists2021a,
	author = {Winter, Bodo and B{ü}rkner, Paul-Christian},
	journal = {Language and Linguistics Compass},
	number = {11},
	pages = {e12439},
	publisher = {{Wiley Online Library}},
	shorttitle = {Poisson Regression for Linguists},
	sortname = {Winter, Bodo and B{u}rkner, Paul-Christian},
	title = {Poisson Regression for Linguists: {{A}} Tutorial Introduction to Modelling Count Data with Brms},
	volume = {15},
	year = {2021}
}

@article{winterIndependenceGeneralizabilityLinguistics2021,
	author = {Winter, Bodo and Grice, Martine},
	journal = {Linguistics},
	number = {5},
	pages = {1251--1277},
	publisher = {{De Gruyter Mouton}},
	title = {Independence and Generalizability in Linguistics},
	volume = {59},
	year = {2021}
}

@article{winterCoevolutionSpeechLexicon2016,
	author = {Winter, Bodo and Wedel, Andrew},
	journal = {Topics in {Cognitive Science}},
	number = {2},
	pages = {503--513},
	publisher = {{Wiley Online Library}},
	shorttitle = {The Co-evolution of {{Speech}} and the {{Lexicon}}},
	title = {The Co-evolution of Speech and the Lexicon: {{The}} Interaction of Functional Pressures, Redundancy, and Category Variation},
	volume = {8},
	year = {2016}
}

@article{williamsTheoryAutisticMind2021,
	author = {Williams, Gemma L.},
	doi = {10.1016/j.pragma.2021.04.032},
	journal = {Journal of Pragmatics},
	month = {7},
	pages = {121--130},
	shorttitle = {Theory of Autistic Mind},
	title = {Theory of Autistic Mind: {{A}} Renewed Relevance Theoretic Perspective on so-Called Autistic Pragmatic `Impairment'},
	volume = {180},
	year = {2021}
}

@article{williamsMutualMisUnderstanding2021,
	author = {Williams, Gemma L. and Wharton, Tim and Jagoe, Caroline},
	doi = {10.3389/fpsyg.2021.616664},
	journal = {Frontiers in Psychology},
    publisher = {{Frontiers}},
	shorttitle = {Mutual ({{Mis}})Understanding},
	title = {Mutual (Mis)understanding: {{Reframing}} Autistic Pragmatic ``Impairments'' Using Relevance Theory},
	volume = {12},
	year = {2021}
}

@article{wielingVariationChangeUse2016,
	author = {Wieling, Martijn and Grieve, Jack and Bouma, Gosse and Fruehwald, Josef and Coleman, John and Liberman, Mark},
	journal = {Language Dynamics and Change},
	number = {2},
	pages = {199--234},
	publisher = {{Brill}},
	title = {Variation and Change in the Use of Hesitation Markers in {{{Germanic}}} Languages},
	volume = {6},
	year = {2016}
}

@article{wickhamWelcomeTidyverse2019a,
	author = {Wickham, Hadley and Averick, Mara and Bryan, Jennifer and Chang, Winston and McGowan, Lucy D'Agostino and François, Romain and Grolemund, Garrett and Hayes, Alex and Henry, Lionel and Hester, Jim},
	journal = {Journal of open source software},
	number = {43},
	pages = {1686},
	sortname = {Wickham, Hadley and Averick, Mara and Bryan, Jennifer and Chang, Winston and McGowan, Lucy D'Agostino and Francois, Romain and Grolemund, Garrett and Hayes, Alex and Henry, Lionel and Hester, Jim},
	title = {Welcome to the {{Tidyverse}}},
	volume = {4},
	year = {2019}
}

@article{whiteBackchannelsCulturesStudy1989,
	author = {White, Sheida},
	journal = {Language in {Society}},
	number = {1},
	pages = {59--76},
	publisher = {{Cambridge University Press}},
	shorttitle = {Backchannels across Cultures},
	title = {Backchannels across Cultures: {{A}} Study of {{Americans}} and {{{Japanese}}}},
	volume = {18},
	year = {1989}
}

@article{wehrleTurntimingConversationsAutistic2023,
	author = {Wehrle, Simon and Cangemi, Francesco and Janz, Alicia and Vogeley, Kai and Grice, Martine},
	doi = {10.1371/journal.pone.0284029},
	journal = {PLOS ONE},
	month = {4},
	number = {4},
	pages = {e0284029},
	publisher = {{Public Library of Science}},
	shorttitle = {Turn-Timing in Conversations between Autistic Adults},
	title = {Turn-Timing in Conversations between Autistic Adults: {{Typical}} Short-Gap Transitions Are Preferred, but Not Achieved Instantly},
	volume = {18},
	year = {2023}
}

@article{wehrleSomewhereSpectrumRobotic2018,
	author = {Wehrle, Simon and Cangemi, Francesco and Kr{ü}ger, Martina and Grice, Martine},
	doi = {10.17469/O2104AISV000010},
	journal = {Il parlato nel contesto naturale. Speech in the natural context},
	langid = {english},
	month = {12},
	pages = {179--194},
	shorttitle = {Somewhere over the Spectrum},
	sortname = {Wehrle, Simon and Cangemi, Francesco and Kr{u}ger, Martina and Grice, Martine},
	title = {Somewhere over the Spectrum: {{Between}} Robotic and Singsongy Intonation},
	volume = {4},
	year = {2018}
}

@article{wehrleNewEvidenceMelodic2022c,
	address = {Lisbon, Portugal},
	author = {Wehrle, Simon and Cangemi, Francesco and Vogeley, Kai and Grice, Martine},
	journal = {Proc. Speech Prosody 2022},
	pages = {37--41},
	title = {New Evidence for Melodic Speech in {{Autism Spectrum Disorder}}},
	year = {2022}
}

@article{wehrleFilledPausesProduced2023,
	author = {Wehrle, Simon and Grice, Martine and Vogeley, Kai},
	doi = {10.1007/s10803-023-06000-y},
	journal = {Journal of Autism and Developmental Disorders},
	month = {5},
	title = {Filled Pauses Produced by Autistic Adults Differ in Prosodic Realisation, but Not Rate or Lexical Type},
	year = {2023}
}

@article{wehrleBackchannelsConversationsAutistic2023,
	author = {Wehrle, Simon and Vogeley, Kai and Grice, Martine},
	doi = {10.1017/langcog.2023.21},
	journal = {Language and Cognition},
	month = {6},
	pages = {1--26},
	publisher = {{Cambridge University Press}},
	title = {Backchannels in Conversations between Autistic Adults Are Less Frequent and Less Diverse Prosodically and Lexically},
	year = {2023}
}

@article{warlaumontSocialFeedbackLoop2014,
	author = {Warlaumont, Anne S. and Richards, Jeffrey A. and Gilkerson, Jill and Oller, D. Kimbrough},
	doi = {10.1177/0956797614531023},
	journal = {Psychological Science},
	month = {7},
	number = {7},
	pages = {1314--1324},
	title = {A Social Feedback Loop for Speech Development and Its Reduction in Autism},
	volume = {25},
	year = {2014}
}

@article{wardProsodicFeaturesWhich2000,
	author = {Ward, Nigel and Tsukahara, Wataru},
	journal = {Journal of {Pragmatics}},
	number = {8},
	pages = {1177--1207},
	publisher = {{Elsevier}},
	title = {Prosodic Features Which Cue Back-Channel Responses in {{{English}}} and {{{Japanese}}}},
	volume = {32},
	year = {2000}
}

@article{wardNonnativeDifferencesProsodicconstruction2017,
	author = {Ward, Nigel and Gallardo, Paola},
	journal = {Dialogue \& Discourse},
	number = {1},
	pages = {1--30},
	title = {Non-Native Differences in Prosodic-Construction Use},
	volume = {8},
	year = {2017}
}

@article{wardNonlexicalConversationalSounds2006,
	author = {Ward, Nigel},
	journal = {Pragmatics \& Cognition},
	number = {1},
	pages = {129--182},
	publisher = {{John Benjamins}},
	title = {Non-Lexical Conversational Sounds in {{{American} {English}}}},
	volume = {14},
	year = {2006}
}

@article{wardLearningShowYou2007,
	author = {Ward, Nigel and Escalante, Rafael and Al Bayyari, Yaffa and Solorio, Thamar},
	journal = {Computer Assisted Language Learning},
	number = {4},
	pages = {385--407},
	publisher = {{Taylor \& Francis}},
	title = {Learning to Show You're Listening},
	volume = {20},
	year = {2007}
}

@article{wardChallengesBuildingHighlyinteractive2016,
	author = {Ward, Nigel and DeVault, David},
	journal = {{AI} Magazine},
	number = {4},
	pages = {7--18},
	title = {Challenges in Building Highly-Interactive Dialog Systems},
	volume = {37},
	year = {2016}
}

@article{vogelInterruptedTimeExperience2019,
	author = {Vogel, David and {Falter-Wagner}, Christine M. and Schoofs, Theresa and Kr{ä}mer, Katharina and Kupke, Christian and Vogeley, Kai},
	journal = {Journal of {Autism and Developmental Disorders}},
	number = {1},
	pages = {22--33},
	publisher = {{Springer}},
	shorttitle = {Interrupted Time Experience in Autism Spectrum Disorder},
	sortname = {Vogel, David and {Falter-Wagner}, Christine M. and Schoofs, Theresa and Kr{a}mer, Katharina and Kupke, Christian and Vogeley, Kai},
	title = {Interrupted Time Experience in Autism Spectrum Disorder: {Empirical} Evidence from Content Analysis},
	volume = {49},
	year = {2019}
}

@article{vogelFlowStructureTime2020,
	author = {Vogel, David and {Falter-Wagner}, Christine M. and Schoofs, Theresa and Kr{ä}mer, Katharina and Kupke, Christian and Vogeley, Kai},
	journal = {Phenomenology and the Cognitive Sciences},
	number = {2},
	pages = {235--258},
	publisher = {{Springer}},
	sortname = {Vogel, David and {Falter-Wagner}, Christine M. and Schoofs, Theresa and Kr{a}mer, Katharina and Kupke, Christian and Vogeley, Kai},
	title = {Flow and Structure of Time Experience--Concept, Empirical Validation and Implications for Psychopathology},
	volume = {19},
	year = {2020}
}

@article{vivantiAskEditorWhat2020,
	author = {Vivanti, Giacomo},
	journal = {Journal of Autism and Developmental Disorders},
	number = {2},
	pages = {691--693},
	publisher = {{Springer}},
	shorttitle = {Ask the Editor},
	title = {Ask the Editor: {{What}} Is the Most Appropriate Way to Talk about Individuals with a Diagnosis of Autism?},
	volume = {50},
	year = {2020}
}

@article{vettinLaughterConversationFeatures2004,
	author = {Vettin, Julia and Todt, Dietmar},
	journal = {Journal of Nonverbal Behavior},
	number = {2},
	pages = {93--115},
	publisher = {{Springer}},
	shorttitle = {Laughter in Conversation},
	title = {Laughter in Conversation: {{Features}} of Occurrence and Acoustic Structure},
	volume = {28},
	year = {2004}
}

@article{vasishthStatisticalSignificanceFilter2018,
	author = {Vasishth, Shravan and Mertzen, Daniela and J{ä}ger, Lena A. and Gelman, Andrew},
	journal = {Journal of Memory and Language},
	pages = {151--175},
	publisher = {{Elsevier}},
	sortname = {Vasishth, Shravan and Mertzen, Daniela and J{a}ger, Lena A. and Gelman, Andrew},
	title = {The Statistical Significance Filter Leads to Overoptimistic Expectations of Replicability},
	volume = {103},
	year = {2018}
}

@article{vasishthBayesianDataAnalysis2018,
	author = {Vasishth, Shravan and Nicenboim, Bruno and Beckman, Mary E. and Li, Fangfang and Kong, Eun Jong},
	journal = {Journal of {Phonetics}},
	pages = {147--161},
	publisher = {{Elsevier}},
	shorttitle = {Bayesian Data Analysis in the Phonetic Sciences},
	title = {{Bayesian} Data Analysis in the Phonetic Sciences: {{A}} Tutorial Introduction},
	volume = {71},
	year = {2018}
}

@article{tukeyWeNeedBoth1980,
	author = {Tukey, John W.},
	journal = {The American Statistician},
	number = {1},
	pages = {23--25},
	publisher = {{Taylor \& Francis Group}},
	title = {{We} Need Both Exploratory and Confirmatory},
	volume = {34},
	year = {1980}
}

@article{torreiraVocalReactionTimes2022,
	author = {Torreira, Francisco and Bögels, Sara},
	doi = {10.1016/j.wocn.2022.101175},
	journal = {Journal of Phonetics},
	month = {9},
	pages = {101175},
	shorttitle = {Vocal Reaction Times to Speech Offsets},
	sortname = {Torreira, Francisco and Bogels, Sara},
	title = {Vocal Reaction Times to Speech Offsets: {{Implications}} for Processing Models of Conversational Turn-Taking},
	volume = {94},
	year = {2022}
}

@article{torreiraMelodicConstructionsSpanish2018,
	author = {Torreira, Francisco and Grice, Martine},
	journal = {Journal of the International Phonetic Association},
	number = {1},
	pages = {9--32},
	publisher = {{Cambridge University Press}},
	shorttitle = {Melodic Constructions in {{Spanish}}},
	title = {Melodic Constructions in {{{Spanish}}}: {{Metrical}} Structure Determines the Association Properties of Intonational Tones},
	volume = {48},
	year = {2018}
}

@article{thurberPausesNarrativesProduced1993,
	author = {Thurber, Christopher and {Tager-Flusberg}, Helen},
	journal = {Journal of Autism and Developmental {Disorders}},
	number = {2},
	pages = {309--322},
	publisher = {{Springer}},
	title = {Pauses in the Narratives Produced by Autistic, Mentally Retarded, and Normal Children as an Index of Cognitive Demand},
	volume = {23},
	year = {1993}
}

@article{thartDifferentialSensitivityPitch1981,
	author = {'t Hart, Johan},
	journal = {The Journal of the Acoustical Society of America},
	number = {3},
	pages = {811--821},
	publisher = {{Acoustical Society of America}},
	sortname = {'t Hart, Johan},
	title = {Differential Sensitivity to Pitch Distance, Particularly in Speech},
	volume = {69},
	year = {1981}
}

@article{tepestMeaningDiagnosisDifferent2021,
	author = {Tepest, Ralf},
	doi = {10.1007/s10803-020-04584-3},
	journal = {Journal of Autism and Developmental Disorders},
	month = {2},
	number = {2},
	pages = {760--761},
	title = {The Meaning of Diagnosis for Different Designations in Talking About Autism},
	volume = {51},
	year = {2021}
}

@article{takahashiEarlyDevelopmentTurntaking2016,
	author = {Takahashi, Daniel Y. and Fenley, Alicia R. and Ghazanfar, Asif A.},
	journal = {Philosophical Transactions of the Royal Society B: Biological Sciences},
	number = {1693},
	pages = {20150370},
	publisher = {{The Royal Society}},
	title = {Early Development of Turn-Taking with Parents Shapes Vocal Acoustics in Infant Marmoset Monkeys},
	volume = {371},
	year = {2016}
}

@article{tager-flusbergLongitudinalStudyLanguage1990a,
	author = {{Tager-Flusberg}, Helen and Calkins, Susan and Nolin, Tina and Baumberger, Therese and Anderson, Marcia and {Chadwick-Dias}, Ann},
	journal = {Journal of {Autism and Developmental Disorders}},
	number = {1},
	pages = {1--21},
	publisher = {{Springer}},
	title = {A Longitudinal Study of Language Acquisition in Autistic and {{Down}} Syndrome Children},
	volume = {20},
	year = {1990}
}

@incollection{tager-flusbergLanguageCommunicationAutism2005a,
	address = {New York City, USA},
	author = {{Tager-Flusberg}, Helen and Paul, Rhea and Lord, Catherine},
	booktitle = {Handbook of autism and pervasive developmental disorder},
	editor = {Volkmar, F. and Paul, R. and Klin, A. and Cohen, D. J.},
	pages = {335--364},
	publisher = {{John Wiley \& Sons Inc}},
	title = {Language and Communication in Autism},
	year = {2005}
}

@article{suhNarrativePerformanceOptimal2014,
	author = {Suh, Joyce and Eigsti, Inge-Marie and Naigles, Letitia and Barton, Marianne and Kelley, Elizabeth and Fein, Deborah},
	journal = {Journal of {Autism and Developmental Disorders}},
	number = {7},
	pages = {1681--1694},
	publisher = {{Springer}},
	title = {Narrative Performance of Optimal Outcome Children and Adolescents with a History of an Autism Spectrum Disorder ({{{ASD}}})},
	volume = {44},
	year = {2014}
}

@article{stiversUniversalsCulturalVariation2009,
	author = {Stivers, Tanya and Enfield, Nicholas J. and Brown, Penelope and Englert, Christina and Hayashi, Makoto and Heinemann, Trine and Hoymann, Gertie and Rossano, Federico and De Ruiter, Jan Peter and Yoon, Kyung-Eun},
	journal = {Proceedings of the National Academy of Sciences},
	number = {26},
	pages = {10587--10592},
	publisher = {{National Acad Sciences}},
	title = {Universals and Cultural Variation in Turn-Taking in Conversation},
	volume = {106},
	year = {2009}
}

@article{sterponiRethinkingLanguageAutism2015,
	author = {Sterponi, Laura and {de Kirby}, Kenton and Shankey, Jennifer},
	journal = {Autism},
	number = {5},
	pages = {517--526},
	publisher = {{Sage Publications Sage UK: London, England}},
	title = {Rethinking Language in Autism},
	volume = {19},
	year = {2015}
}

@article{sterlingPublicationDecisionsTheir1959,
	author = {Sterling, Theodore D.},
	doi = {10.2307/2282137},
	eprint = {2282137},
	journal = {Journal of the American Statistical Association},
	number = {285},
	pages = {30--34},
	publisher = {{[American Statistical Association, Taylor \& Francis, Ltd.]}},
	title = {Publication Decisions and Their Possible Effects on Inferences Drawn from Tests of Significance--Or Vice Versa},
	volume = {54},
	year = {1959}
}

@article{soskuthyEvaluatingGeneralisedAdditive2021,
	author = {Sóskuthy, Márton},
	journal = {Journal of Phonetics},
	pages = {101017},
	publisher = {{Elsevier}},
	sortname = {Soskuthy, Marton},
	title = {Evaluating Generalised Additive Mixed Modelling Strategies for Dynamic Speech Analysis},
	volume = {84},
	year = {2021}
}

@article{smithCourseAnsweringQuestions1993,
	author = {Smith, Vicki L. and Clark, Herbert H.},
	journal = {Journal of {Memory and Language}},
	number = {1},
	pages = {25--38},
	publisher = {{Elsevier}},
	title = {On the Course of Answering Questions},
	volume = {32},
	year = {1993}
}

@article{smaldinoNaturalSelectionBad2016,
	author = {Smaldino, Paul E. and McElreath, Richard},
	journal = {Royal Society {Open Science}},
	number = {9},
	pages = {160384},
	publisher = {{The Royal Society}},
	title = {The Natural Selection of Bad Science},
	volume = {3},
	year = {2016}
}

@article{simmonsLanguagePatternsAdolescent1975,
	author = {Simmons, James Q. and Baltaxe, Christiane},
	journal = {Journal of {Autism and Childhood Schizophrenia}},
	number = {4},
	pages = {333--351},
	publisher = {{Springer}},
	title = {Language Patterns of Adolescent Autistics},
	volume = {5},
	year = {1975}
}

@article{shribergIntonationClauseinternalFilled1993,
	author = {Shriberg, Elizabeth and Lickley, Robin J.},
	journal = {Phonetica},
	number = {3},
	pages = {172--179},
	publisher = {{S. Karger AG}},
	title = {Intonation of Clause-Internal Filled Pauses},
	volume = {50},
	year = {1993}
}

@article{shribergErrrrHumanEcology2001,
	author = {Shriberg, Elizabeth},
	journal = {Journal of the {International Phonetic Association}},
	number = {1},
	pages = {153--169},
	publisher = {{Cambridge University Press}},
	shorttitle = {To `Errrr'Is Human},
	title = {{To} `Errrr'Is Human: {Ecology} and Acoustics of Speech Disfluencies},
	volume = {31},
	year = {2001}
}

@article{sheppardHowEasyIt2016,
	author = {Sheppard, Elizabeth and Pillai, Dhanya and Wong, Genevieve Tze-Lynn and Ropar, Danielle and Mitchell, Peter},
	doi = {10.1007/s10803-015-2662-8},
	journal = {Journal of Autism and Developmental Disorders},
	month = {4},
	number = {4},
	pages = {1247--1254},
	title = {How Easy Is It to Read the Minds of People with {{Autism Spectrum Disorder}}?},
	volume = {46},
	year = {2016}
}

@article{shardaSoundsMelodyPitch2010,
	author = {Sharda, Megha and Subhadra, T. Padma and Sahay, Sanchita and Nagaraja, Chetan and Singh, Latika and Mishra, Ramesh and Sen, Amit and Singhal, Nidhi and Erickson, Donna and Singh, Nandini C.},
	journal = {Neuroscience {Letters}},
	number = {1},
	pages = {42--45},
	publisher = {{Elsevier}},
	title = {Sounds of Melody\textemdash{{Pitch}} Patterns of Speech in Autism},
	volume = {478},
	year = {2010}
}

@article{shannonMathematicalTheoryCommunication1948,
	author = {Shannon, Claude E.},
	journal = {The Bell {System Technical Journal}},
	number = {3},
	pages = {379--423},
	publisher = {{Nokia Bell Labs}},
	title = {A Mathematical Theory of Communication},
	volume = {27},
	year = {1948}
}

@article{schnurPlanningPhonologicalLevel2006,
	author = {Schnur, Tatiana T. and Costa, Albert and Caramazza, Alfonso},
	journal = {Journal of {Psycholinguistic Research}},
	number = {2},
	pages = {189--213},
	publisher = {{Springer}},
	title = {Planning at the Phonological Level during Sentence Production},
	volume = {35},
	year = {2006}
}

@article{schegloffPreferenceSelfcorrectionOrganization1977,
	author = {Schegloff, Emanuel A. and Jefferson, Gail and Sacks, Harvey},
	journal = {Language},
	number = {2},
	pages = {361--382},
	publisher = {{Linguistic Society of America}},
	title = {The Preference for Self-Correction in the Organization of Repair in Conversation},
	volume = {53},
	year = {1977}
}

@article{schegloffOtherUh2010,
	author = {Schegloff, Emanuel A.},
	journal = {Discourse {Processes}},
	number = {2},
	pages = {130--174},
	publisher = {{Taylor \& Francis}},
	title = {Some Other ``Uh (m)'' s},
	volume = {47},
	year = {2010}
}

@article{sbrannaQuantifyingL2Interactional2021,
	author = {Sbranna, Simona and Cangemi, Francesco and Grice, Martine},
	journal = {Language variation under contact conditions: {Acquisitional} contexts, languages, dialects and minorities in Italy and around the world -- XVI AISV Conference Proceedings},
	langid = {english},
	title = {Quantifying {{L2}} Interactional Competence},
	year = {2021}
}

@article{sbrannaBackchannellingLanguagesRate2022,
	address = {Lisbon, Portugal},
	author = {Sbranna, Simona and Möking, Eduardo and Wehrle, Simon and Grice, Martine},
	journal = {Proc. Speech Prosody 2022},
	pages = {734--738},
	shorttitle = {Backchannelling across {{Languages}}},
	sortname = {Sbranna, Simona and Moking, Eduardo and Wehrle, Simon and Grice, Martine},
	title = {Backchannelling across Languages: {{Rate}}, Lexical Choice and Intonation in {{L1 {Italian}}}, {{L1 {{German}}}} and {{L2 {{German}}}}},
	year = {2022}
}

@article{sawilowskyNewEffectSize2009,
	author = {Sawilowsky, Shlomo S.},
	journal = {Journal of Modern Applied Statistical Methods},
	number = {2},
	pages = {26},
	title = {New Effect Size {Rules} of Thumb},
	volume = {8},
	year = {2009}
}

@article{satzgerLiefernHAWIERWST2002,
	author = {Satzger, Wolfgang and Fessmann, Herbert and Engel, Rolf R.},
	journal = {Zeitschrift für Differentielle und Diagnostische Psychologie},
	number = {2},
	pages = {159--170},
	publisher = {{Hogrefe \& Huber Publishers}},
	title = {Liefern {{{HAWIE}-R}}, {{{WST}}} Und {{{MWT}-B}} Vergleichbare {{{IQ}-Werte}}?},
	volume = {23},
	year = {2002}
}

@article{sacksSimplestSystematicsOrganization1978,
	author = {Sacks, Harvey and Schegloff, Emanuel A. and Jefferson, Gail},
	journal = {Language},
	number = {4},
	pages = {696--735},
	publisher = {{Elsevier}},
	title = {A Simplest Systematics for the Organization of Turn Taking for Conversation},
	volume = {50},
	year = {1974}
}

@article{roettgerResearcherDegreesFreedom2019,
	author = {Roettger, Timo B.},
	journal = {Laboratory Phonology: Journal of the Association for Laboratory Phonology},
	number = {1},
	doi = {10.5334/labphon.147},
	publisher = {{Ubiquity Press}},
	title = {Researcher Degrees of Freedom in Phonetic Research},
	volume = {10},
	year = {2019}
}

@article{roettgerEmergentDataAnalysis2019,
	author = {Roettger, Timo B. and Winter, Bodo and Baayen, Harald},
	journal = {Journal of Phonetics},
	pages = {1--7},
	publisher = {{Elsevier}},
	shorttitle = {Emergent Data Analysis in Phonetic Sciences},
	title = {Emergent Data Analysis in Phonetic Sciences: {{Towards}} Pluralism and Reproducibility},
	volume = {73},
	year = {2019}
}

@article{robertsIdentifyingTemporalThreshold2013,
	author = {Roberts, Felicia and Francis, Alexander L.},
	journal = {The Journal of the Acoustical Society of America},
	number = {6},
	pages = {EL471--EL477},
	publisher = {{Acoustical Society of America}},
	title = {Identifying a Temporal Threshold of Tolerance for Silent Gaps after Requests},
	volume = {133},
	year = {2013}
}

@article{rifaiInvestigatingMarkersRapport2022,
	author = {Rifai, Olivia M. and {Fletcher-Watson}, Sue and {Jim{é}nez-Sánchez}, Lorena and Crompton, Catherine J.},
	doi = {10.1089/aut.2021.0017},
	journal = {Autism in Adulthood},
	month = {3},
	number = {1},
	pages = {3--11},
	publisher = {{Mary Ann Liebert, Inc., publishers}},
	sortname = {Rifai, Olivia M. and {Fletcher-Watson}, Sue and {Jim{e}nez-Sanchez}, Lorena and Crompton, Catherine J.},
	title = {Investigating Markers of Rapport in Autistic and Nonautistic Interactions},
	volume = {4},
	year = {2022}
}

@article{reddySharingHumourLaughter2002,
	author = {Reddy, Vasudevi and Williams, Emma and Vaughan, Amy},
	journal = {British {Journal of Psychology}},
	number = {2},
	pages = {219--242},
	publisher = {{Wiley Online Library}},
	title = {Sharing Humour and Laughter in Autism and {{Down}}'s Syndrome},
	volume = {93},
	year = {2002}
}

@article{ravignaniInteractiveRhythmsSpecies2019,
	author = {Ravignani, Andrea and Verga, Laura and Greenfield, Michael D.},
	doi = {10.1111/nyas.14230},
	journal = {Annals of the New York Academy of Sciences},
	number = {1},
	pages = {12--21},
	shorttitle = {Interactive Rhythms across Species},
	title = {Interactive Rhythms across Species: {{T}}he Evolutionary Biology of Animal Chorusing and Turn-Taking},
	volume = {1453},
	year = {2019}
}

@article{rapinAutisticChildrenDiagnosis1991,
	author = {Rapin, Isabelle},
	journal = {Pediatrics},
	number = {5},
	pages = {751--760},
	publisher = {{Am Acad Pediatrics}},
	shorttitle = {Autistic Children},
	title = {Autistic Children: {{Diagnosis}} and Clinical Features},
	volume = {87},
	year = {1991}
}

@article{pikaTakingTurnsBridging2018,
	author = {Pika, Simone and Wilkinson, Ray and Kendrick, Kobin H. and Vernes, Sonja C.},
	journal = {Proceedings of the Royal Society B},
	number = {1880},
	pages = {20180598},
	publisher = {{The Royal Society}},
	shorttitle = {Taking Turns},
	title = {Taking Turns: {Bridging} the Gap between Human and Animal Communication},
	volume = {285},
	year = {2018}
}

@article{paulPerceptionProductionProsody2005,
	author = {Paul, Rhea and Augustyn, Amy and Klin, Ami and Volkmar, Fred R.},
	journal = {Journal of {Autism and Developmental Disorders}},
	number = {2},
	pages = {205--220},
	publisher = {{Springer}},
	title = {Perception and Production of Prosody by Speakers with Autism Spectrum Disorders},
	volume = {35},
	year = {2005}
}

@article{parish-morrisLinguisticCamouflageGirls2017,
	author = {{Parish-Morris}, Julia and Liberman, Mark Y. and Cieri, Christopher and Herrington, John D. and Yerys, Benjamin E. and Bateman, Leila and Donaher, Joseph and Ferguson, Emily and Pandey, Juhi and Schultz, Robert T.},
	doi = {10.1186/s13229-017-0164-6},
	journal = {Molecular Autism},
	month = {9},
	number = {1},
	pages = {48},
	title = {Linguistic Camouflage in Girls with Autism Spectrum Disorder},
	volume = {8},
	year = {2017}
}

@article{oconnellHistoryResearchFilled2004,
	author = {O'Connell, Daniel C. and Kowal, Sabine},
	journal = {Journal of Psycholinguistic Research},
	number = {6},
	pages = {459--474},
	publisher = {{Springer}},
	sortname = {O'Connell, Daniel C. and Kowal, Sabine},
	title = {The History of Research on the Filled Pause as Evidence of {{The Written Language Bias}} in {{Linguistics}} ({{Linell}}, 1982)},
	volume = {33},
	year = {2004}
}

@article{ochsAutismSocialWorld2004,
	author = {Ochs, Elinor and {Kremer-Sadlik}, Tamar and Sirota, Karen Gainer and Solomon, Olga},
	doi = {10.1177/1461445604041766},
	journal = {Discourse Studies},
	month = {5},
	number = {2},
	pages = {147--183},
	shorttitle = {Autism and the {{Social World}}},
	title = {Autism and the Social World: {{An}} Anthropological Perspective},
	volume = {6},
	year = {2004}
}

@article{ochiQuantificationSpeechSynchrony2019,
	author = {Ochi, Keiko and Ono, Nobutaka and Owada, Keiho and Kojima, Masaki and Kuroda, Miho and Sagayama, Shigeki and Yamasue, Hidenori},
	booktitle = {Quantification of Speech and Synchrony in the Conversation of Adults with Autism Spectrum Disorder},
	doi = {10.1371/journal.pone.0225377},
	editor = {Hashimoto, Kenji},
	journal = {PLOS ONE},
	month = {12},
	number = {12},
	pages = {e0225377},
	title = {Quantification of Speech and Synchrony in the Conversation of Adults with Autism Spectrum Disorder},
	volume = {14},
	year = {2019}
}

@article{nguyenSystematicReviewBayesian2022,
	author = {Nguyen, Vivian and Versyp, Otto and Cox, Christopher and Fusaroli, Riccardo},
	doi = {10.1111/cdev.13754},
	journal = {Child Development},
	number = {4},
	pages = {1181--1200},
	title = {A Systematic Review and {{{Bayesian}}} Meta-Analysis of the Development of Turn Taking in Adult--Child Vocal Interactions},
	volume = {93},
	year = {2022}
}

@article{nguyenAcousticCorrelatesListeneridentified2015,
	author = {Nguye\^\~n, Anh-Thư T.},
	journal = {International Journal of Asian Language Processing},
	number = {2},
	pages = {67--90},
	sortname = {Nguye\^n, Anh-Thu T.},
	title = {Acoustic Correlates of Listener-Identified Boundaries and Prominences in Spontaneous {{{Vietnamese}}} Speech},
	volume = {25},
	year = {2015}
}

@article{nadigAcousticPerceptualMeasurement2012,
	author = {Nadig, Aparna and Shaw, Holly},
	journal = {Journal of Autism and Developmental Disorders},
	number = {4},
	pages = {499--511},
	publisher = {{Springer}},
	shorttitle = {Acoustic and Perceptual Measurement of Expressive Prosody in High-Functioning Autism},
	title = {Acoustic and Perceptual Measurement of Expressive Prosody in High-Functioning Autism: {{Increased}} Pitch Range and What It Means to Listeners},
	volume = {42},
	year = {2012}
}

@article{murphyHARKingHowBadly2019,
	author = {Murphy, Kevin R. and Aguinis, Herman},
	journal = {Journal of {Business and Psychology}},
	number = {1},
	pages = {1--17},
	publisher = {{Springer}},
	shorttitle = {{{HARKing}}},
	title = {{{{HARK}ing}}: {{How}} Badly Can Cherry-Picking and Question Trolling Produce Bias in Published Results?},
	volume = {34},
	year = {2019}
}

@article{morrisonOutcomesRealworldSocial2020,
	author = {Morrison, Kerrianne E and DeBrabander, Kilee M and Jones, Desiree R and Faso, Daniel J and Ackerman, Robert A and Sasson, Noah J},
	doi = {10.1177/1362361319892701},
	journal = {Autism},
	month = {7},
	number = {5},
	pages = {1067--1080},
	publisher = {{SAGE Publications Ltd}},
	title = {Outcomes of Real-World Social Interaction for Autistic Adults Paired with Autistic Compared to Typically Developing Partners},
	volume = {24},
	year = {2020}
}

@article{mondadaContemporaryIssuesConversation2019,
	author = {Mondada, Lorenza},
	journal = {Journal of Pragmatics},
	pages = {47--62},
	publisher = {{Elsevier}},
	shorttitle = {Contemporary Issues in Conversation Analysis},
	title = {Contemporary Issues in Conversation Analysis: {{Embodiment}} and Materiality, Multimodality and Multisensoriality in Social Interaction},
	volume = {145},
	year = {2019}
}

@article{mitchellAutismDoubleEmpathy2021,
	author = {Mitchell, Peter and Sheppard, Elizabeth and Cassidy, Sarah},
	doi = {10.1111/bjdp.12350},
	journal = {British Journal of Developmental Psychology},
	number = {1},
	pages = {1--18},
	shorttitle = {Autism and the Double Empathy Problem},
	title = {Autism and the Double Empathy Problem: {{Implications}} for Development and Mental Health},
	volume = {39},
	year = {2021}
}

@article{miltonOntologicalStatusAutism2012,
	author = {Milton, Damian},
	journal = {Disability \& Society},
	number = {6},
	pages = {883--887},
	publisher = {{Taylor \& Francis}},
	shorttitle = {On the Ontological Status of Autism},
	title = {On the Ontological Status of Autism: {The} `Double Empathy Problem'},
	volume = {27},
	year = {2012}
}

@article{meschManualBackchannelResponses2016,
	author = {Mesch, Johanna},
	journal = {Language \& Communication},
	pages = {22--41},
	publisher = {{Elsevier}},
	title = {Manual Backchannel Responses in Signers' Conversations in {{{Swedish Sign Language}}}},
	volume = {50},
	year = {2016}
}

@article{mennenCrosslanguageDifferencesFundamental2012a,
	author = {Mennen, Ineke and Schaeffler, Felix and Docherty, Gerard},
	journal = {The Journal of the Acoustical Society of America},
	number = {3},
	pages = {2249--2260},
	publisher = {{Acoustical Society of America}},
	shorttitle = {Cross-Language Differences in Fundamental Frequency Range},
	title = {Cross-Language Differences in Fundamental Frequency Range: {{A}} Comparison of {{{English}}} and {{{German}}}},
	volume = {131},
	year = {2012}
}

@article{mehuSmilingLaughterNaturally2011,
	author = {Mehu, Marc},
	journal = {Human Ethology Bulletin},
	number = {1},
	pages = {10--28},
	shorttitle = {Smiling and Laughter in Naturally Occurring Dyadic Interactions},
	title = {Smiling and Laughter in Naturally Occurring Dyadic Interactions: {{Relationship}} to Conversation, Body Contacts, and Displacement Activities},
	volume = {26},
	year = {2011}
}

@article{mcshaneStatisticalSignificanceDichotomization2017,
	author = {McShane, Blakeley B. and Gal, David},
	journal = {Journal of the American Statistical Association},
	number = {519},
	pages = {885--895},
	publisher = {{Taylor \& Francis}},
	title = {Statistical Significance and the Dichotomization of Evidence},
	volume = {112},
	year = {2017}
}

@article{mcgregorBriefReportUm2020,
	author = {McGregor, Karla K. and Hadden, Rex R.},
	journal = {Journal of Autism and Developmental Disorders},
	number = {5},
	pages = {1816--1821},
	publisher = {{Springer}},
	shorttitle = {Brief {{Report}}},
	title = {Brief Report:``{{Um}}'' Fillers Distinguish Children with and without {{{ASD}}}},
	volume = {50},
	year = {2020}
}

@article{mccrackenAutisticIdentityLanguage2021,
	author = {McCracken, Chelsea},
	doi = {10.1353/lan.2021.0038},
	journal = {Language},
	number = {3},
	pages = {e211-e217},
	shorttitle = {Autistic Identity and Language Learning},
	title = {Autistic Identity and Language Learning: {{Response}} to {{Kissine}}},
	volume = {97},
	year = {2021}
}

@article{mcclearyTurntakingBrazilianSign2013,
	author = {McCleary, Leland and {de Arantes Leite}, Tarcísio},
	journal = {Journal of Interactional Research in Communication Disorders},
	number = {1},
	pages = {123},
	publisher = {{Equinox Publishing Ltd.}},
	shorttitle = {Turn-Taking in {{Brazilian}} Sign Language},
	sortname = {McCleary, Leland and {de Arantes Leite}, Tarcisio},
	title = {Turn-Taking in {{{Brazilian}}} Sign Language: {Evidence} from Overlap},
	volume = {4},
	year = {2013}
}

@article{mccannProsodyAutismSpectrum2003a,
	author = {McCann, Joanne and Pepp{é}, Sue},
	journal = {International Journal of Language \& Communication Disorders},
	number = {4},
	pages = {325--350},
	publisher = {{Wiley Online Library}},
	shorttitle = {Prosody in Autism Spectrum Disorders},
	sortname = {McCann, Joanne and Pepp{e}, Sue},
	title = {Prosody in Autism Spectrum Disorders: {{A}} Critical Review},
	volume = {38},
	year = {2003}
}

@article{mcaleerHowYouSay2014,
	author = {McAleer, Phil and Todorov, Alexander and Belin, Pascal},
	journal = {{PLOS One}},
	number = {3},
	pages = {e90779},
	publisher = {{Public Library of Science}},
	shorttitle = {How Do You Say `{{Hello}}'?},
	title = {How Do You Say `{{Hello}}'? {{Personality}} Impressions from Brief Novel Voices},
	volume = {9},
	year = {2014}
}

@article{lucariniConversationalMetricsPsychopathological2021,
	author = {Lucarini, Valeria and Cangemi, Francesco and Daniel, Benyamin Daniel and Lucchese, Jacopo and Paraboschi, Francesca and Cattani, Chiara and Marchesi, Carlo and Grice, Martine and Vogeley, Kai and Tonna, Matteo},
	doi = {10.1007/s00406-021-01329-w},
	journal = {European Archives of Psychiatry and Clinical Neuroscience},
	month = {9},
	title = {Conversational Metrics, Psychopathological Dimensions and Self-Disturbances in Patients with Schizophrenia},
	year = {2021}
}

@article{lordMultisiteStudyClinical2012,
	author = {Lord, Catherine and Petkova, Eva and Hus, Vanessa and Gan, Weijin and Lu, Feihan and Martin, Donna M. and Ousley, Opal and Guy, Lisa and Bernier, Raphael and Gerdts, Jennifer},
	journal = {Archives of {General Psychiatry}},
	number = {3},
	pages = {306--313},
	publisher = {{American Medical Association}},
	title = {A Multisite Study of the Clinical Diagnosis of Different Autism Spectrum Disorders},
	volume = {69},
	year = {2012}
}

@article{lordAutismDiagnosticObservation2000,
	author = {Lord, Catherine and Risi, Susan and Lambrecht, Linda and Cook, Edwin H. and Leventhal, Bennett L. and DiLavore, Pamela C. and Pickles, Andrew and Rutter, Michael},
	journal = {Journal of {Autism and Developmental Disorders}},
	number = {3},
	pages = {205--223},
	publisher = {{Springer}},
	shorttitle = {The {{Autism Diagnostic Observation Schedule}}\textemdash{{Generic}}},
	title = {The {{Autism Diagnostic Observation Schedule}}\textemdash{{Generic}}: {{A}} {Standard} Measure of Social and Communication Deficits Associated with the Spectrum of Autism},
	volume = {30},
	year = {2000}
}

@article{liuJustNoticeableDifference2013,
	author = {Liu, Chang},
	journal = {The Journal of the Acoustical Society of America},
	number = {4},
	pages = {3011--3020},
	publisher = {{Acoustical Society of America}},
	title = {Just Noticeable Difference of Tone Pitch Contour Change for {{{English}-and {Chinese}-native}} Listeners},
	volume = {134},
	year = {2013}
}

@article{liuAssociationMothersSpeech2003,
	author = {Liu, Huei-Mei and Kuhl, Patricia K. and Tsao, Feng-Ming},
	journal = {Developmental {Science}},
	number = {3},
	pages = {F1--F10},
	publisher = {{Wiley Online Library}},
	title = {An Association between Mothers' Speech Clarity and Infants' Speech Discrimination Skills},
	volume = {6},
	year = {2003}
}

@article{libermanPerceptionSpeechCode1967a,
	address = {{US}},
	author = {Liberman, Alvin M. and Cooper, Franklin S. and Shankweiler, Donal P. and {Studdert-Kennedy}, Michael},
	doi = {10.1037/h0020279},
	journal = {Psychological Review},
	number = {6},
	pages = {431--461},
	publisher = {{American Psychological Association}},
	title = {Perception of the Speech Code},
	volume = {74},
	year = {1967}
}

@article{liBackchannelResponsesMisleading2006,
	author = {Li, Han Z.},
	journal = {Journal of {Intercultural Communication Research}},
	number = {2},
	pages = {99--116},
	publisher = {{Taylor \& Francis}},
	title = {Backchannel Responses as Misleading Feedback in Intercultural Discourse},
	volume = {35},
	year = {2006}
}

@article{levinsonTurntakingHumanCommunication2016,
	author = {Levinson, Stephen C.},
	journal = {Trends in cognitive sciences},
	number = {1},
	pages = {6--14},
	publisher = {{Elsevier}},
	title = {Turn-Taking in Human Communication--Origins and Implications for Language Processing},
	volume = {20},
	year = {2016}
}

@article{levinsonTimingTurntakingIts2015a,
	author = {Levinson, Stephen C. and Torreira, Francisco},
	journal = {Frontiers in psychology},
	pages = {731},
	publisher = {{Frontiers}},
	title = {Timing in Turn-Taking and Its Implications for Processing Models of Language},
	volume = {6},
	year = {2015}
}

@article{leongomezVocalModulationCourtship2014,
	author = {Leongómez, Juan David and Binter, Jakub and Kubicová, Lydie and Stolařová, Petra and Klapilová, Kateřina and Havlí{\v c}ek, Jan and Roberts, S. Craig},
	journal = {Evolution and Human Behavior},
	number = {6},
	pages = {489--496},
	publisher = {{Elsevier}},
	sortname = {Leongomez, Juan David and Binter, Jakub and Kubicova, Lydie and Stolarova, Petra and Klapilova, Katerina and Havli{\v c}ek, Jan and Roberts, S. Craig},
	title = {Vocal Modulation during Courtship Increases Proceptivity Even in Naive Listeners},
	volume = {35},
	year = {2014}
}

@article{lemoineMovingNoninformativePriors2019,
	author = {Lemoine, Nathan P.},
	journal = {Oikos},
	number = {7},
	pages = {912--928},
	publisher = {{Wiley Online Library}},
	shorttitle = {Moving beyond Noninformative Priors},
	title = {Moving beyond Noninformative Priors: {{Why}} and How to Choose Weakly Informative Priors in {{{Bayesian}}} Analyses},
	volume = {128},
	year = {2019}
}

@article{lakeListenerVsSpeakeroriented2011,
	author = {Lake, Johanna K. and Humphreys, Karin R. and Cardy, Shannon},
	journal = {Psychonomic {Bulletin \& Review}},
	number = {1},
	pages = {135--140},
	publisher = {{Springer}},
	shorttitle = {Listener vs. Speaker-Oriented Aspects of Speech},
	title = {Listener vs. {{S}}peaker-Oriented Aspects of Speech: {{Studying}} the Disfluencies of Individuals with Autism Spectrum Disorders},
	volume = {18},
	year = {2011}
}

@article{laiQuantifyingExploringCamouflaging2017,
	author = {Lai, Meng-Chuan and Lombardo, Michael V. and Ruigrok, Amber NV and Chakrabarti, Bhismadev and Auyeung, Bonnie and Szatmari, Peter and Happ{é}, Francesca and {Baron-Cohen}, Simon and Consortium, MRC AIMS},
	journal = {Autism},
	number = {6},
	pages = {690--702},
	publisher = {{Sage Publications Sage UK: London, England}},
	sortname = {Lai, Meng-Chuan and Lombardo, Michael V. and Ruigrok, Amber NV and Chakrabarti, Bhismadev and Auyeung, Bonnie and Szatmari, Peter and Happ{e}, Francesca and {Baron-Cohen}, Simon and Consortium, MRC AIMS},
	title = {Quantifying and Exploring Camouflaging in Men and Women with Autism},
	volume = {21},
	year = {2017}
}

@article{laddEvidenceIndependentFunction1985,
	author = {Ladd, D. Robert and Silverman, Kim EA and Tolkmitt, Frank and Bergmann, G{ü}nther and Scherer, Klaus R.},
	journal = {The Journal of the Acoustical Society of America},
	number = {2},
	pages = {435--444},
	publisher = {{Acoustical Society of America}},
	sortname = {Ladd, D. Robert and Silverman, Kim EA and Tolkmitt, Frank and Bergmann, G{u}nther and Scherer, Klaus R.},
	title = {Evidence for the Independent Function of Intonation Contour Type, Voice Quality, and {{F}}0 Range in Signaling Speaker Affect},
	volume = {78},
	year = {1985}
}

@article{kuiperParisianPerceptionsRegional1999,
	author = {Kuiper, Lawrence},
	journal = {Handbook of perceptual dialectology},
	pages = {243--262},
	title = {{Parisian} Perceptions of Regional {{{French}}}},
	volume = {1},
	year = {1999}
}

@article{kuhlPhoneticLearningPathway2008,
	author = {Kuhl, Patricia K. and Conboy, Barbara T. and {Coffey-Corina}, Sharon and Padden, Denise and {Rivera-Gaxiola}, Maritza and Nelson, Tobey},
	journal = {Philosophical Transactions of the Royal Society B: Biological Sciences},
	number = {1493},
	pages = {979--1000},
	publisher = {{The Royal Society London}},
	shorttitle = {Phonetic Learning as a Pathway to Language},
	title = {Phonetic Learning as a Pathway to Language: {New} Data and Native Language Magnet Theory Expanded ({{{NLM}-e}})},
	volume = {363},
	year = {2008}
}

@article{kosmalaDualStatusFilled2022,
	author = {Kosmala, Loulou and Crible, Ludivine},
	doi = {10.1177/00238309211010862},
	journal = {Language and Speech},
	month = {3},
	number = {1},
	pages = {216--239},
	publisher = {{SAGE Publications Ltd}},
	shorttitle = {The Dual Status of Filled Pauses},
	title = {The Dual Status of Filled Pauses: {{Evidence}} from Genre, Proficiency and Co-Occurrence},
	volume = {65},
	year = {2022}
}

@article{kerrHARKingHypothesizingResults1998,
	author = {Kerr, Norbert L.},
	journal = {Personality and {Social Psychology Review}},
	number = {3},
	pages = {196--217},
	publisher = {{Sage Publications Sage CA: Los Angeles, CA}},
	shorttitle = {{{HARKing}}},
	title = {{{{HARK}ing}}: {{Hypothesizing}} after the Results Are Known},
	volume = {2},
	year = {1998}
}

@article{kendrickTimingConstructionPreference2015a,
	author = {Kendrick, Kobin H. and Torreira, Francisco},
	journal = {Discourse Processes},
	number = {4},
	pages = {255--289},
	publisher = {{Taylor \& Francis}},
	shorttitle = {The Timing and Construction of Preference},
	title = {The Timing and Construction of Preference: {{A}} Quantitative Study},
	volume = {52},
	year = {2015}
}

@article{kendrickIntersectionTurntakingRepair2015,
	author = {Kendrick, Kobin H.},
	journal = {Frontiers in {Psychology}},
	number = {250},
	pages = {10--3389},
	publisher = {{Frontiers Research Foundation}},
	shorttitle = {The Intersection of Turn-Taking and Repair},
	title = {The Intersection of Turn-Taking and Repair: {The} Timing of Other-Initiations of Repair in Conversation},
	volume = {6},
	year = {2015}
}

@article{kendonFunctionsGazedirectionSocial1967,
	author = {Kendon, Adam},
	doi = {10.1016/0001-6918(67)90005-4},
	journal = {Acta Psychologica},
	pages = {22--63},
	title = {Some Functions of Gaze-Direction in Social Interaction},
	volume = {26},
	year = {1967}
}

@article{keltnerStudyLaughterDissociation1997,
	author = {Keltner, Dacher and Bonanno, George A.},
	journal = {Journal of {Personality and Social Psychology}},
	number = {4},
	pages = {687},
	publisher = {{American Psychological Association}},
	shorttitle = {A Study of Laughter and Dissociation},
	title = {A Study of Laughter and Dissociation: {{Distinct}} Correlates of Laughter and Smiling during Bereavement.},
	volume = {73},
	year = {1997}
}

@article{kannerAutisticDisturbancesAffective1943,
	author = {Kanner, Leo},
	journal = {Nervous {Child}},
	number = {3},
	pages = {217--250},
	publisher = {{New York}},
	title = {Autistic Disturbances of Affective Contact},
	volume = {2},
	year = {1943}
}

@article{kalandBendingStringIntonation2022,
	author = {Kaland, Constantijn},
	journal = {Proceedings of Interspeech 2022},
	pages = {5233--5237},
	shorttitle = {Bending the String},
	title = {Bending the String: {Intonation} Contour Length as a Correlate of Macro-Rhythm},
	year = {2022}
}

@article{kalandAccountingListenerComparing2013,
	author = {Kaland, Constantijn and Swerts, Marc and Krahmer, Emiel},
	journal = {The Journal of the {Acoustical Society of America}},
	number = {3},
	pages = {2182--2196},
	publisher = {{Acoustical Society of America}},
	shorttitle = {Accounting for the Listener},
	title = {Accounting for the Listener: {{Comparing}} the Production of Contrastive Intonation in Typically-Developing Speakers and Speakers with Autism},
	volume = {134},
	year = {2013}
}

@article{jongmanJustNoticeableDifferences2017,
	author = {Jongman, Allard and Qin, Zhen and Zhang, Jie and Sereno, Joan A.},
	journal = {The Journal of the Acoustical Society of America},
	number = {2},
	pages = {EL163--EL169},
	publisher = {{Acoustical Society of America}},
	title = {Just Noticeable Differences for Pitch Direction, Height, and Slope for {{{Mandarin}}} and {{{English}}} Listeners},
	volume = {142},
	year = {2017}
}

@article{jonesItImportantFrequency2022,
	author = {Jones, Rebekah and Zane, Emily R and Grossman, Ruth B},
	doi = {10.1177/23969415221129132},
	journal = {Autism \& Developmental Language Impairments},
	month = {1},
	pages = {23969415221129132},
	publisher = {{SAGE Publications Ltd}},
	shorttitle = {Like, It's Important},
	title = {Like, It's Important: {{The}} Frequency and Use of the Discourse Marker like in Older Autistic Children},
	volume = {7},
	year = {2022}
}

@article{johnMeasuringPrevalenceQuestionable2012,
	author = {John, Leslie K. and Loewenstein, George and Prelec, Drazen},
	doi = {10.1177/0956797611430953},
	journal = {Psychological Science},
	month = {5},
	number = {5},
	pages = {524--532},
	publisher = {{SAGE Publications Inc}},
	title = {Measuring the Prevalence of Questionable Research Practices With Incentives for Truth Telling},
	volume = {23},
	year = {2012}
}

@article{jeffersonNotesSystematicDeployment1984,
	author = {Jefferson, Gail},
	journal = {Paper in Linguistics},
	number = {2},
	pages = {197--216},
	publisher = {{Taylor \& Francis}},
	title = {Notes on a Systematic Deployment of the Acknowledgement Tokens ``Yeah''; and ``Mm Hm''},
	volume = {17},
	year = {1984}
}

@article{irvineUhUmAutism2016,
	author = {Irvine, Christina A. and Eigsti, Inge-Marie and Fein, Deborah A.},
	journal = {Journal of {Autism and Developmental Disorders}},
	number = {3},
	pages = {1061--1070},
	publisher = {{Springer}},
	shorttitle = {Uh, Um, and Autism},
	title = {Uh, Um, and Autism: {{Filler}} Disfluencies as Pragmatic Markers in Adolescents with Optimal Outcomes from Autism Spectrum Disorder},
	volume = {46},
	year = {2016}
}

@article{hullPuttingMyBest2017,
	author = {Hull, Laura and Petrides, K. V. and Allison, Carrie and Smith, Paula and {Baron-Cohen}, Simon and Lai, Meng-Chuan and Mandy, William},
	journal = {Journal of {Autism and Developmental Disorders}},
	number = {8},
	pages = {2519--2534},
	publisher = {{Springer}},
	shorttitle = {``{{Putting}} on My Best Normal''},
	title = {``{{Putting}} on My Best Normal'': {{Social}} Camouflaging in Adults with Autism Spectrum Conditions},
	volume = {47},
	year = {2017}
}

@article{hudenkoLaughterDiffersChildren2009,
	author = {Hudenko, William J. and Stone, Wendy and Bachorowski, Jo-Anne},
	journal = {Journal of {Autism and Developmental Disorders}},
	number = {10},
	pages = {1392--1400},
	publisher = {{Springer}},
	shorttitle = {Laughter Differs in Children with Autism},
	title = {Laughter Differs in Children with Autism: {{An}} Acoustic Analysis of Laughs Produced by Children with and without the Disorder},
	volume = {39},
	year = {2009}
}

@article{hubbardIntonationEmotionAutistic2007,
	author = {Hubbard, Kathleen and Trauner, Doris A.},
	journal = {Journal of {Psycholinguistic Research}},
	number = {2},
	pages = {159--173},
	publisher = {{Springer}},
	title = {Intonation and Emotion in Autistic Spectrum Disorders},
	volume = {36},
	year = {2007}
}

@article{hualdeInternationalProsodicAlphabet2016,
	author = {Hualde, Jos{é} Ignacio and Prieto, Pilar},
	journal = {Laboratory Phonology},
    doi = {10.5334/labphon.11},
	publisher = {{De Gruyter}},
	sortname = {Hualde, Jos{e} Ignacio and Prieto, Pilar},
	title = {Towards an International Prosodic Alphabet ({{{IP}rA}})},
	volume = {7},
    number = {1},
	year = {2016}
}

@article{hollerProcessingLanguageFacetoface2018,
	author = {Holler, Judith and Kendrick, Kobin H. and Levinson, Stephen C.},
	journal = {Psychonomic {Bulletin \& Review}},
	number = {5},
	pages = {1900--1908},
	publisher = {{Springer}},
	shorttitle = {Processing Language in Face-to-Face Conversation},
	title = {Processing Language in Face-to-Face Conversation: {{Questions}} with Gestures Get Faster Responses},
	volume = {25},
	year = {2018}
}

@article{hodges-simeonDifferentVocalParameters2010,
	author = {{Hodges-Simeon}, Carolyn R. and Gaulin, Steven JC and Puts, David A.},
	journal = {Human Nature},
	number = {4},
	pages = {406--427},
	publisher = {{Springer}},
	title = {Different Vocal Parameters Predict Perceptions of Dominance and Attractiveness},
	volume = {21},
	year = {2010}
}

@article{heldnerPausesGapsOverlaps2010,
	author = {Heldner, Mattias and Edlund, Jens},
	journal = {Journal of Phonetics},
	number = {4},
	pages = {555--568},
	publisher = {{Elsevier}},
	title = {Pauses, Gaps and Overlaps in Conversations},
	volume = {38},
	year = {2010}
}

@article{headExtentConsequencesPhacking2015,
	author = {Head, Megan L. and Holman, Luke and Lanfear, Rob and Kahn, Andrew T. and Jennions, Michael D.},
	journal = {PLoS {Biology}},
	number = {3},
	pages = {e1002106},
	publisher = {{Public Library of Science San Francisco, CA USA}},
	title = {The Extent and Consequences of P-Hacking in Science},
	volume = {13},
	year = {2015}
}

@incollection{hawkinsCommunicativeInteractionSpontaneous2013,
	author = {Hawkins, Sarah and Cross, Ian and Ogden, Richard},
	booktitle = {Music, language and interaction},
	pages = {285--329},
	publisher = {{College Publications}},
    address = {London, UK},                
	title = {Communicative Interaction in Spontaneous Music and Speech},
	editor = {Orwin, Martin and Howes, Christine and Kempson, Ruth},
	year = {2013}
}

@article{happeUnderstandingMindsMetaphors1995,
	author = {Happ{é}, Francesca},
	journal = {Metaphor and {Symbol}},
	number = {4},
	pages = {275--295},
	publisher = {{Taylor \& Francis}},
	shorttitle = {Understanding Minds and Metaphors},
	sortname = {Happ{e}, Francesca},
	title = {Understanding Minds and Metaphors: {{Insights}} from the Study of Figurative Language in Autism},
	volume = {10},
	year = {1995}
}

@article{happeExploringCognitivePhenotype2001,
	author = {Happ{é}, Francesca and Briskman, Jacqueline and Frith, Uta},
	journal = {Journal of {Child Psychology and Psychiatry}},
	number = {3},
	pages = {299--307},
	publisher = {{Wiley Online Library}},
	shorttitle = {Exploring the Cognitive Phenotype of Autism},
	sortname = {Happ{e}, Francesca and Briskman, Jacqueline and Frith, Uta},
	title = {Exploring the Cognitive Phenotype of Autism: {Weak} ``{Central} Coherence'' in Parents and Siblings of Children with Autism: {{I}}. {{Experimental}} Tests},
	volume = {42},
	year = {2001}
}

@article{hanulovaWhereDoesDelay2011,
	author = {Hanulová, Jana and Davidson, Douglas J. and Indefrey, Peter},
	journal = {Language and Cognitive Processes},
	number = {7},
	pages = {902--934},
	publisher = {{Taylor \& Francis}},
	shorttitle = {Where Does the Delay in {{L2}} Picture Naming Come From?},
	sortname = {Hanulova, Jana and Davidson, Douglas J. and Indefrey, Peter},
	title = {Where Does the Delay in {{L2}} Picture Naming Come from? {{Psycholinguistic}} and Neurocognitive Evidence on Second Language Word Production},
	volume = {26},
	year = {2011}
}

@article{hallLocalMinimaCrossValidation1991,
	author = {Hall, Peter and Marron, James S.},
	doi = {10.1111/j.2517-6161.1991.tb01822.x},
	journal = {Journal of the Royal Statistical Society: Series B (Methodological)},
	number = {1},
	pages = {245--252},
	title = {Local {{Minima}} in {{Cross-Validation Functions}}},
	volume = {53},
	year = {1991}
}

@article{gussenhovenFundamentalFrequencyDeclination1988,
	author = {Gussenhoven, Carlos and Rietveld, Antonius Clemens Maria},
	journal = {Journal of {Phonetics}},
	number = {3},
	pages = {355--369},
	publisher = {{Elsevier}},
	shorttitle = {Fundamental Frequency Declination in {{Dutch}}},
	title = {Fundamental Frequency Declination in {{{Dutch}}}: {Testing} Three Hypotheses},
	volume = {16},
	year = {1988}
}

@article{griffinWhatEyesSay2000,
	author = {Griffin, Zenzi M. and Bock, Kathryn},
	journal = {Psychological {Science}},
	number = {4},
	pages = {274--279},
	publisher = {{SAGE Publications Sage CA: Los Angeles, CA}},
	title = {What the Eyes Say about Speaking},
	volume = {11},
	year = {2000}
}

@article{grieveObservationExperimentationReplication2021,
	author = {Grieve, Jack},
	chapter = {Linguistics},
	doi = {10.1515/ling-2021-0094},
	journal = {Linguistics},
	month = {6},
	publisher = {{De Gruyter}},
	title = {Observation, Experimentation, and Replication in Linguistics},
	year = {2021}
}

@article{griceWordFinalSchwa2018,
	author = {Grice, Martine and Savino, Michelina and Roettger, Timo B.},
	journal = {The Journal of the Acoustical Society of America},
	number = {4},
	pages = {2474--2486},
	publisher = {{Acoustical Society of America}},
	title = {Word Final {Schwa} Is Driven by Intonation\textemdash{{The}} Case of {{Bari {Italian}}}},
	volume = {143},
	year = {2018}
}

@article{griceMapTasksItalian2003,
	author = {Grice, Martine and Savino, Michelina},
	journal = {Catalan {Journal of Linguistics}},
	pages = {153--180},
	shorttitle = {Map Tasks in {{Italian}}},
	title = {Map Tasks in {{{Italian}}}: {{Asking}} Questions about given, Accessible and New Information},
	volume = {2},
	year = {2003}
}

@article{griceLinguisticProsodyAutism2023,
	author = {Grice, Martine and Wehrle, Simon and Kr{ü}ger, Martina and Spaniol, Malin and Cangemi, Francesco and Vogeley, Kai},
	journal = {Language and Linguistics Compass},
	sortname = {Grice, Martine and Wehrle, Simon and Kr{u}ger, Martina and Spaniol, Malin and Cangemi, Francesco and Vogeley, Kai},
	title = {Linguistic {{Prosody}} in {{Autism Spectrum Disorder}}\textemdash{{An Overview}}},
	doi = {10.1111/lnc3.12498},
	year = {2023}
}

@article{griceIntonationQuestionsBari1997,
	author = {Grice, Martine and Savino, Michelina and Refice, Mario},
	journal = {Phonus},
	pages = {1--7},
	shorttitle = {The Intonation of Questions in {{Bari Italian}}},
	title = {The Intonation of Questions in {{Bari {Italian}}}: {{Do}} Speakers Replicate Their Spontaneous Speech When Reading},
	volume = {3},
	year = {1997}
}

@article{griceIntegratingDiscretenessContinuity2017,
	author = {Grice, Martine and Ritter, Simon and Niemann, Henrik and Roettger, Timo B.},
	doi = {10.1016/j.wocn.2017.03.003},
	journal = {Journal of Phonetics},
	month = {9},
	pages = {90--107},
	title = {Integrating the Discreteness and Continuity of Intonational Categories},
	volume = {64},
	year = {2017}
}

@article{greenProsodicAnalysisDifficult2009,
	author = {Green, Hila and Tobin, Yishai},
	journal = {International Journal of Speech-Language Pathology},
	number = {4},
	pages = {308--315},
	publisher = {{Taylor \& Francis}},
	shorttitle = {Prosodic Analysis Is Difficult\ldots{} but Worth It},
	title = {Prosodic Analysis Is Difficult\ldots{} but Worth It: {{A}} Study in High Functioning Autism},
	volume = {11},
	year = {2009}
}

@article{greenIntonationHebrewspeakingChildren2009,
	author = {Green, Hila},
	journal = {Asia Pacific Journal of Speech, Language and Hearing},
	number = {2},
	pages = {187--198},
	publisher = {{Taylor \& Francis}},
	title = {Intonation in {{{Hebrew}-speaking}} Children with High Functioning Autism},
	volume = {12},
	year = {2009}
}

@article{gratierEarlyDevelopmentTurntaking2015,
	author = {Gratier, Maya and Devouche, Emmanuel and Guellai, Bahia and Infanti, Rubia and Yilmaz, Ebru and {Parlato-Oliveira}, Erika},
	journal = {Frontiers in {Psychology}},
	number = {1167},
	pages = {236--245},
	publisher = {{Frontiers Media SA}},
	title = {Early Development of Turn-Taking in Vocal Interaction between Mothers and Infants},
	volume = {6},
	year = {2015}
}

@article{grahamFundamentalFrequencyRange2014,
	author = {Graham, Calbert},
	journal = {Phonetica},
	number = {4},
	pages = {271--295},
	publisher = {{Karger Publishers}},
	shorttitle = {Fundamental Frequency Range in {{Japanese}} and {{English}}},
	title = {Fundamental Frequency Range in {{{Japanese}}} and {{{English}}}: {{The}} Case of Simultaneous Bilinguals},
	volume = {71},
	year = {2014}
}

@article{gormanUhUmChildren2016,
	author = {Gorman, Kyle and Olson, Lindsay and Hill, Alison Presmanes and Lunsford, Rebecca and Heeman, Peter A. and {van Santen}, Jan PH},
	journal = {Autism Research},
	number = {8},
	pages = {854--865},
	publisher = {{Wiley Online Library}},
	title = {Uh and Um in Children with Autism Spectrum Disorders or Language Impairment},
	volume = {9},
	year = {2016}
}

@article{goldfarbSpeechLanguageFaults1972,
	author = {Goldfarb, William and Goldfarb, Nathan and Braunstein, Patricia and Scholl, Hannah},
	journal = {Journal of {Autism and Childhood Schizophrenia}},
	number = {3},
	pages = {219--233},
	publisher = {{Springer}},
	title = {Speech and Language Faults of Schizophrenic Children},
	volume = {2},
	year = {1972}
}

@article{goldbergConstructionistApproachOffers2021,
	author = {Goldberg, Adele E. and {Abbot-Smith}, Kirsten},
	doi = {10.1353/lan.2021.0035},
	journal = {Language},
	number = {3},
	pages = {e169-e183},
	shorttitle = {The Constructionist Approach Offers a Useful Lens on Language Learning in Autistic Individuals},
	title = {The Constructionist Approach Offers a Useful Lens on Language Learning in Autistic Individuals: {{Response}} to {{Kissine}}},
	volume = {97},
	year = {2021}
}

@article{gleitmanGiveTakeEvent2007,
	author = {Gleitman, Lila R. and January, David and Nappa, Rebecca and Trueswell, John C.},
	journal = {Journal of {Memory and Language}},
	number = {4},
	pages = {544--569},
	publisher = {{Elsevier}},
	title = {On the Give and Take between Event Apprehension and Utterance Formulation},
	volume = {57},
	year = {2007}
}

@article{gervaisEvolutionFunctionsLaughter2005,
	author = {Gervais, Matthew and Wilson, David Sloan},
	journal = {The Quarterly {Review of Biology}},
	number = {4},
	pages = {395--430},
	publisher = {{The University of Chicago Press}},
	shorttitle = {The Evolution and Functions of Laughter and Humor},
	title = {The Evolution and Functions of Laughter and {Humor}: {{A}} Synthetic Approach},
	volume = {80},
	year = {2005}
}

@article{gernsbacherLanguageSpeechAutism2016,
	author = {Gernsbacher, Morton Ann and Morson, Emily M. and Grace, Elizabeth J.},
	doi = {10.1146/annurev-linguistics-030514-124824},
	journal = {Annual Review of Linguistics},
	number = {1},
	pages = {413--425},
	title = {Language and {{Speech}} in {{Autism}}},
	volume = {2},
	year = {2016}
}

@article{gernsbacherInfantToddlerOraland2008,
	author = {Gernsbacher, Morton Ann and Sauer, Eve A. and Geye, Heather M. and Schweigert, Emily K. and Hill Goldsmith, H.},
	journal = {Journal of Child Psychology and Psychiatry},
	number = {1},
	pages = {43--50},
	publisher = {{Wiley Online Library}},
	title = {Infant and Toddler Oral-and Manual-Motor Skills Predict Later Speech Fluency in Autism},
	volume = {49},
	year = {2008}
}

@article{gernsbacherEditorialPerspectiveUse2017,
	author = {Gernsbacher, Morton Ann},
	journal = {Journal of Child Psychology and Psychiatry},
	number = {7},
	pages = {859--861},
	publisher = {{Wiley Online Library}},
	shorttitle = {Editorial Perspective},
	title = {Editorial Perspective: {{The}} Use of Person-First Language in Scholarly Writing {May} Accentuate Stigma},
	volume = {58},
	year = {2017}
}

@article{gelmanBayesianWorkflow2020,
	archiveprefix = {arxiv},
	author = {Gelman, Andrew and Vehtari, Aki and Simpson, Daniel and Margossian, Charles C. and Carpenter, Bob and Yao, Yuling and Kennedy, Lauren and Gabry, Jonah and B{ü}rkner, Paul-Christian and Modrák, Martin},
	eprint = {2011.01808},
	journal = {arXiv preprint arXiv:2011.01808},
	sortname = {Gelman, Andrew and Vehtari, Aki and Simpson, Daniel and Margossian, Charles C. and Carpenter, Bob and Yao, Yuling and Kennedy, Lauren and Gabry, Jonah and B{u}rkner, Paul-Christian and Modrak, Martin},
	title = {{Bayesian} {Workflow}},
	year = {2020}
}

@article{garveyTimingTurnTaking1981,
	author = {Garvey, Catherine and Berninger, Ginger},
	journal = {Discourse {Processes}},
	number = {1},
	pages = {27--57},
	publisher = {{Taylor \& Francis}},
	title = {Timing and Turn Taking in Children's Conversations},
	volume = {4},
	year = {1981}
}

@article{galacziInteractionalCompetenceProficiency2014,
	author = {Galaczi, Evelina D.},
	journal = {Applied {Linguistics}},
	number = {5},
	pages = {553--574},
	publisher = {{Oxford University Press}},
	shorttitle = {Interactional Competence across Proficiency Levels},
	title = {Interactional Competence across Proficiency Levels: {{How}} Do Learners Manage Interaction in Paired Speaking Tests?},
	volume = {35},
	year = {2014}
}

@article{fujimotoListenerResponsesInteraction2009,
	author = {Fujimoto, Donna T.},
	journal = {Journal of Osaka Jogakuin College},
	pages = {35--54},
	publisher = {{大阪女学院短期大学}},
	shorttitle = {Listener Responses in Interaction},
	title = {Listener Responses in Interaction: {{A}} Case for Abandoning the Term, Backchannel},
	volume = {37},
	year = {2009}
}

@article{fuchsAssessingRespiratoryContributions2015,
	author = {Fuchs, Susanne and Petrone, Caterina and {Rochet-Capellan}, Am{é}lie and Reichel, Uwe D. and Koenig, Laura L.},
	journal = {Journal of Phonetics},
	pages = {35--45},
	publisher = {{Elsevier}},
	sortname = {Fuchs, Susanne and Petrone, Caterina and {Rochet-Capellan}, Am{e}lie and Reichel, Uwe D. and Koenig, Laura L.},
	title = {Assessing Respiratory Contributions to F0 Declination in {{{German}}} across Varying Speech Tasks and Respiratory Demands},
	volume = {52},
	year = {2015}
}

@article{fruehwaldFilledPauseChoice2016,
	author = {Fruehwald, Josef},
	journal = {University of Pennsylvania Working Papers in Linguistics},
	number = {2},
	pages = {41--49},
	title = {Filled Pause Choice as a Sociolinguistic Variable},
	volume = {22},
	year = {2016}
}

@article{frotaSurfaceStructureTranscribing2016,
	author = {Frota, Sónia},
	journal = {Laboratory Phonology},
	number = {1},
	pages = {1--19},
	publisher = {{Association for Laboratory Phonology}},
	shorttitle = {Surface and {{Structure}}},
	sortname = {Frota, Sonia},
	title = {{Surface} and {{Structure}}: {{Transcribing}} Intonation within and across Languages},
	volume = {7},
	year = {2016}
}

@article{frohlichUnpeelingLayersLanguage2016,
	author = {Fröhlich, Marlen and Kuchenbuch, Paul and M{ü}ller, Gudrun and Fruth, Barbara and Furuichi, Takeshi and Wittig, Roman M. and Pika, Simone},
	journal = {Scientific Reports},
	number = {1},
	pages = {1--14},
	publisher = {{Nature Publishing Group}},
	shorttitle = {Unpeeling the Layers of Language},
	sortname = {Frohlich, Marlen and Kuchenbuch, Paul and M{u}ller, Gudrun and Fruth, Barbara and Furuichi, Takeshi and Wittig, Roman M. and Pika, Simone},
	title = {Unpeeling the Layers of Language: {{Bonobos}} and Chimpanzees Engage in Cooperative Turn-Taking Sequences},
	volume = {6},
	year = {2016}
}

@article{frazierValidationProposedDSM52012,
	author = {Frazier, Thomas W. and Youngstrom, Eric A. and Speer, Leslie and Embacher, Rebecca and Law, Paul and Constantino, John and Findling, Robert L. and Hardan, Antonio Y. and Eng, Charis},
	journal = {Journal of the American Academy of Child \& Adolescent Psychiatry},
	number = {1},
	pages = {28--40},
	publisher = {{Elsevier}},
	title = {Validation of Proposed {{{DSM}-5}} Criteria for Autism Spectrum Disorder},
	volume = {51},
	year = {2012}
}

@article{frankeBayesianRegressionModeling2019,
	author = {Franke, Michael and Roettger, Timo B.},
	journal = {Preprint (psyarxiv)  retrievable from https://psyarxiv.com/cdxv3},
	publisher = {{PsyArXiv}},
	shorttitle = {Bayesian Regression Modeling (for Factorial Designs)},
	title = {{Bayesian} Regression Modeling (for Factorial Designs): {{A}} Tutorial},
	year = {2019}
}

@article{foxtreeListenersUsesUm2001,
	author = {Fox Tree, Jean E.},
	journal = {Memory \& {Cognition}},
	number = {2},
	pages = {320--326},
	publisher = {{Springer}},
	title = {Listeners' Uses of Um and Uh in Speech Comprehension},
	volume = {29},
	year = {2001}
}

@article{foxtreeInterpretingPausesUms2002,
	author = {Fox Tree, Jean E.},
	journal = {Discourse Processes},
	number = {1},
	pages = {37--55},
	publisher = {{Taylor \& Francis}},
	title = {Interpreting Pauses and Ums at Turn Exchanges},
	volume = {34},
	year = {2002}
}

@article{fischerDiscourseParticlesTurntaking2000,
	author = {Fischer, Kerstin},
	journal = {Revue de {Sémantique et Pragmatique}},
	pages = {111-132},
	title = {Discourse Particles, Turn-Taking, and the Semantics-Pragmatics Interface},
	volume = {8},
	year = {2000}
}

@article{feldsteinChronographyInteractionsAutistic1982,
	author = {Feldstein, Stanley and Konstantareas, Mary and Oxman, Joel and Webster, Christopher D.},
	journal = {Journal of Communication Disorders},
	number = {6},
	pages = {451--460},
	publisher = {{Elsevier}},
	shorttitle = {The Chronography of Interactions with Autistic Speakers},
	title = {The Chronography of Interactions with Autistic Speakers: {{An}} Initial Report},
	volume = {15},
	year = {1982}
}

@article{evansMythLanguageUniversals2009,
	author = {Evans, Nicholas and Levinson, Stephen C.},
	journal = {Behavioral and {Brain Sciences}},
	number = {5},
	pages = {429--448},
	publisher = {{Cambridge University Press}},
	shorttitle = {The Myth of Language Universals},
	title = {The Myth of Language Universals: {{Language}} Diversity and Its Importance for Cognitive Science},
	volume = {32},
	year = {2009}
}

@article{engelhardtSpeakerVersusListenerOrientedDisfluency2017,
	author = {Engelhardt, Paul E. and Alfridijanta, Oliver and McMullon, Mhairi E. G. and Corley, Martin},
	doi = {10.1007/s10803-017-3215-0},
	journal = {Journal of Autism and Developmental Disorders},
	month = {9},
	number = {9},
	pages = {2885--2898},
	shorttitle = {Speaker-{{Versus Listener-Oriented Disfluency}}},
	title = {Speaker-Versus Listener-Oriented Disfluency: {{A}} Re-examination of Arguments and Assumptions from {{Autism Spectrum Disorder}}},
	volume = {47},
	year = {2017}
}

@article{elsabbaghGlobalPrevalenceAutism2012,
	author = {Elsabbagh, Mayada and Divan, Gauri and Koh, Yun-Joo and Kim, Young Shin and Kauchali, Shuaib and Marcín, Carlos and {Montiel-Nava}, Cecilia and Patel, Vikram and Paula, Cristiane S. and Wang, Chongying},
	journal = {Autism {Research}},
	number = {3},
	pages = {160--179},
	publisher = {{Wiley Online Library}},
	sortname = {Elsabbagh, Mayada and Divan, Gauri and Koh, Yun-Joo and Kim, Young Shin and Kauchali, Shuaib and Marcin, Carlos and {Montiel-Nava}, Cecilia and Patel, Vikram and Paula, Cristiane S. and Wang, Chongying},
	title = {Global Prevalence of Autism and Other Pervasive Developmental Disorders},
	volume = {5},
	year = {2012}
}

@article{eigstiPragmaticsMorphosyntacticDevelopment2007,
	author = {Eigsti, Inge-Marie and Bennetto, Loisa and Dadlani, Mamta B.},
	journal = {Journal of {Autism and Developmental Disorders}},
	number = {6},
	pages = {1007--1023},
	publisher = {{Springer}},
	shorttitle = {Beyond Pragmatics},
	title = {Beyond Pragmatics: {{Morphosyntactic}} Development in Autism},
	volume = {37},
	year = {2007}
}

@article{easterbrookPublicationBiasClinical1991,
	author = {Easterbrook, Phillipa J. and Gopalan, Ramana and Berlin, J. A. and Matthews, David R.},
	journal = {The Lancet},
	number = {8746},
	pages = {867--872},
	publisher = {{Elsevier}},
	title = {Publication Bias in Clinical Research},
	volume = {337},
	year = {1991}
}

@article{eagerMixedEffectsModels2017,
	archiveprefix = {arxiv},
	author = {Eager, Christopher and Roy, Joseph},
	eprint = {1701.04858},
	journal = {arXiv preprint arXiv:1701.04858},
	title = {Mixed Effects Models Are Sometimes Terrible},
	year = {2017}
}

@article{dunnPersonfirstIdentityfirstLanguage2015,
	author = {Dunn, Dana S. and Andrews, Erin E.},
	journal = {American Psychologist},
	number = {3},
	pages = {255},
	publisher = {{American Psychological Association}},
	shorttitle = {Person-First and Identity-First Language},
	title = {Person-First and Identity-First Language: {{Developing}} Psychologists' Cultural Competence Using Disability Language.},
	volume = {70},
	year = {2015}
}

@inproceedings{dingemanseTextTalkHarnessing2022,
	author = {Dingemanse, Mark and Liesenfeld, Andreas},
	booktitle = {Proceedings of the 60th {Annual Meeting of the Association for Computational Linguistics (Volume 1: Long Papers)}},
address = {Dublin, Ireland},
	shorttitle = {From Text to Talk},
	title = {From Text to Talk: {{Harnessing}} Conversational Corpora for Humane and Diversity-Aware Language Technology},
	year = {2022}
}

@article{dingemanseSingleMindednessFigureGroundReversal2023,
	author = {Dingemanse, Mark and Liesenfeld, Andreas and Rasenberg, Marlou and Albert, Saul and Ameka, Felix K. and Birhane, Abeba and Bolis, Dimitris and Cassell, Justine and Clift, Rebecca and Cuffari, Elena and De Jaegher, Hanne and Novaes, Catarina Dutilh and Enfield, N. J. and Fusaroli, Riccardo and Gregoromichelaki, Eleni and Hutchins, Edwin and Konvalinka, Ivana and Milton, Damian and {R{ą}czaszek-Leonardi}, Joanna and Reddy, Vasudevi and Rossano, Federico and Schlangen, David and Seibt, Johanna and Stokoe, Elizabeth and Suchman, Lucy and Vesper, Cordula and Wheatley, Thalia and Wiltschko, Martina},
	doi = {10.1111/cogs.13230},
	journal = {Cognitive Science},
	number = {1},
	pages = {e13230},
	shorttitle = {Beyond {{Single-Mindedness}}},
	sortname = {Dingemanse, Mark and Liesenfeld, Andreas and Rasenberg, Marlou and Albert, Saul and Ameka, Felix K. and Birhane, Abeba and Bolis, Dimitris and Cassell, Justine and Clift, Rebecca and Cuffari, Elena and De Jaegher, Hanne and Novaes, Catarina Dutilh and Enfield, N. J. and Fusaroli, Riccardo and Gregoromichelaki, Eleni and Hutchins, Edwin and Konvalinka, Ivana and Milton, Damian and {R{a}czaszek-Leonardi}, Joanna and Reddy, Vasudevi and Rossano, Federico and Schlangen, David and Seibt, Johanna and Stokoe, Elizabeth and Suchman, Lucy and Vesper, Cordula and Wheatley, Thalia and Wiltschko, Martina},
	title = {Beyond Single-Mindedness: {A} Figure-Ground Reversal for the {{Cognitive Sciences}}},
	volume = {47},
	year = {2023}
}

@article{dimperioAdvancingProsodicTranscription2016,
	author = {D'Imperio, Mariapaola and Grice, Martine and Cangemi, Francesco},
	journal = {Journal of the Association for Laboratory Phonology},
	sortname = {D'Imperio, Mariapaola and Grice, Martine and Cangemi, Francesco},
	title = {Advancing Prosodic Transcription: {{Special}} Collection.},
	volume = {7},
	year = {2016}
}

@article{dienesBayesianOrthodoxStatistics2011,
	author = {Dienes, Zoltan},
	journal = {Perspectives on Psychological Science},
	number = {3},
	pages = {274--290},
	publisher = {{Sage Publications Sage CA: Los Angeles, CA}},
	shorttitle = {Bayesian versus Orthodox Statistics},
	title = {{Bayesian} versus Orthodox Statistics: {{Which}} Side Are You On?},
	volume = {6},
	year = {2011}
}

@article{diehlAcousticAnalysisProsody2009,
	author = {Diehl, Joshua J. and Watson, Duane and Bennetto, Loisa and McDonough, Joyce and Gunlogson, Christine},
	journal = {Applied {Psycholinguistics}},
	number = {3},
	pages = {385},
	publisher = {{Cambridge University Press}},
	title = {An Acoustic Analysis of Prosody in High-Functioning Autism},
	volume = {30},
	year = {2009}
}

@article{devitoCatalogueBiasPublication2019,
	author = {DeVito, Nicholas J. and Goldacre, Ben},
	journal = {BMJ Evidence-Based Medicine},
	number = {2},
	pages = {53--54},
	publisher = {{Royal Society of Medicine}},
	shorttitle = {Catalogue of Bias},
	title = {Catalogue of Bias: {Publication} Bias},
	volume = {24},
	year = {2019}
}

@article{derwingPuttingAccentIts2009,
	author = {Derwing, Tracey M. and Munro, Murray J.},
	journal = {Language {Teaching}},
	number = {4},
	pages = {476--490},
	publisher = {{Cambridge University Press}},
	shorttitle = {Putting Accent in Its Place},
	title = {Putting Accent in Its Place: {{Rethinking}} Obstacles to Communication},
	volume = {42},
	year = {2009}
}

@article{deruiterProjectingEndSpeaker2006,
	author = {De Ruiter, Jan-Peter and Mitterer, Holger and Enfield, Nick J.},
	journal = {Language},
	number = {3},
	pages = {515--535},
	publisher = {{Linguistic Society of America}},
	shorttitle = {Projecting the End of a Speaker's Turn},
	title = {Projecting the End of a Speaker's Turn: {{A}} Cognitive Cornerstone of Conversation},
	volume = {82},
	year = {2006}
}

@article{deruiterInformationStatusMarking2015,
	author = {De Ruiter, Laura E.},
	journal = {Journal of Phonetics},
	pages = {29--44},
	publisher = {{Elsevier}},
	title = {Information Status Marking in Spontaneous vs. {{R}}ead Speech in Story-Telling Tasks\textendash{{Evidence}} from Intonation Analysis Using {{{GT}o{BI}}}},
	volume = {48},
	year = {2015}
}

@article{depapeUseProsodyInformation2012,
	author = {DePape, Anne-Marie R. and Chen, Aoju and Hall, Geoffrey BC and Trainor, Laurel J.},
	journal = {Frontiers in {Psychology}},
	pages = {72},
	publisher = {{Frontiers}},
	title = {Use of Prosody and Information Structure in High Functioning Adults with Autism in Relation to Language Ability},
	volume = {3},
	year = {2012}
}

@article{demarchenaAtypicalitiesGestureForm2019,
	author = {De Marchena, A. and Kim, E. S. and Bagdasarov, A. and {Parish-Morris}, J. and Maddox, B. B. and Brodkin, E. S. and Schultz, R. T.},
	journal = {Journal of {Autism and Developmental Disorders}},
	number = {4},
	pages = {1438--1454},
	publisher = {{Springer}},
	title = {Atypicalities of Gesture Form and Function in Autistic Adults},
	volume = {49},
	year = {2019}
}

@article{davisWhatNewFindings2021,
	author = {Davis, Rachael and Crompton, Catherine J.},
	doi = {10.1177/1745691620958010},
	journal = {Perspectives on Psychological Science},
	month = {5},
	number = {3},
	pages = {649--653},
	publisher = {{SAGE Publications Inc}},
	title = {What Do New Findings About Social Interaction in Autistic Adults Mean for Neurodevelopmental Research?},
	volume = {16},
	year = {2021}
}

@article{cutroneCrossculturalExaminationBackchannel2014,
	author = {Cutrone, Pino},
	journal = {Intercultural Pragmatics},
	number = {1},
	pages = {83--120},
	publisher = {{De Gruyter Mouton}},
	shorttitle = {A Cross-Cultural Examination of the Backchannel Behavior of {{Japanese}} and {{Americans}}},
	title = {A Cross-Cultural Examination of the Backchannel Behavior of {{{{Japanese}}}} and {{Americans}}: {{Considerations}} for {{{{Japanese}} {EFL}}} Learners},
	volume = {11},
	year = {2014}
}

@article{cutroneCaseStudyExamining2005,
	author = {Cutrone, Pino},
	chapter = {Multilingua},
	doi = {10.1515/mult.2005.24.3.237},
	journal = {Multilingua},
	month = {9},
	number = {3},
	pages = {237--274},
	publisher = {{De Gruyter Mouton}},
	title = {A Case Study Examining Backchannels in Conversations between {{{Japanese}}}\textendash{{{British}}} Dyads},
	volume = {24},
	year = {2005}
}

@article{cromptonNeurotypeMatchingNotBeing2020,
	author = {Crompton, Catherine J. and Sharp, Martha and Axbey, Harriet and {Fletcher-Watson}, Sue and Flynn, Emma G. and Ropar, Danielle},
	journal = {Frontiers in Psychology},
    doi = {10.3389/fpsyg.2020.586171/full},
	title = {Neurotype-Matching, but Not Being Autistic, Influences Self and Observer Ratings of Interpersonal Rapport},
	volume = {11},
	year = {2020}
}

@article{couper-kuhlenSystemTranscribingTalkininteraction2011,
	author = {{Couper-Kuhlen}, Elizabeth and {Barth-Weingarten}, Dagmar},
	journal = {Gesprächsforschung},
	pages = {1--51},
	publisher = {{M. Klemm c/o TU Chemnitz, Philosophische Fakultät, Germanistische \ldots}},
	shorttitle = {A System for Transcribing Talk-in-Interaction},
	title = {A System for Transcribing Talk-in-Interaction: {{{GAT}}} 2: {{{English}}} Translation and Adaptation of {{Selting}}, {{Margret}} et al.: {{Gesprächsanalytisches Transkriptionssystem}} 2},
	volume = {12},
	year = {2011}
}

@article{corettaMultidimensionalSignalsAnalytic2023,
	author = {Coretta, Stefano and Casillas, Joseph V. and Roessig, Simon and Franke, Michael and Ahn, Byron and {Al-Hoorie}, Ali H. and {Al-Tamimi}, Jalal and Alotaibi, Najd E. and AlShakhori, Mohammed K. and Altmiller, Ruth M. and Arantes, Pablo and Athanasopoulou, Angeliki and {Baese-Berk}, Melissa M. and Bailey, George and Sangma, Cheman Baira A and Beier, Eleonora J. and Benavides, Gabriela M. and Benker, Nicole and BensonMeyer, Emelia P. and Benway, Nina R. and Berry, Grant M. and Bing, Liwen and Bjorndahl, Christina and Bolyanatz, Mariška and Braver, Aaron and Brown, Violet A. and Brown, Alicia M. and Brugos, Alejna and Buchanan, Erin M. and Butlin, Tanna and {Buxó-Lugo}, Andr{é}s and Caillol, Coline and Cangemi, Francesco and Carignan, Christopher and Carraturo, Sita and Caudrelier, Tiphaine and Chodroff, Eleanor and Cohn, Michelle and Cronenberg, Johanna and Crouzet, Olivier and Dagar, Erica L. and Dawson, Charlotte and Diantoro, Carissa A. and Dokovova, Marie and Drake, Shiloh and Du, Fengting and Dubuis, Margaux and Du{ê}me, Florent and Durward, Matthew and Egurtzegi, Ander and Elsherif, Mahmoud M. and Esser, Janina and Ferragne, Emmanuel and Ferreira, Fernanda and Fink, Lauren K. and Finley, Sara and Foster, Kurtis and Foulkes, Paul and Franzke, Rosa and {Frazer-McKee}, Gabriel and Fromont, Robert and García, Christina and Geller, Jason and Grasso, Camille L. and Greca, Pia and Grice, Martine and {Grose-Hodge}, Magdalena S. and Gully, Amelia J. and Halfacre, Caitlin and Hauser, Ivy and Hay, Jen and Haywood, Robert and Hellmuth, Sam and Hilger, Allison I. and Holliday, Nicole and Hoogland, Damar and Huang, Yaqian and Hughes, Vincent and Icardo Isasa, Ane and Ilchovska, Zlatomira G. and Jeon, Hae-Sung and Jones, Jacq and Junges, Mágat N. and Kaefer, Stephanie and Kaland, Constantijn and Kelley, Matthew C. and Kelly, Niamh E. and Kettig, Thomas and Khattab, Ghada and Koolen, Ruud and Krahmer, Emiel and Krajewska, Dorota and Krug, Andreas and Kumar, Abhilasha A. and Lander, Anna and Lentz, Tomas O. and Li, Wanyin and Li, Yanyu and Lialiou, Maria and Lima, Ronaldo M. and Lo, Justin J. H. and Lopez Otero, Julio Cesar and Mackay, Bradley and MacLeod, Bethany and Mallard, Mel and McConnellogue, Carol-Ann Mary and Moroz, George and Murali, Mridhula and Nalborczyk, Ladislas and Nenadić, Filip and Nieder, Jessica and Nikolić, Dušan and Nogueira, Francisco G. S. and Offerman, Heather M. and Passoni, Elisa and P{é}lissier, Maud and Perry, Scott J. and Pfiffner, Alexandra M. and Proctor, Michael and Rhodes, Ryan and Rodríguez, Nicole and Roepke, Elizabeth and Röer, Jan P. and Sbacco, Lucia and Scarborough, Rebecca and Schaeffler, Felix and Schleef, Erik and Schmitz, Dominic and Shiryaev, Alexander and Sóskuthy, Márton and Spaniol, Malin and Stanley, Joseph A. and Strickler, Alyssa and Tavano, Alessandro and Tomaschek, Fabian and Tucker, Benjamin V. and Turnbull, Rory and Ugwuanyi, Kingsley O. and {Urrestarazu-Porta}, Iñigo and {van de Vijver}, Ruben and Van Engen, Kristin J. and {van Miltenburg}, Emiel and Wang, Bruce Xiao and Warner, Natasha and Wehrle, Simon and Westerbeek, Hans and Wiener, Seth and Winters, Stephen and Wong, Sidney G.-J. and Wood, Anna and Wottawa, Jane and Xu, Chenzi and {Zárate-Sández}, Germán and Zellou, Georgia and Zhang, Cong and Zhu, Jian and Roettger, Timo B.},
	doi = {10.1177/25152459231162567},
	journal = {Advances in Methods and Practices in Psychological Science},
	month = {7},
	number = {3},
	pages = {25152459231162567},
	publisher = {{SAGE Publications Inc}},
	shorttitle = {Multidimensional {{Signals}} and {{Analytic Flexibility}}},
	sortname = {Coretta, Stefano and Casillas, Joseph V. and Roessig, Simon and Franke, Michael and Ahn, Byron and {Al-Hoorie}, Ali H. and {Al-Tamimi}, Jalal and Alotaibi, Najd E. and AlShakhori, Mohammed K. and Altmiller, Ruth M. and Arantes, Pablo and Athanasopoulou, Angeliki and {Baese-Berk}, Melissa M. and Bailey, George and Sangma, Cheman Baira A and Beier, Eleonora J. and Benavides, Gabriela M. and Benker, Nicole and BensonMeyer, Emelia P. and Benway, Nina R. and Berry, Grant M. and Bing, Liwen and Bjorndahl, Christina and Bolyanatz, Mariska and Braver, Aaron and Brown, Violet A. and Brown, Alicia M. and Brugos, Alejna and Buchanan, Erin M. and Butlin, Tanna and {Buxo-Lugo}, Andr{e}s and Caillol, Coline and Cangemi, Francesco and Carignan, Christopher and Carraturo, Sita and Caudrelier, Tiphaine and Chodroff, Eleanor and Cohn, Michelle and Cronenberg, Johanna and Crouzet, Olivier and Dagar, Erica L. and Dawson, Charlotte and Diantoro, Carissa A. and Dokovova, Marie and Drake, Shiloh and Du, Fengting and Dubuis, Margaux and Du{e}me, Florent and Durward, Matthew and Egurtzegi, Ander and Elsherif, Mahmoud M. and Esser, Janina and Ferragne, Emmanuel and Ferreira, Fernanda and Fink, Lauren K. and Finley, Sara and Foster, Kurtis and Foulkes, Paul and Franzke, Rosa and {Frazer-McKee}, Gabriel and Fromont, Robert and Garcia, Christina and Geller, Jason and Grasso, Camille L. and Greca, Pia and Grice, Martine and {Grose-Hodge}, Magdalena S. and Gully, Amelia J. and Halfacre, Caitlin and Hauser, Ivy and Hay, Jen and Haywood, Robert and Hellmuth, Sam and Hilger, Allison I. and Holliday, Nicole and Hoogland, Damar and Huang, Yaqian and Hughes, Vincent and Icardo Isasa, Ane and Ilchovska, Zlatomira G. and Jeon, Hae-Sung and Jones, Jacq and Junges, Magat N. and Kaefer, Stephanie and Kaland, Constantijn and Kelley, Matthew C. and Kelly, Niamh E. and Kettig, Thomas and Khattab, Ghada and Koolen, Ruud and Krahmer, Emiel and Krajewska, Dorota and Krug, Andreas and Kumar, Abhilasha A. and Lander, Anna and Lentz, Tomas O. and Li, Wanyin and Li, Yanyu and Lialiou, Maria and Lima, Ronaldo M. and Lo, Justin J. H. and Lopez Otero, Julio Cesar and Mackay, Bradley and MacLeod, Bethany and Mallard, Mel and McConnellogue, Carol-Ann Mary and Moroz, George and Murali, Mridhula and Nalborczyk, Ladislas and Nenadic, Filip and Nieder, Jessica and Nikolic, Dusan and Nogueira, Francisco G. S. and Offerman, Heather M. and Passoni, Elisa and P{e}lissier, Maud and Perry, Scott J. and Pfiffner, Alexandra M. and Proctor, Michael and Rhodes, Ryan and Rodriguez, Nicole and Roepke, Elizabeth and Roer, Jan P. and Sbacco, Lucia and Scarborough, Rebecca and Schaeffler, Felix and Schleef, Erik and Schmitz, Dominic and Shiryaev, Alexander and Soskuthy, Marton and Spaniol, Malin and Stanley, Joseph A. and Strickler, Alyssa and Tavano, Alessandro and Tomaschek, Fabian and Tucker, Benjamin V. and Turnbull, Rory and Ugwuanyi, Kingsley O. and {Urrestarazu-Porta}, Inigo and {van de Vijver}, Ruben and Van Engen, Kristin J. and {van Miltenburg}, Emiel and Wang, Bruce Xiao and Warner, Natasha and Wehrle, Simon and Westerbeek, Hans and Wiener, Seth and Winters, Stephen and Wong, Sidney G.-J. and Wood, Anna and Wottawa, Jane and Xu, Chenzi and {Zarate-Sandez}, German and Zellou, Georgia and Zhang, Cong and Zhu, Jian and Roettger, Timo B.},
	title = {Multidimensional Signals and Analytic Flexibility: {{Estimating}} Degrees of Freedom in Human-Speech Analyses},
	volume = {6},
	year = {2023}
}

@article{clarkUsingUhUm2002,
	author = {Clark, Herbert H. and Fox Tree, Jean E.},
	doi = {10.1016/S0010-0277(02)00017-3},
	journal = {Cognition},
	month = {5},
	number = {1},
	pages = {73--111},
	title = {Using Uh and Um in Spontaneous Speaking},
	volume = {84},
	year = {2002}
}

@article{clarkContributingDiscourse1989,
	author = {Clark, Herbert H. and Schaefer, Edward F.},
	journal = {Cognitive {Science}},
	number = {2},
	pages = {259--294},
	publisher = {{Elsevier}},
	title = {Contributing to Discourse},
	volume = {13},
	year = {1989}
}

@article{christensenPrevalenceCharacteristicsAutism2018,
	author = {Christensen, Deborah L. and Braun, Kim Van Naarden and Baio, Jon and Bilder, Deborah and Charles, Jane and Constantino, John N. and Daniels, Julie and Durkin, Maureen S. and Fitzgerald, Robert T. and {Kurzius-Spencer}, Margaret},
	journal = {MMWR Surveillance Summaries},
	number = {13},
	pages = {1},
	publisher = {{Centers for Disease Control and Prevention}},
	title = {Prevalence and Characteristics of Autism Spectrum Disorder among Children Aged 8 {Years}: {A}utism and Developmental Disabilities Monitoring Network, 11 Sites, {{{United States}}}, 2012},
	volume = {65},
	year = {2018}
}

@article{choiConversationalTurnTakingTopic2013,
	author = {Choi, Jieun and Lee, Yoonkyoung},
	doi = {10.12963/csd.13002},
	journal = {Communication Sciences \& Disorders},
	langid = {korean-han},
	month = {3},
	number = {1},
	pages = {12--23},
	title = {{Conversational Turn-Taking and Topic Manipulation Skills of Children with High-Functioning Autism Spectrum Disorders}},
	volume = {18},
	year = {2013}
}

@article{choContributionSilentPauses2006,
	address = {Boston, USA},
	author = {Cho, Hyongsil and Hirst, Daniel},
	journal = {Proceedings of Speech Prosody 2006},
	title = {The Contribution of Silent Pauses to the Perception of Prosodic Boundaries in {{{Korean}}} Read Speech},
	year = {2006}
}

@article{chanIndividualsHighfunctioningAutism2016,
	author = {Chan, Kary K. L. and To, Carol K. S.},
	journal = {Journal of {Autism and Developmental Disorders}},
	number = {5},
	pages = {1784--1792},
	publisher = {{Springer}},
	title = {Do Individuals with High-Functioning Autism Who Speak a Tone Language Show Intonation Deficits?},
	volume = {46},
	year = {2016}
}

@article{casillasTurnTakingTiming2016,
	author = {Casillas, Marisa and Bobb, Susan C. and Clark, Eve V.},
	journal = {Journal of {Child Language}},
	pages = {1310--1337},
	publisher = {{Cambridge University Press.}},
	title = {Turn Taking, Timing, and Planning in Early Language Acquisition},
	volume = {43},
	year = {2016}
}

@article{carpenterStanProbabilisticProgramming2017,
	author = {Carpenter, Bob and Gelman, Andrew and Hoffman, Matthew D. and Lee, Daniel and Goodrich, Ben and Betancourt, Michael and Brubaker, Marcus A. and Guo, Jiqiang and Li, Peter and Riddell, Allen},
	journal = {Journal of {Statistical Software}},
	number = {1},
	pages = {1--32},
	publisher = {{ERIC}},
	shorttitle = {Stan},
	title = {Stan: {{A}} Probabilistic Programming Language.},
	volume = {76},
	year = {2017}
}

@article{carlettaReliabilityDialogueStructure1997,
	author = {Carletta, Jean and Isard, Amy and Isard, Stephen and Kowtko, Jacqueline C. and {Doherty-Sneddon}, Gwyneth and Anderson, Anne H.},
	journal = {Computational Linguistics},
	pages = {13--31},
	publisher = {{Massachusetts Institute of Technology Press}},
	title = {The Reliability of a Dialogue Structure Coding Scheme.},
	volume = {23},
	year = {1997}
}

@article{cannonPredictionAutismSpectrum2021,
	author = {Cannon, Jonathan and O'Brien, Amanda M. and Bungert, Lindsay and Sinha, Pawan},
	doi = {10.1002/aur.2482},
	journal = {Autism Research},
	number = {4},
	pages = {604--630},
	shorttitle = {Prediction in {{Autism Spectrum Disorder}}},
	sortname = {Cannon, Jonathan and O'Brien, Amanda M. and Bungert, Lindsay and Sinha, Pawan},
	title = {Prediction in Autism Spectrum Disorder: {A} Systematic Review of Empirical Evidence},
	volume = {14},
	year = {2021}
}

@article{cangemiImportanceDistributionalApproach2016,
	author = {Cangemi, Francesco and Grice, Martine},
	journal = {Laboratory Phonology: Journal of the Association for Laboratory Phonology},
	number = {1},
    doi = {10.5334/labphon.28},
	publisher = {{Ubiquity Press}},
	title = {The Importance of a Distributional Approach to Categoriality in Autosegmental-Metrical Accounts of Intonation},
	volume = {7},
	year = {2016}
}

@article{cangemiContentfreeSpeechActivity2023,
	author = {Cangemi, Francesco and Grice, Martine and Janz, Alicia and Lucarini, Valeria and Spaniol, Malin and Vogeley, Kai},
	doi = {10.1007/s10579-023-09666-z},
	journal = {Language Resources and Evaluation},
	month = {6},
	shorttitle = {Content-Free Speech Activity Records},
	title = {Content-Free Speech Activity Records: {Interviews} with People with Schizophrenia},
	year = {2023}
}

@article{burknerBrmsPackageBayesian2017,
	author = {B{ü}rkner, Paul-Christian},
	journal = {Journal of {Statistical Software}},
	number = {1},
	pages = {1--28},
	shorttitle = {Brms},
	sortname = {B{u}rkner, Paul-Christian},
	title = {Brms: {{An R}} Package for {{{Bayesian}}} Multilevel Models Using {{Stan}}},
	volume = {80},
	year = {2017}
}

@article{brysbaertPowerConsiderationsBilingualism2020,
	author = {Brysbaert, Marc},
	journal = {Bilingualism: Language and Cognition},
	pages = {1--6},
	publisher = {{Cambridge University Press}},
	shorttitle = {Power Considerations in Bilingualism Research},
	title = {Power Considerations in Bilingualism Research: {{Time}} to Step up Our Game},
	volume = {24},
	year = {2020}
}

@article{bruggemanUnifyingSpeakerVariability2017,
	author = {Bruggeman, Anna and Cangemi, Francesco and Wehrle, Simon and El Zarka, Dina and Grice, Martine},
	journal = {Proceedings of the Conference on Phonetics \& Phonology in German-speaking countries (2018)},
	pages = {21--24},
	title = {Unifying Speaker Variability with the {{Tonal Centre}} of {{Gravity}}},
	year = {2017}
}

@article{broneEyeGazeViewpoint2017,
	author = {Brône, Geert and Oben, Bert and Jehoul, Annelies and Vranjes, Jelena and Feyaerts, Kurt},
	journal = {Cognitive Linguistics},
	number = {3},
	pages = {449--483},
	publisher = {{De Gruyter}},
	sortname = {Brone, Geert and Oben, Bert and Jehoul, Annelies and Vranjes, Jelena and Feyaerts, Kurt},
	title = {Eye Gaze and Viewpoint in Multimodal Interaction Management},
	volume = {28},
	year = {2017}
}

@article{bradlowLanguageindependentTalkerspecificityFirstlanguage2017,
	author = {Bradlow, Ann R. and Kim, Midam and Blasingame, Michael},
	journal = {The Journal of the Acoustical Society of America},
	number = {2},
	pages = {886--899},
	publisher = {{Acoustical Society of America}},
	shorttitle = {Language-Independent Talker-Specificity in First-Language and Second-Language Speech Production by Bilingual Talkers},
	title = {Language-Independent Talker-Specificity in First-Language and Second-Language Speech Production by Bilingual Talkers: {{L1}} Speaking Rate Predicts {{L2}} Speaking Rate},
	volume = {141},
	year = {2017}
}

@article{bottema-beutelAvoidingAbleistLanguage2021,
	author = {{Bottema-Beutel}, Kristen and Kapp, Steven K. and Lester, Jessica Nina and Sasson, Noah J. and Hand, Brittany N.},
	journal = {Autism in Adulthood},
	number = {1},
	pages = {18--29},
	publisher = {Mary Ann Liebert},
	shorttitle = {Avoiding Ableist Language},
	title = {Avoiding Ableist Language: {{Suggestions}} for Autism Researchers},
	volume = {3},
	year = {2021}
}

@article{bothaDoesLanguageMatter2021,
	author = {Botha, Monique and Hanlon, Jacqueline and Williams, Gemma Louise},
	journal = {Journal of Autism and Developmental Disorders},
	pages = {870--878},
	publisher = {{Springer}},
	shorttitle = {Does Language Matter?},
	title = {Does Language Matter? {{Identity-first}} versus Person-First Language Use in Autism Research: {{A}} Response to {{Vivanti}}},
	volume = {53},
	year = {2021}
}

@article{booConversationVirtualReality2022,
	author = {Boo, Cynthia and {Alpers-Leon}, Nora and McIntyre, Nancy and Mundy, Peter and Naigles, Letitia},
	doi = {10.1007/s10803-021-05175-6},
	journal = {Journal of Autism and Developmental Disorders},
	month = {7},
	number = {7},
	pages = {2970--2983},
	title = {Conversation During a Virtual Reality Task Reveals New Structural Language Profiles of Children with {{ASD}}, {{{ADHD}}}, and Comorbid Symptoms of Both},
	volume = {52},
	year = {2022}
}

@article{bolisAutismIntroducingDialectical2017,
	author = {Bolis, Dimitris and Balsters, Joshua and Wenderoth, Nicole and Becchio, Cristina and Schilbach, Leonhard},
	doi = {10.1159/000484353},
	journal = {Psychopathology},
	number = {6},
	pages = {355--372},
	pmid = {29232684},
	publisher = {{Karger Publishers}},
	shorttitle = {Beyond {{Autism}}},
	title = {Beyond Autism: {Introducing} the Dialectical Misattunement Hypothesis and a {{Bayesian}} Account of {Intersubjectivity}},
	volume = {50},
	year = {2017}
}

@article{bogelsListenersUseIntonational2015,
	author = {Bögels, Sara and Torreira, Francisco},
	journal = {Journal of Phonetics},
	pages = {46--57},
	publisher = {{Elsevier}},
	sortname = {Bogels, Sara and Torreira, Francisco},
	title = {Listeners Use Intonational Phrase Boundaries to Project Turn Ends in Spoken Interaction},
	volume = {52},
	year = {2015}
}

@article{bogelsBrainResponseInsights2017,
	author = {Bögels, Sara and Levinson, Stephen C.},
	journal = {Research on Language and Social Interaction},
	number = {1},
	pages = {71--89},
	publisher = {{Taylor \& Francis}},
	shorttitle = {The Brain behind the Response},
	sortname = {Bogels, Sara and Levinson, Stephen C.},
	title = {The Brain behind the Response: {{Insights}} into Turn-Taking in Conversation from Neuroimaging},
	volume = {50},
	year = {2017}
}

@article{bishopReinFourHorsemen2019,
	author = {Bishop, Dorothy},
	journal = {Nature},
	number = {7753},
	pages = {435--436},
	publisher = {{Nature Publishing Group}},
	title = {Rein in the Four Horsemen of Irreproducibility},
	volume = {568},
	year = {2019}
}

@article{benusVariabilityStabilityCollaborative2009,
	author = {Beňuš, Štefan},
	journal = {Proceedings of the 10th INTERSPEECH conference},
	pages = {709--799},
	shorttitle = {Variability and Stability in Collaborative Dialogues},
	sortname = {Benus, Stefan},
	title = {Variability and Stability in Collaborative Dialogues: {{T}}urn-Taking and Filled Pauses},
	year = {2009}
}

@article{beattiePlanningUnitsSpontaneous1979,
	author = {Beattie, Geoffrey W.},
	journal = {Linguistics},
	pages = {61--78},
	publisher = {{Walter de Gruyter, Berlin/New York Berlin, New York}},
	shorttitle = {Planning Units in Spontaneous Speech},
	title = {Planning Units in Spontaneous Speech: {{Some}} Evidence from Hesitation in Speech and Speaker Gaze Direction in Conversation},
	volume = {17},
	year = {1979}
}

@article{barthelTimingUtterancePlanning2016,
	author = {Barthel, Mathias and Sauppe, Sebastian and Levinson, Stephen C. and Meyer, Antje S.},
	journal = {Frontiers in {Psychology}},
	pages = {1858},
	publisher = {{Frontiers}},
	shorttitle = {The Timing of Utterance Planning in Task-Oriented Dialogue},
	title = {The Timing of Utterance Planning in Task-Oriented Dialogue: {{Evidence}} from a Novel List-Completion Paradigm},
	volume = {7},
	year = {2016}
}

@article{barthelNextSpeakersPlan2017,
	author = {Barthel, Mathias and Meyer, Antje S. and Levinson, Stephen C.},
	journal = {Frontiers in {Psychology}},
	pages = {393},
	publisher = {{Frontiers}},
	title = {Next Speakers Plan Their Turn Early and Speak after Turn-Final ``Go-Signals''},
	volume = {8},
	year = {2017}
}

@article{baron-cohenAutismspectrumQuotientAQ2001,
	author = {{Baron-Cohen}, Simon and Wheelwright, Sally and Skinner, Richard and Martin, Joanne and Clubley, Emma},
	journal = {Journal of {Autism and Developmental Disorders}},
	number = {1},
	pages = {5--17},
	publisher = {{Springer}},
	shorttitle = {The Autism-Spectrum Quotient ({{AQ}})},
	title = {The Autism-Spectrum Quotient ({{{AQ}}}): {{Evidence}} from Asperger Syndrome/High-Functioning Autism, Malesand Females, Scientists and Mathematicians},
	volume = {31},
	year = {2001}
}

@article{baltaxeUseContrastiveStress1984,
	author = {Baltaxe, Christiane},
	journal = {Journal of Speech, Language, and Hearing Research},
	number = {1},
	pages = {97--105},
	publisher = {{ASHA}},
	title = {Use of Contrastive Stress in Normal, Aphasic, and Autistic Children},
	volume = {27},
	year = {1984}
}

@article{aylettSmoothSignalRedundancy2004,
	author = {Aylett, Matthew and Turk, Alice},
	doi = {10.1177/00238309040470010201},
	journal = {Language and Speech},
	month = {3},
	number = {1},
	pages = {31--56},
	publisher = {{SAGE Publications Ltd}},
	shorttitle = {The {{Smooth Signal Redundancy Hypothesis}}},
	title = {The {{Smooth Signal Redundancy Hypothesis}}: {{A Functional Explanation}} for {{Relationships}} between {{Redundancy}}, {{Prosodic Prominence}}, and {{Duration}} in {{Spontaneous Speech}}},
	volume = {47},
	year = {2004}
}

@article{aspergerAutistischenPsychopathenIm1944a,
	author = {Asperger, Hans},
	doi = {10.1007/BF01837709},
	journal = {Archiv für Psychiatrie und Nervenkrankheiten},
	langid = {ngerman},
	month = {6},
	number = {1},
	pages = {76--136},
	title = {{Die ,Autistischen Psychopathen'' im Kindesalter}},
	volume = {117},
	year = {1944}
}

@article{ashwoodPredictingDiagnosisAutism2016,
	author = {Ashwood, K. L. and Gillan, Nicola and Horder, Jamie and Hayward, Hannah and Woodhouse, E. and McEwen, Fiona Susan and Findon, James and Eklund, Hanna and Spain, Deborah and Wilson, C. E.},
	journal = {Psychological {Medicine}},
	number = {12},
	pages = {2595--2604},
	publisher = {{Cambridge University Press}},
	title = {Predicting the Diagnosis of Autism in Adults Using the {{Autism-Spectrum Quotient}} ({{{AQ}}}) Questionnaire},
	volume = {46},
	year = {2016}
}

@article{anscombeGraphsStatisticalAnalysis1973,
	author = {Anscombe, Francis J.},
	journal = {The {American Statistician}},
	number = {1},
	pages = {17--21},
	publisher = {{Taylor \& Francis}},
	title = {Graphs in Statistical Analysis},
	volume = {27},
	year = {1973}
}

@article{andersonHCRCMapTask1991,
	author = {Anderson, Anne and Bader, Miles and Bard, Ellen Gurman and Boyle, Elizabeth and Doherty, Gwyneth and Garrod, Simon and Isard, Stephen and Kowtko, Jacqueline and McAllister, Jan and Miller, Jim},
	journal = {Language and {Speech}},
	number = {4},
	pages = {351--366},
	publisher = {{SAGE Publications Sage UK: London, England}},
	title = {The {{{HCRC}}} Map Task Corpus},
	volume = {34},
	year = {1991}
}

@article{amrheinScientistsRiseStatistical2019,
	author = {Amrhein, Valentin and Greenland, Sander and McShane, Blake},
	journal = {Nature},
	number = {7748},
	pages = {305--307},
	publisher = {{Nature Publishing Group}},
	title = {Scientists Rise up against Statistical Significance},
	volume = {567},
	year = {2019}
}

@misc{albertProPerPROsodicAnalysis2020,
	author = {Albert, Aviad and Cangemi, Francesco and Ellison, T. Mark and Grice, Martine},
	doi = {10.17605/OSF.IO/28EA5},
	month = {1},
	publisher = {{OSF}},
	shorttitle = {{{ProPer}}},
	title = {{{{ProP}er}}: {{{PRO}sodic}} Analysis with {{{PER}iodic}} Energy},
	urldate = {2021-07-27},
	year = {2020}
}