@incollection{chapters/intro,author={Bruna Franchetto  and  Kristine Stenzel },title={{Amazonian narrative verbal arts and typological gems}},booktitle={{On this and other worlds{: Voices from Amazonia}}},editor={Kristine Stenzel  and  Bruna Franchetto},publisher={Language Science Press.},Address={Berlin},year={\protect \kern +.1667em\relax 2017},pages={1--19},doi={10.5281/zenodo.1008775},options={skipbib=true}}
@incollection{chapters/kuikuro,author={Bruna Franchetto and  Carlos Fausto and  Ájahi Kuikuro  and  Jamalui Kuikuro Mehinaku},title={{Kuikuro}},booktitle={{On this and other worlds{: Voices from Amazonia}}},editor={Kristine Stenzel  and  Bruna Franchetto},publisher={Language Science Press.},Address={Berlin},year={\protect \kern +.1667em\relax 2017},pages={23--87},doi={10.5281/zenodo.1008774},options={skipbib=true}}
@incollection{chapters/kalapalo,author={Antonio Guerreiro and  Ageu Kalapalo and  Jeika Kalapalo  and  Ugise Kalapalo},title={{Kalapalo}},booktitle={{On this and other worlds{: Voices from Amazonia}}},editor={Kristine Stenzel  and  Bruna Franchetto},publisher={Language Science Press.},Address={Berlin},year={\protect \kern +.1667em\relax 2017},pages={89--138},doi={10.5281/zenodo.1008777},options={skipbib=true}}
@incollection{chapters/marubo,author={Pedro de Niemeyer Cesarino and  Armando Mariano Marubo Cherõpapa Txano  and  Robson Dionísio Doles Marubo},title={{Marubo}},booktitle={{On this and other worlds{: Voices from Amazonia}}},editor={Kristine Stenzel  and  Bruna Franchetto},publisher={Language Science Press.},Address={Berlin},year={\protect \kern +.1667em\relax 2017},pages={139--162},doi={10.5281/zenodo.1008779},options={skipbib=true}}
@incollection{chapters/trumai,author={Raquel Guirardello-Damian and  Kumaru Trumai  and  Tarukuy Trumai},title={{Trumai}},booktitle={{On this and other worlds{: Voices from Amazonia}}},editor={Kristine Stenzel  and  Bruna Franchetto},publisher={Language Science Press.},Address={Berlin},year={\protect \kern +.1667em\relax 2017},pages={163--185},doi={10.5281/zenodo.1008781},options={skipbib=true}}
@incollection{chapters/kotiria,author={Kristine Stenzel and  Teresinha Marques and  José Galvez Trindade  and  Miguel Wacho Cabral},title={{Kotiria}},booktitle={{On this and other worlds{: Voices from Amazonia}}},editor={Kristine Stenzel  and  Bruna Franchetto},publisher={Language Science Press.},Address={Berlin},year={\protect \kern +.1667em\relax 2017},pages={189--275},doi={10.5281/zenodo.1008783},options={skipbib=true}}
@incollection{chapters/hup,author={Patience Epps and  Isabel Salustiano and  Jovino Monteiro  and  Pedro Pires Dias},title={{Hup}},booktitle={{On this and other worlds{: Voices from Amazonia}}},editor={Kristine Stenzel  and  Bruna Franchetto},publisher={Language Science Press.},Address={Berlin},year={\protect \kern +.1667em\relax 2017},pages={277--329},doi={10.5281/zenodo.1008785},options={skipbib=true}}
@incollection{chapters/mekens,author={Ana Vilacy Galucio and  Mercedes Guaratira Sakyrabiar and  Manoel Ferreira Sakyrabiar and  Rosalina Guaratira Sakyrabiar  and  Olimpio Ferreira Sakyrabiar},title={{Sakurabiat}},booktitle={{On this and other worlds{: Voices from Amazonia}}},editor={Kristine Stenzel  and  Bruna Franchetto},publisher={Language Science Press.},Address={Berlin},year={\protect \kern +.1667em\relax 2017},pages={331--351},doi={10.5281/zenodo.1008787},options={skipbib=true}}
@incollection{chapters/kisedje,author={Rafael Nonato and  Kujusi Suyá and  Jamthô Suyá  and  Kawiri Suyá},title={{Kĩsêdjê}},booktitle={{On this and other worlds{: Voices from Amazonia}}},editor={Kristine Stenzel  and  Bruna Franchetto},publisher={Language Science Press.},Address={Berlin},year={\protect \kern +.1667em\relax 2017},pages={355--385},doi={10.5281/zenodo.1008789},options={skipbib=true}}
@incollection{chapters/kwaza,author={Hein van der Voort and  Edileusa Kwaza and  Zezinho Kwaza  and  Mario Aikanã},title={{Kwaza}},booktitle={{On this and other worlds{: Voices from Amazonia}}},editor={Kristine Stenzel  and  Bruna Franchetto},publisher={Language Science Press.},Address={Berlin},year={\protect \kern +.1667em\relax 2017},pages={387--404},doi={10.5281/zenodo.1008791},options={skipbib=true}}
@incollection{chapters/alkana,author={Joshua Birchall and  Hein van der Voort and  Luiz Aikanã  and  Cândida Aikanã},title={{Aikanã}},booktitle={{On this and other worlds{: Voices from Amazonia}}},editor={Kristine Stenzel  and  Bruna Franchetto},publisher={Language Science Press.},Address={Berlin},year={\protect \kern +.1667em\relax 2017},pages={405--438},doi={10.5281/zenodo.885273},options={skipbib=true}}
@incollection{chapters/surui,author={Cédric Yvinec  and  Agamenon Gamasakaka Suruí},title={{Suruí of Rondônia}},booktitle={{On this and other worlds{: Voices from Amazonia}}},editor={Kristine Stenzel  and  Bruna Franchetto},publisher={Language Science Press.},Address={Berlin},year={\protect \kern +.1667em\relax 2017},pages={439--465},doi={10.5281/zenodo.1008795},options={skipbib=true}}
@incollection{chapters/kaapor,author={Gustavo Godoy  and  Wyrapitã Ka'apor},title={{Ka'apor}},booktitle={{On this and other worlds{: Voices from Amazonia}}},editor={Kristine Stenzel  and  Bruna Franchetto},publisher={Language Science Press.},Address={Berlin},year={\protect \kern +.1667em\relax 2017},pages={467--480},doi={10.5281/zenodo.1008797},options={skipbib=true}}
