% Bibliography introduction 
 
 @book{Aikhenvald2002,
	address = {New York},
	author = {Aikhenvald, Alexandra Y.},
	publisher = {Oxford University Press},
	title = {Language Contact in {A}mazonia},
	year = {2002}
}

@phdthesis{san97,
	annotation = {Essa tese é uma sistematização breve mas completa da sintaxe das orações simples da língua kĩsêdjê. A descrição é amplamente validada na consulta a falantes nativos com a exceção de algumas imprecisões periféricas -- conquanto um tanto incompreensíveis -- a principal delas sendo a descrição de uma forma pronominal dual não reconhecida pelos falantes consultados. Apesar de não se propor a descrever a fonologia da língua, apresenta uma reprodução fiel das suas palavras, grafando-as por meio da escrita usada correntemente pelos falantes da língua e desenvolvida conjuntamente pelo autor da tese e seus consultores. Adicionalmente, o autor descreve as diferen{\c c}as fonéticas entre as línguas kĩsêdjê e tapayuna.},
	author = {Ludoviko Carnasciali Santos},
	date-added = {2009-04-15 18:27:20 -0400},
	date-modified = {2009-10-28 21:21:50 -0200},
	school = {UFSC},
	title = {Descrição de Aspectos Morfossintáticos do {S}uyá},
	year = {1997}
}

@phdthesis{non14,
	author = {Rafael Nonato},
	school = {MIT},
	title = {Clause chaining, switch reference and coordination},
	url = {http://rafaeln.github.io/papers/thesis.pdf},
	year = {2014}
}

@phdthesis{Guirardello1999,
	author = {Guirardello, Raquel},
	school = {Rice University},
	title = {A Reference Grammar of {T}rumai},
	year = {1999}
}

@misc{Oliveira2010,
	author = {Oliveira, Melissa},
	booktitle = {Astronomia {T}ukano},
	editor = {Instituto Socioambiental},
	title = {Astronomia {T}ukano},
	url = {http://pib.socioambiental.org/pt/c/nobrasil-atual/modos-de-vida/astronomia-tukano},
	websitetitle = {Povos {I}ndígenas no {B}rasil},
	year = {2010}
}

@misc{Bruno2011,
	author = {Bruno, Ana Carla and Frantomé Pacheco and Francesc Queixalós and Stella Telles and Leo Wetzels},
	journal = {Amerindia},
	number = {35},
	title = {La structure des langues amazoniennes {{II}}},
	year = {2011}
}

@incollection{jac67,
	address = {\biberror{no address}},
	author = {William Jacobsen},
	booktitle = {Studies in {Southwestern} Ethnolinguistics},
	editor = {Dell H. Hymes and William E. Bittle},
	keywords = {switch-reference},
	pages = {238--263},
	publisher = {Mouton, The Hague},
	title = {{{Switch-Reference}} in {Hokan}-{Coahuiltec}},
	year = {1967}
}

@incollection{Yvinec2016,
	address = {Paris},
	author = {Yvinec, Cédric},
	booktitle = {Transitions historiques,},
	editor = {Christel Müller and Monica Heintz},
	pages = {235--246},
	publisher = {Boccard},
	sortname = {Yvinec, Cedric},
	title = {Bouleversements socio-économiques, transition historique et régimes d’historicité chez les {S}uruí du {R}ondônia},
	year = {2016}
}

@incollection{VanderVoort2016,
	address = {Amsterdam},
	author = {van der Voort, Hein},
	booktitle = {The conversation frame: {F}orms and functions of fictive interaction},
	editor = {Pascual, Esther and Sandler, Sergeiy},
	pages = {277--299},
	publisher = {John Benjamins Publishing Company},
	title = {{Recursive inflection and grammaticalized fictive interaction in the southwestern Amazon}},
	year = {2016}
}

@incollection{Van1985,
	address = {Brasília},
	author = {{Van der Meer}, Tina H.},
	booktitle = {Porto {V}elho workpapers,},
	editor = {David L. Fortune},
	pages = {208--230},
	publisher = {Summer Institute of Linguistics},
	sortname = {{Van der Meer}, Tina H.},
	title = {Case marking in {S}uruí},
	year = {1985}
}

@incollection{Stenzelforthcoming,
	address = {[Typological Studies in Language] Amsterdam/Philadelphia},
	author = {Stenzel, Kristine.},
	booktitle = {Nonverbal predication in {A}mazonian languages},
	editor = {Simon Overall and Rosa Vallejos and Spike Gildea},
	pages = {\biberror{no pages}},
	publisher = {John Benjamins},
	sortname = {Stenzel, Kristine.},
	title = {{To} hi or not to hi? {N}onverbal predication in {K}otiria and {W}a’ikhana ({E}ast {T}ukano)},
	year = {forthcoming}
}

@incollection{StenzelGomezforthcoming,
	address = {Oxford},
	author = {Stenzel, Kristine and Gomez-Imbert, Elsa.},
	booktitle = {{Oxford} Handbook of Evidentiality},
	editor = {Alexandra Y. Aikhenvald},
	pages = {\biberror{no pages}},
	publisher = {Oxford University Press},
	sortname = {Stenzel, Kristine and Gomez-Imbert, Elsa.},
	title = {Evidentiality in {T}ukanoan languages},
	year = {forthcoming}
}

@incollection{StenzelDemolin2013,
	address = {Porto Alegre},
	author = {Stenzel, Kristine and Didier Demolin},
	booktitle = {Fonologia: {T}eorias e perspectivas},
	editor = {Leda Besol and Giselle Collischonn},
	pages = {77--100},
	publisher = {EdiPUCRS},
	title = {Traços Laringais em {K}otiria e {W}a'ikhana ({T}ukano {O}riental)},
	year = {2013}
}

@incollection{Stenzel2016,
	address = {[{T}ypological {S}tudies in {L}anguage 114] Amsterdam/Philadelphia},
	author = {Stenzel, Kristine},
	booktitle = {{{Switch-{R}}}eference 2.0 },
	editor = {Rik van Gijn and Jeremy Hammond},
	pages = {425--452},
	publisher = {John Benjamins},
	title = {More on Switch-reference in {K}otiria ({W}anano, {{E}}ast {T}ukano)},
	year = {2016}
}

@incollection{Stenzel2013,
	address = {Rio de Janeiro},
	author = {Stenzel, Kristine},
	booktitle = {Upper {R}io {N}egro: {C}ultural and linguistic interaction in northwestern {A}mazonia},
	editor = {Patience Epps and Kristine Stenzel},
	pages = {353--402},
	publisher = {Museu Nacional, Museu do Índio-FUNAI},
	title = {Contact and innovation in {V}aupés possession-marking strategies},
	year = {2013}
}

@incollection{Stenzel2007a,
	address = {Amherst},
	author = {Stenzel, Kristine},
	booktitle = {{{Proceedings of 4th conference on the semantics of under-represented languages in the {A}mericas ({{U}}niversity of {M}assachusetts {O}ccasional {P}apers 35)}}},
	editor = {Amy Rose Deal},
	pages = {275--290},
	publisher = {GLSA},
	title = {The Semantics of Serial Verb Constructions in {W}anano and {W}a'ikhana ({{E}}astern {T}ukanoan)},
	year = {2007a}
}

@incollection{Oliveira2012,
	address = {São Paulo/São Gabriel da Cachoeira},
	author = {Oliveira, Lucia Alberta Andrade de and José Galvez Trindade and Kristine Stenzel},
	booktitle = {Educação escolar indígena do rio {N}egro, 1998-2011: {R}elatos de Experiências e Lições Aprendidas},
	editor = {Flora Dias Cabalzar},
	pages = {286--305},
	publisher = {Instituto Socioambiental/Federação das Organizações Indígenas do Rio Negro},
	sortname = {Oliveira, Lucia Alberta Andrade de and Jose Galvez Trindade and Kristine Stenzel},
	title = {Escola {I}ndígena {K}otiria {K}humuno {W}ʉ’ʉ},
	year = {2012}
}

@incollection{Monod-Becquelin2001,
	address = {Rio de Janeiro},
	author = {Monod-Becquelin, Aurore and Raquel Guirardello},
	booktitle = {Os Povos do {Alto Xingu}: {H}istória e Cultura},
	editor = {B. Franchetto and M. Heckenberger},
	pages = {401--443},
	publisher = {Editora da UFRJ},
	title = {Histórias {T}rumai},
	year = {2001}
}

@incollection{Kaufman1994,
	address = {New York},
	author = {Kaufman, Terrence},
	booktitle = {Atlas of the world’s languages,},
	editor = {C. Moseley and R. Asher},
	pages = {76--96},
	publisher = {Routledge},
	title = {The native languages of {{South} {America}}},
	year = {1994}
}

@incollection{Guirardello-Damian2014,
	address = {Leiden, Netherlands},
	author = {Guirardello-Damian, Raquel},
	booktitle = {Reduplication in Indigenous Languages of {{South} {America}},},
	editor = {G. G. Gómez and H. van der Voort},
	pages = {217--246},
	publisher = {Brill},
	title = {Reduplication and Ideophones in {T}rumai},
	year = {2014}
}

@incollection{Guirardello-Damian2012,
	address = {Campinas},
	author = {Guirardello-Damian, Raquel},
	booktitle = {Abordagens sobre o Léxico em Línguas Indígenas,},
	editor = {C. M. Fargetti},
	pages = {171--195},
	publisher = {Editora Curt Nimuendajú},
	title = {Um Estudo sobre o Léxico {T}rumai: {V}erbos e Auxiliares de Movimento},
	year = {2012}
}

@incollection{Guirardello-Damian2010,
	address = {Amsterdam and Philadelphia},
	author = {Guirardello-Damian, Raquel},
	booktitle = {Ergativity in {A}mazonia},
	editor = {Spike Gildea and Francesc Queixalós},
	number = {89},
	pages = {203--234},
	publisher = { John Benjamins},
	series = {Typological Studies in Language},
	title = {Ergativity in {T}rumai},
	year = {2010}
}

@incollection{Gomez-Imbertforthcoming,
	address = {Berlin},
	author = {Gomez-Imbert, Elsa and Kristine Stenzel},
	booktitle = {Amazonian languages, an international handbook},
	editor = {Patience Epps and Lev Michael},
	pages = {\biberror{no pages}},
	publisher = {de {G}ruyter {M}outon},
	title = {Tukanoan Languages},
	year = {forthcoming}
}

@incollection{Gomez-Imbert1996,
	address = {Cambridge},
	author = {Gomez-Imbert, Elsa},
	booktitle = {Rethinking linguistic relativity},
	editor = {John Gumperz and Stephen Levinson},
	pages = {\biberror{no pages}},
	publisher = {Cambridge {U}niversity {P}ress},
	title = {When animals become ‘rounded’ and ‘feminine’: {C}onceptual categories and linguistic classification in a multilingual setting},
	year = {1996}
}

@incollection{Galucio2014,
	address = {Campinas},
	author = {Galucio, Ana Vilacy},
	booktitle = {Sintaxe e Sem\^{a}ntica do Verbo em L\'{\i}nguas Ind\'{\i}genas no {B}rasil},
	editor = {Storto, Luciana and Franchetto, Bruna and de Lima, Suzi Oliveira},
	pages = {167--196},
	publisher = {Mercado de Letras},
	title = {{Estrutura argumental e alinhamento gramatical em Mekens}},
	year = {2014}
}

@incollection{Galucio2011,
	address = {Amsterdam/Philadephia},
	author = {Galucio, Ana Vilacy},
	booktitle = {Subordination in native {{South} {American}} languages},
	editor = {van Gijn, Rik and Haude, Katharina and Muysken, Pieter},
	pages = {25--44},
	publisher = {John Benjamins Publishing Company},
	title = {{Subordinate adverbial constructions in Mekens}},
	year = {2011}
}

@incollection{Franchetto2016,
	address = {Amherst},
	author = {Franchetto, Bruna  and  Thomas, Guillaume},
	booktitle = {{{Proceedings of the Ninth Conference on the Semantics of {{Under-Represented}} Languages in the {A}mericas. {University of {California}, {Santa Cruz}} ({M}ay 6-8, 2016).}}},
	editor = {Thuy Bui and Ivan Rudmila-Rodica},
	pages = {25--40},
	publisher = {GLSA (Graduate Linguistics Student Association), Department of Linguistics, University of Massachussets},
	title = {The nominal temporal marker -pe in {K}uikuro},
	year = {2016},
}

@incollection{Franchetto2010b,
	address = {Ed. New York},
	author = {Franchetto, Bruna  and  Santos, Mara},
	booktitle = {Information Structure in Indigenous Languages of the {{Americas}}, Syntactic Approaches.},
	editor = {Camacho, José and Rodrigo Gutiérrez-Bravo and Liliana Sánchez},
	pages = {87--113},
	publisher = {De Gruyter Mouton, 2010, v. 1},
	title = {{Cartography} of expanded {{{CP}}} in {K}uikuro ({Southern Carib, {Brazil}})},
	year = {2010},
}

@incollection{Franchetto2010a,
	address = {Philadelphia},
	author = {Franchetto, Bruna},
	booktitle = {Ergativity in {A}mazonia,},
	editor = {Gildea, Spike and Francesc Queixalós},
	pages = {121--158},
	publisher = {John Benjamins Publishing Company, (Typological Studies in Language 89) },
	title = {The ergativity effect in {K}uikuro ({S}outhern {C}arib, {B}razil)},
	year = {2010},
}

@incollection{Franchetto2002,
	address = {Brasil},
	author = {Franchetto, Bruna},
	booktitle = {Ergatividade na Amazônia I,},
	editor = {Queixalós, Franciso},
	pages = {15--44},
	publisher = {Centre d’études des langues indigènes d’Amérique (CNRS, IRD), Laboratório de Línguas Indígenas (Unb)},
	title = {Kuikuro. {{U}}ma língua ergativa no ramo meridional da família Karib (Alto Xingu)},
	year = {2002}
}

@incollection{Franchetto1995,
	address = {Rio de Janeiro},
	author = {Franchetto Bruna},
	booktitle = {Estudos Fonológicos das Línguas Indígenas Brasileiras,},
	editor = {Wetzels, Leo},
	pages = {53--84},
	publisher = {Editora UFRJ},
	title = {Processos Fonológicos em {K}uikúro: {{U}}ma Visão Auto-segmental"},
	year = {1995},
}

@incollection{Fausto2008,
	address = {Amsterdam},
	author = {Fausto, Carlos  and  Franchetto, Bruna  and  Heckenberger, Michael J.},
	booktitle = {Lessons from Documented Endangered Languages,},
	editor = {Harrison, David K. and David S. Rood and Aryenne Dwyer},
	pages = {129--158},
	publisher = {John Benjamins Publishing Company (Typological Studies in Language 78)},
	sortname = {Fausto, Carlos  and  Franchetto, Bruna  and  Heckenberger, Michael J.},
	title = {Language, ritual and historical reconstruction: {t}owards a linguistic, ethnographical and archaeological account of {Upper Xingu} society},
	year = {2008},
}

@incollection{EppsandStenzel2013,
	address = {Rio de Janeiro},
	author = {Epps, Patience and Kristine Stenzel},
	booktitle = {Upper {R}io {N}egro: {C}ultural and linguistic interaction in northwestern {A}mazonia},
	editor = {Patience Epps and Kristine Stenzel},
	pages = {13--50},
	publisher = {Museu Nacional, Museu do Índio-FUNAI},
	title = {Introduction},
	year = {2013}
}

@incollection{Epps2013,
	address = {Rio de Janeiro},
	author = {Epps, Patience and Kristine Stenzel},
	booktitle = {Upper {R}io {N}egro: {C}ultural and linguistic interaction in northwestern {A}mazonia},
	editor = {Patience Epps and Kristine Stenzel},
	pages = {197--244},
	publisher = {Museu do Índio-FUNAI},
	title = {Introduction},
	year = {2013}
}

@incollection{Epps2007,
	address = {Oxford},
	author = {Epps, Patience},
	booktitle = {Grammars in contact: {A} cross-linguistic typology},
	editor = {Alexandra Y. Aikhenvald and R. M. W. Dixon},
	number = {4},
	pages = {267–289},
	publisher = {Oxford University Press},
	series = {Explorations in linguistic typology},
	title = {The {V}aupés melting pot: {T}ukanoan influence on {H}up},
	year = {2007}
}

@incollection{Derbyshire1999,
	address = {Cambridge },
	author = { Derbyshire, Desmond },
	booktitle = { The {A}mazonian Languages },
	editor = {Robert W. Dixon and Alexandra Y. Aikhenvald },
	pages = {23--64},
	publisher = {Cambridge University Press },
	title = {Carib},
	year = {1999}
}

@incollection{Crevels2008,
	address = { Amsterdam/Philadelphia },
	author = {Crevels, Mily and Hein {van der Voort} },
	booktitle = {From Linguistic Areas to Areal Linguistics },
	editor = {Pieter Muysken },
	pages = {151--178},
	publisher = {John Benjamins },
	title = {The {{Guaporé-Mamor}é} region as a linguistic area },
	year = {2012}
}

@incollection{Corrêa-da-Silva2002,
	address = {Belém},
	author = {Corrêa-da-Silva, Beatriz C},
	booktitle = {Línguas indígenas brasileiras: {F}onologia, gramática e história. {A}tas do I Encontro Internacional do Grupo de Trabalho sobre Línguas indígenas da {{ANPOLL}},},
	editor = {Ana S. Cabral and A. D. Rodrigues},
	pages = {343--351},
	publisher = {EDUFPA},
	sortname = {Correa-da-Silva, Beatriz C},
	title = {A codificação dos argumentos em {K}a’apor: {S}incronia e diacronia},
	year = {2002}
}

@incollection{Chernela2013,
	address = {Rio de Janeiro},
	author = {Chernela, Janet},
	booktitle = {Upper {R}io {N}egro: {C}ultural and linguistic interaction in northwestern {A}mazonia},
	editor = {Patience Epps and Kristine Stenzel},
	pages = {197--244},
	publisher = {Museu Nacional, Museu do Índio-FUNAI},
	title = {Toward an {{E}}ast {T}ukano ethnolinguistics: {M}etadiscursive practices, identity, and sustained linguistic diversity in the {V}aupés basin of {B}razil and {C}olombia},
	year = {2013}
}

@incollection{Carneiro1977,
	address = {Dallas},
	author = {Carneiro, Robert},
	booktitle = {Colloquia in Anthropology, Vol. 1,},
	editor = {Ronald K. Wetherington},
	pages = {3--15},
	publisher = {Fort Burgwin Research Center},
	title = {The Afterworld of the {K}uikuru {Indians}},
	year = {1977},
}

@incollection{Campbell2012,
	address = {Berlin},
	author = {Campbell, Lyle},
	booktitle = {The Native Languages of {South {America}}. {O}rigins, Development, Typology},
	editor = {Verónica Grondona and Lyle Campbell},
	pages = {259--330},
	publisher = {Mouton de Gruyter},
	title = { Typological characteristics of {South {American}} indigenous languages Languages},
	year = {2012}
}

@incollection{BontkesDooley1985,
	address = {Brasília},
	author = {Willem Bontkes and Robert A. Dooley},
	booktitle = {Porto {V}elho workpapers,},
	editor = {David L. Fortune},
	pages = {166--188},
	publisher = {Summer Institute of Linguistics},
	sortname = {Willem Bontkes and Robert A. Dooley},
	title = {Verification particles in {S}uruí},
	year = {1985}
}

@incollection{Bontkes1985,
	address = {Brasília},
	author = {Bontkes, Carolyn},
	booktitle = {{P}orto {V}elho workpapers,},
	editor = {David L. Fortune},
	pages = {189--207},
	publisher = {{S}ummer {I}nstitute of {L}inguistics},
	title = {Subordinate clauses in {S}uruí},
	year = {1985}
}

@incollection{Birchall2014,
	address = {Cambridge},
	author = {Birchall, Joshua},
	booktitle = {The Native Languages of {South {America}}. {O}rigins, Development, Typology},
	editor = {Loretta O’Connor and Pieter Muysken },
	pages = {223--249},
	publisher = { Cambridge University Press },
	title = { Verbal argument marking patterns in {South {American}} Languages},
	year = {2014}
}

@incollection{Basso2001,
	address = {Rio de Janeiro},
	author = {Basso, Ellen},
	booktitle = {Os Povos do {Alto} {Xingu}: {H}istória e Cultura,},
	editor = {Franchetto, Bruna and Michael Heckenberger},
	pages = {293--307},
	publisher = {Editora da UFRJ},
	title = {O que podemos aprender do discurso kalapalo sobre a “história kalapalo"?},
	year = {2001}
}

@incollection{Balée2006,
	address = {New York},
	author = {Balée, Wiliam},
	booktitle = {Amazon peasant societies in a changing environment: {P}olitical ecology, invisibility and modernity in the rainforest,},
	editor = {Adams, Cristina and Rui Murrieta and Walter Neves and Mark Harris},
	pages = {33--53},
	publisher = {Springer},
	sortname = {Balee, Wiliam},
	title = {Landscape transformation and language change: {A} case study in {a}mazonian historical ecology},
	year = {2006}
}

@incollection {van2000,
	address = { [Indigenous Languages of {Latin America}, 1]. Leiden },
	author = {{van der Voort}, Hein  },
	booktitle = { Indigenous Languages of Lowland {South A}merica},
	editor = { Voort, Hein van der and Simon van de Kerke },
	pages = {1--7},
	publisher = { Research School of Asian, African, and Amerindian Studies (CNWS)},
	title = { Introduction },
	year = {2000}
}

@incollection {Payne1990,
	address = { Austin },
	author = { Payne, Doris L. },
	booktitle = { Amazonian linguistics: {S}tudies in lowland {South {American}} languages},
	editor = { Doris L. Payne },
	pages = {213--241},
	publisher = { University of Texas Press },
	title = { Morphological characteristics of lowland {South {American}} languages },
	year = {1990}
}

@incollection {Moore2008,
	address = { Berlin },
	author = { Moore, Denny },
	booktitle = {Language Diversity Endangered },
	editor = {Matthias Brenzinger },
	pages = {29--58},
	publisher = { Mouton de Gruyter },
	title = { Endangered languages of lowland tropical {South {America}}},
	year = {2008}
}

@book{vanGijn2016,
	address = {[{T}ypological Studies in Language 114]. Amsterdam/Philadelphia},
	booktitle = {Switch reference 2.0.},
	editor = {{van Gijn}, Rik, and Jeremy Hammond},
	publisher = {John Benjamins},
	title = {Switch reference 2.0.},
	year = {2016}
}

@book{vanGijn2011,
	address = {[{T}ypological Studies in Language 97]. Amsterdam/Philadelphia},
	booktitle = {Subordination in Native {South {American}} Languages.},
	editor = {{van Gijn}, Rik and Katharine Haude and Pieter Muysken},
	publisher = {John Benjamins},
	title = {Subordination in Native {South {American}} Languages.},
	year = {2011}
}

@book{g:vanderVoort:Kwaza,
	address = {Berlin},
	author = {van der Voort, Hein},
	isbn = {9783110178692},
	mendeley-groups = {Thesis},
	pages = {xxxviii+1026},
	publisher = {Mouton de Gruyter},
	title = {{A grammar of Kwaza}},
	year = {2004}
}

@book{Yvinec2011,
	address = {Paris},
	author = {Yvinec, Cédric.},
	publisher = {EHESS. (Doctoral dissertation.)},
	sortname = {Yvinec, Cedric.},
	title = {Les monuments lyriques des {S}uruí du {R}ondônia : {c}hants, événements, savoirs},
	year = {2011}
}

@book{Welper2009,
	address = {PhD dissertation},
	author = {Welper, Elena.},
	publisher = {Federal University of Rio de Janeiro},
	sortname = {Welper, Elena.},
	title = {O mundo de {João} {Tuxáua:} transformação do povo {Marubo}},
	year = {2009}
}

@book{Waltz1997,
	address = {Bogotá},
	author = {Nathan E. Waltz and Carolyn Waltz},
	publisher = {Instituto Lingüístico de Verano},
	sortname = {Nathan E. Waltz and Carolyn Waltz},
	title = {{E}l agua, la roca y el humo: {{E}}studios sobre la cultura wanana del {V}aupés},
	year = {1997}
}

@book{Villas1970,
	address = {São Paulo},
	author = {Villas Boas, Orlando  and  Villas Boas, Claudio},
	publisher = {Editora Edibolso},
	title = {Xingu: {O}s índios, seus mitos},
	year = {1970},
}

@book{Valenzuela2003,
	address = {PhD dissertation},
	author = {Valenzuela, Pilar.},
	publisher = {University of Oregon},
	sortname = {Valenzuela, Pilar.},
	title = {Transitivity in {{{{Shipibo}-Konibo}}} Grammar},
	year = {2003}
}

@book{Uzendowski2005,
	address = {Urbana},
	author = {Uzendoski, Michael},
	publisher = {University of Illinois Press},
	title = {The {N}apo {R}una of {A}mazonian {{E}}cuador},
	year = {2005}
}

@book{Steinen1940,
	address = {São Paulo},
	author = {Steinen, Karl von den},
	publisher = {Departamento de Cultura},
	title = {Entre os Aborígenes do {Brasil {Central}. {S}eparata da Revista do Arquivo Municipal, Vols.} {{XXXIV}} a LVIII},
	year = {1940}
}

@book{Steinen1894,
	address = {Berlin},
	author = {Steinen, Karl von den},
	publisher = {Dietrich Reimer},
	title = {Unter den Naturvolkern {{Zentral-Braziliens}}},
	year = {1894},
}

@book{Silva2012,
	address = {Porto Velho},
	author = {Silva, Maria F\'{a}tima S. and Aikan\~{a}, Raimunda and Aikan\~{a}, Luiza and Aikan\~{a}, Luzia},
	publisher = {SEDUC},
	sortname = {Silva, Maria F{a}tima S. and Aikan{a}, Raimunda and Aikan{a}, Luiza and Aikan{a}, Luzia},
	title = {{Primeiro dicion\'{a}rio da l\'{\i}ngua Aikan\~{a}}},
	year = {2012}
}

@book{Seki2000,
	address = {Campinas},
	author = {Seki, Lucy},
	publisher = {Editora da Universidade Estadual de Campinas.},
	title = {Gramática do {K}amayurá, Língua {{{Tupi-Guarani}} do Alto Xingu}},
	year = {2000}
}

@book{Santos2007,
	address = {Rio de Janeiro},
	author = {Santos, Gélsama M. F. dos.},
	publisher = {UFRJ thesis},
	sortname = {Santos, Gelsama M. F. dos.},
	title = {Morfologia {K}uikuro: {G}erando nomes e verbos},
	year = {2007},
}

@book{Ruedas2001,
	address = {PhD dissertation},
	author = {Ruedas, Javier.},
	publisher = {Tulane University},
	sortname = {Ruedas, Javier.},
	title = {The {M}arubo Political System},
	year = {2001}
}

@book{Rodrigues1986,
	address = {São Paulo},
	author = {Rodrigues, Aryon},
	publisher = {Edições Loyola},
	title = {Línguas brasileiras: {P}ara o Conhecimento das Línguas Indígenas Brasileiras},
	year = {1986}
}

@book{Ribeiro1962,
	address = {Rio de Janeiro},
	author = {Ribeiro, Darcy},
	publisher = {Ministério da Agricultura},
	title = {A política indigenista brasileira},
	year = {1962}
}

@book{Rabello2013,
	address = {Rio de Janeiro},
	author = {Rabello, Aline Varela.},
	publisher = {Museu Nacional/UFRJ dissertation},
	sortname = {Rabello, Aline Varela.},
	title = {Marcadores de modalidade epistêmica nas narrativas históricas {Kuikuro}},
	year = {2013}
}

@book{O’Connor2014,
	address = {Cambridge},
	booktitle = {The Native Languages of {South {America}. {O}rigins}, Development, Typology},
	editor = {O’Connor, Loretta and Pieter Muysken},
	publisher = {Cambridge University Press},
	sortname = {O’Connor, Loretta and Pieter Muysken},
	title = {The Native Languages of {South {America}. {O}rigins}, Development, Typology},
	year = {2014}
}

@book{Nonato2016,
	address = {\biberror{no address}},
	author = {Nonato, Rafael},
	publisher = {Handout de comunicação dada no PPGAS-MN-UFRJ},
	title = {Noruega, Ndo ro hwêkê, Peido na cara},
	year = {2016}
}

@book{Murphy1955,
	address = {Seattle},
	author = {Murphy, Robert and Buell Quain},
	publisher = {University of Washington Press.},
	title = {The {T}rumai {Indians} of {C}entral {B}razil.},
	year = {1955}
}

@book{Montagner1996,
	address = {Belém},
	author = {Montagner, Delvair.},
	publisher = {Museu Paraense Emílio Goeldi},
	sortname = {Montagner, Delvair.},
	title = {A Morada das Almas},
	year = {1996}
}

@book{Montagner1985,
	address = {PhD dissertation},
	author = {Montagner, Delvair.},
	publisher = {University of Brasília},
	sortname = {Montagner, Delvair.},
	title = {O mundo dos {E}spíritos: {{E}}studo etnográfico dos ritos de cura {M}arúbo},
	year = {1985}
}

@book{Monod-Becquelin1975,
	address = { Paris},
	author = {Monod-Becquelin, Aurore},
	publisher = {Selaf},
	title = {{La} Practique Linguistique des {Indiens} {T}rumai},
	year = {1975}
}

@book{Mindlin1996,
	address = {São Paulo},
	author = {Mindlin, Betty.},
	publisher = {Atica},
	sortname = {Mindlin, Betty.},
	title = {Vozes da origem. {{E}}stórias sem escrita: {N}arrativas dos índios {S}uruí de {R}ondônia},
	year = {1996}
}

@book{Mindlin1985,
	address = {Petrópolis},
	author = {Mindlin, Betty.},
	publisher = {Vozes},
	sortname = {Mindlin, Betty.},
	title = {Nós {P}aiter: {O}s {S}uruí de {R}ondônia},
	year = {1985}
}

@book{Mehinaku2010,
	address = {Rio de Janeiro},
	author = {Mehinaku, Mutua.},
	publisher = {Museu Nacional/UFRJ thesis},
	sortname = {Mehinaku, Mutua.},
	title = {Tetsualü: {P}luralismo de línguas e pessoas no {Alto} {Xingu}},
	year = {2010}
}

@book{Lacerda2004,
	address = {Brussels},
	author = {Lacerda Guerra, Mariana.},
	publisher = {Université Libre de Bruxelles. (Master dissertation.)},
	sortname = {Lacerda Guerra, Mariana.},
	title = {Aspects of {S}uruí phonology and phonetics},
	year = {2004}
}

@book{Koch-Grünberg1995,
	address = {Bogotá},
	author = {Koch-Grünberg, Theodor},
	note = {German original published in 1909-10},
	publisher = {Editorial Universidad Nacional},
	sortname = {Koch-Grunberg, Theodor},
	title = {Dos años entre los indios: {V}iajes por el noroeste brasileño (1903--1905)},
	volume = {1},
	year = {1995 [1909]}
}

@book{Kakumasu1964,
	address = {\biberror{no address}},
	author = {Kakumasu, James Y.},
	publisher = {Summer Institute of Linguistics},
	sortname = {Kakumasu, James Y.},
	title = {Urubú phonemics},
	year = {1964}
}

@book{Guerreiro2015,
	address = {Campinas},
	author = {Guerreiro, Antonio.},
	publisher = {Editora da Unicamp},
	sortname = {Guerreiro, Antonio.},
	title = {Ancestrais e suas sombras: {{U}}ma etnografia da chefia {Kalapalo} e seu ritual mortuário},
	year = {2015}
}

@book{Guerreiro2012,
	address = {PhD Dissertation},
	author = {Guerreiro Júnior, Antônio. R.},
	publisher = {Anthropology Department, University of Brasília (Brazil).},
	sortname = {Guerreiro Junior, Antonio. R.},
	title = {Ancestrais e suas sombras: {{U}}ma etnografia da chefia {K}alapalo e seu ritual mortuário.},
	year = {2012}
}

@book{Godoy2015,
	address = {Rio de Janeiro},
	author = {Godoy, Gustavo},
	publisher = {Universidade Federal do Rio de Janeiro dissertation},
	title = {Dos modos de beber e cozinhar cauim: {R}itos e narrativas dos {K}a'apores},
	year = {2015}
}

@book{Franchetto2011,
	address = {Rio de Janeiro},
	booktitle = {Alto {X}ingu: {U}ma sociedade multilíngue},
	editor = {Franchetto, Bruna},
	publisher = {Museu do Índio/FUNAI. http://www.etnolinguistica.org/index/xingu},
	title = {Alto {X}ingu: {U}ma sociedade multilíngue},
	year = {2011}
}

@book{Franchetto2001,
	address = {Rio de Janeiro},
	booktitle = {Os Povos do {Alto Xingu}. {H}istória e Cultura},
	editor = {Franchetto, Bruna  and  Heckenberger, Michael J.},
	publisher = {Editora da UFRJ},
	sortname = {Franchetto, Bruna  and  Heckenberger, Michael J.},
	title = {Os Povos do {Alto Xingu}. {H}istória e Cultura},
	year = {2001},
}

@book{Franchetto1986,
	address = {Rio de Janeiro},
	author = {Franchetto, Bruna},
	publisher = {UFRJ thesis},
	title = {Falar {Kuikúro}: {{E}}studo etnolinguístico de um grupo caribe do {Alto Xingu}},
	year = {1986},
}

@book{Fleck2003,
	address = {PhD dissertation},
	author = {Fleck, David W..},
	publisher = {Rice University},
	sortname = {Fleck, David W..},
	title = {A Grammar of {M}atses},
	year = {2003}
}

@book{Ferreirand,
	address = {At least two sign language in {B}razil: one among {urubu-kaapor} indians and another in {São Paulo}},
	author = {Ferreira, Lucinda},
	publisher = {\biberror{no publisher}},
	title = {\biberror{no title}},
	year = {n.d.}
}

@book{Ferreira2010,
	address = {Rio de Janeiro},
	author = {Ferreira, Lucinda.},
	publisher = {Tempo Brasileiro},
	sortname = {Ferreira, Lucinda.},
	title = {Por uma gramática de língua de sinais},
	year = {2010}
}

@book{Fargetti1992,
	address = {Master's Thesis},
	author = {Emmerich, Charlotte.},
	publisher = {Linguistics Department, State University of Campinas (Unicamp). Campinas, Brazil.},
	sortname = {Emmerich, Charlotte.},
	title = {Análise fonológica da língua {J}uruna.},
	year = {1992}
}

@book{Epps2008,
	address = {Berlin},
	author = {Epps, Patience},
	number = {43},
	publisher = {Mouton de Gruyter},
	series = {Mouton Grammar Library},
	title = {A grammar of {H}up},
	year = {2008}
}

@book{Epps2005/2016,
	address = {},
	booktitle = {Hupd’äh nɨh pɨnɨgd’äh: {S}tories of the {H}upd’äh},
	editor = {Epps, Patience},
	publisher = {Create{S}pace self-publishing},
	title = {Hupd’äh nɨh pɨnɨgd’äh: {S}tories of the {H}upd’äh},
	year = {2005/2016}
}

@book{Emmerich1980,
	address = {PhD dissertation},
	author = {Emmerich, Charlotte.},
	publisher = {Departamento de Antropologia, Museu Nacional/UFRJ.},
	sortname = {Emmerich, Charlotte.},
	title = {A Fonologia Segmental da Língua {T}xikão: {{U}}m Exercício de Análise},
	year = {1980}
}

@book{Dourado2001,
	address = {PhD dissertation},
	author = {Dourado, Luciana.},
	publisher = {Linguistics Department, State University of Campinas (Unicamp). Campinas, Brazil.},
	sortname = {Dourado, Luciana.},
	title = {Aspectos Morfossintáticos da língua {{Panará} (Jê)}},
	year = {2001}
}

@book{Dixon1999,
	address = {Cambridge},
	author = {Dixon, Robert W. and Alexandra Y. Aikhenvald},
	publisher = {Cambridge University Press},
	sortname = {Dixon, Robert W. and Alexandra Y. Aikhenvald},
	title = {The {A}mazonian Languages},
	year = {1999}
}

@book{De2010,
	address = {PhD dissertation},
	author = {De Vienne, Emmanuel.},
	publisher = {École des Hautes Études en Sciences Sociales. Paris, France},
	sortname = {De Vienne, Emmanuel.},
	title = {Maladie, chamanisme et rituel chez les {T}rumai du {Haut Xingu, Mato Grosso. {T}raditions en souffrance}},
	year = {2010}
}

@book{Costa2000,
	address = {PhD dissertation},
	author = {Costa, Raquel.},
	publisher = {Federal University of Rio de Janeiro},
	sortname = {Costa, Raquel.},
	title = {Aspectos da Fonologia {Marubo (Pano)}: {{U}}ma Visão {{Não-Linear}}},
	year = {2000}
}

@book{Costa1992,
	address = {MA thesis},
	author = {Costa, Raquel.},
	publisher = {Federal University of Rio de Janeiro},
	sortname = {Costa, Raquel.},
	title = {Padrões Rítmicos e Marcação de Caso em {Marubo (Pano)}},
	year = {1992}
}

@book{Corrêa-da-Silva1997,
	address = {Brasília},
	author = {Corrêa-da-Silva, Beatriz C.},
	publisher = {Universidade de Brasília dissertation},
	sortname = {Correa-da-Silva, Beatriz C.},
	title = {{{Urubú-{Ka}}}’apór - Da gramática à história: {a} trajetória de um povo},
	year = {1997}
}

@book{Chernela1993,
	address = {Austin},
	author = {Chernela, Janet},
	publisher = {University of Texas Press},
	title = {The {W}anano {I}ndians of the {B}razilian {A}mazon: {A} sense of space},
	year = {1993}
}

@book{Chernela1983,
	address = {New York, NY},
	author = {Chernela, Janet},
	publisher = {Columbia University PhD dissertation},
	title = {Hierarchy and economy of the {{U}}anano ({K}otiria) speaking peoples of the middle {{U}}aupes basin},
	year = {1983}
}

@book{Cesarino2013,
	address = { São Paulo},
	author = {Cesarino, Pedro de Niemeyer.},
	publisher = {Editora 34},
	sortname = {Cesarino, Pedro de Niemeyer.},
	title = {Quando a Terra deixou de falar - cantos da mitologia {M}arubo},
	year = {2013}
}

@book{Cesarino2011,
	address = {São Paulo},
	author = {Cesarino, Pedro de Niemeyer.},
	publisher = {Editora  Perspectiva/ FAPESP},
	sortname = {Cesarino, Pedro de Niemeyer.},
	title = {Oniska - poética do xamanismo na {A}mazônia},
	year = {2011}
}

@book{Cardoso2007,
	address = {Ph.D. dissertation},
	booktitle = {O céu dos {T}ukano na {{E}}scola {Y}upuri: {C}onstruindo um calendário dinâmico},
	editor = {Cardoso, Walmir Thomazi},
	publisher = {PUC-SP},
	title = {O céu dos {T}ukano na {{E}}scola {Y}upuri: {C}onstruindo um calendário dinâmico},
	year = {2007}
}

@book{Cabalzar2008,
	address = {São Paulo},
	author = {Cabalzar, Aloisio},
	publisher = {Editora UNESP},
	title = {Filhos da Cobra de Pedra: {O}rganização social e trajetórias tuyuka no rio {T}iquié (noroeste amazônico)},
	year = {2008}
}

@book{Bolaños2016,
	address = {University of Amsterdam},
	author = {Bolaños, Katherine},
	publisher = {Lot Publications 433},
	sortname = {Bolanos, Katherine},
	title = {A grammar of {K}akua},
	year = {2016}
}

@book{Bastos2013,
	address = {Florianópolis},
	author = {Bastos, Rafael.},
	publisher = {Editora da UFSC},
	sortname = {Bastos, Rafael.},
	title = {A Festa da Jaguatirica: {{U}}ma partitura crítico-interpretativa},
	year = {2013}
}

@book{Basso2012,
	address = {Resource},
	author = {Basso, Ellen.},
	publisher = {KUI015R002},
	sortname = {Basso, Ellen.},
	title = {A Grammar of {Kalapalo}, A {Southern} Cariban Language. {Kalapalo} Collection of {Ellen} {Basso}. {The} {Archive} of the {Indigenous} {Languages} of {Latin} {America}: {W}ww. {A}illa. {U}texas. {O}rg. {Media}: {T}ext. {Access}: {P}ublic},
	year = {2012}
}

@book{Basso1995,
	address = {Austin},
	author = {Basso, Ellen B.},
	publisher = {Texas University Press},
	sortname = {Basso, Ellen B.},
	title = {The Last Cannibals. {A}      {{South} {American}} Oral History},
	year = {1995},
}

@book{Basso1985,
	address = {Philadelphia},
	author = {Basso, Ellen B.},
	publisher = {University of Pennsylvania Press},
	sortname = {Basso, Ellen B.},
	title = {A Musical View of the Universe. {K}alapalo Myth and Ritual Performances},
	year = {1985},
}

@book{Balée1994,
	address = {New York},
	author = {Balée, William.},
	publisher = {Columbia University Press},
	sortname = {Balee, William.},
	title = {Footprints of the Forest},
	year = {1994}
}

@book{Andrello2012,
	address = {São Paulo/São Gabriel da Cachoeira},
	booktitle = {Rotas de Criação e Transformação: {N}arrativas de origem dos povos indígenas do rio {N}egro},
	editor = {Andrello, Geraldo},
	publisher = {Instituto Socioambiental/Federação das Organizações Indígenas do Rio Negro},
	title = {Rotas de Criação e Transformação: {N}arrativas de origem dos povos indígenas do rio {N}egro},
	year = {2012}
}

@book{Aikhenvald2012,
	address = {New York},
	author = {Aikhenvald, Alexandra Y.},
	publisher = {Oxford University Press},
	sortname = {Aikhenvald, Alexandra Y.},
	title = {The languages of the {A}mazon},
	year = {2012}
}

@book{Aikhenvald2002,
	address = {Oxford},
	author = {Aikhenvald, Alexandra Y.},
	publisher = {Oxford University Press},
	sortname = {Aikhenvald, Alexandra Y.},
	title = {Language contact in {Amazonia}},
	year = {2002}
}

@book{Agostinho1974,
	address = {São Paulo},
	author = {Agostinho, Pedro.},
	publisher = {EDUSP},
	sortname = {Agostinho, Pedro.},
	title = {Kwarìp: {M}ito e Ritual no {A}lto {X}ingu},
	year = {1974},
}

@article{hvw:vanderVoort:Kwaza,
	author = {van der Voort, Hein},
	journal = {International Journal of American Linguistics},
	number = {4},
	pages = {365--412},
	title = {{Kwaza in a comparative perspective}},
	volume = {71},
	year = {2005}
}

@article{hv:Rodrigues:Tupi-Guarani:Internas,
	author = {Rodrigues, Aryon Dall'lgna},
	journal = {Revista de Antropologia},
	mendeley-groups = {Thesis},
	pages = {33--53},
	sortname = {Rodrigues, Aryon Dall'lgna},
	title = {{Rela\c{c}\~{o}es internas na fam\'{\i}lia ling\"{u}\'{\i}stica {{Tupi-Guarani}}}},
	volume = {27/28},
	year = {1985}
}

@article{hel:Mooreetal:Amazonicas,
	author = {Moore, Denny and Galucio, Ana Vilacy and  Gabas J\'{u}nior, N\'ilson},
	journal = {Scientific American (Brasil)},
	pages = {36--43},
	sortname = {Moore, Denny and Galucio, Ana Vilacy and  Gabas J{u}nior, Nilson},
	title = {O Desafio de Documentar e Preservar as L\'inguas Amaz\^{o}nicas},
	volume = {3},
	year = {2008}
}

@article{ViveirosdeCastro1998,
	author = {{Viveiros de Castro}, Eduardo},
	journal = {Journal of the {R}oyal {A}nthropological {I}nstitute},
	pages = {469--488},
	title = {Cosmological deixis and {A}merindian perspectivism},
	translator = {Elizabeth Ewart},
	volume = {4},
	year = {1998}
}

@article{Vilaça2000,
	author = {Vilaça, Aparecida},
	journal = {Revista {B}rasileira de {C}iencias {S}ociais},
	pages = {56--72},
	sortname = {Vilaca, Aparecida},
	title = {O que significa tornar-se outro? {X}amanismo e contato interétnico na {A}mazônia},
	volume = {15},
	year = {2000}
}

@article{VanderVoort2013,
	author = {van der Voort, Hein},
	journal = {Boletim do Museu Paraense Em\'{\i}lio Goeldi, Ci\^{e}ncias Humanas},
	mendeley-groups = {Aikana,pibic},
	number = {2},
	pages = {359--377},
	title = {{Fala fict\'{\i}cia fossilizada: {O} tempo futuro em Aikan\~{a}}},
	volume = {8},
	year = {2013}
}

@article{Stenzel2015,
	author = {Stenzel, Kristine},
	journal = {Re{VEL}, edição especial n},
	note = {[www.revel.inf.br]. ISSN 1678-8931},
	pages = {223--246},
	title = {Considerações sobre ordem de palavras, tópico e o ‘efeito foco’ em {K}otiria. },
	volume = {10},
	year = {2015}
}

@article{Stenzel2014,
	author = {Stenzel, Kristine},
	journal = {Language Documentation and Conservation},
	pages = {287--306},
	title = {The Pleasures and Pitfalls of a ‘Participatory’ Documentation Project: {A}n Experience in Northwestern {A}mazonia},
	volume = {8},
	year = {2014}
}

@article{Stenzel2008b,
	author = {Stenzel, Kristine},
	journal = {Amerindia},
	pages = {154--181},
	title = {Kotiria ‘differential object marking' in cross-lingustic perspective},
	volume = {32},
	year = {2008b}
}

@article{Stenzel2008a,
	author = {Stenzel, Kristine},
	journal = {Studies in Language},
	pages = {405--445},
	title = {Evidentials and clause modality in {W}anano},
	volume = {32},
	year = {2008a}
}

@article{Stenzel2008,
	author = {Stenzel, Kristine},
	journal = {Studies in Language},
	number = {2},
	pages = {405--445},
	title = {Evidentials and clause modality in {W}anano},
	volume = {32},
	year = {2008}
}

@article{Stenzel2007b,
	author = {Stenzel, Kristine},
	journal = {International Journal of American Linguistics},
	number = {3},
	pages = {331–66},
	title = {Glottalization and other suprasegmental features in {W}anano},
	volume = {73},
	year = {2007b}
}

@article{Silva2011,
	author = {Silva, Glauber R. da and  Franchetto, Bruna},
	journal = {Amerindia},
	note = {La structure des langues amazoniennes II},
	pages = {41--52},
	sortname = {Silva, Glauber R. da and  Franchetto, Bruna},
	title = {Prosodic distinctions between the varieties of the {{{Upper-Xingu}} Carib} language: {R}esults of an acoustic analysis},
	volume = {35},
	year = {2011},
}

@article{Santos-Granero2006,
	author = {Santos-Granero, Fernando},
	journal = {Revista de Antropología, São Paulo, USP},
	pages = {93--131},
	title = {Vitalidades sensuais: {M}odos não corpóreos de sentir e conhecer na {A}mazônia indígena},
	volume = {49},
	year = {2006}
}

@article{Meira2006,
	address = {Brasília},
	author = {Meira, Sérgio},
	journal = {Revista de Estudos e Pesquisas},
	number = {1/2},
	pages = {157--174},
	publisher = {Funai},
	sortname = {Meira, Sergio},
	title = {A família linguística {C}aribe ({K}aríb)},
	volume = {3},
	year = {2006},
}

@article{Meira2005,
	author = {Meira, Sérgio  and  Franchetto, Bruna},
	journal = {International Journal of American Linguistics 71},
	number = {71},
	pages = {127--192},
	sortname = {Meira, Sergio  and  Franchetto, Bruna},
	title = {The {S}outhern {C}ariban Languages and The {Cariban} Family},
	volume = {2},
	year = {2005},
}

@article{LondoñoSulkin2005,
	author = {Londoño Sulkin, Carlos D.},
	journal = {Ethnos},
	pages = {7--30},
	sortname = {Londono Sulkin, Carlos D.},
	title = {Inhuman beings: {M}orality and perspectivism among {M}uinane people ({C}olombian {A}mazon)},
	volume = {70},
	year = {2005}
}

@article{Lima2013,
	author = {Lima, Suzi O. and  Franchetto, Bruna  and  Santos, Mara},
	journal = {Revista Linguistica},
	number = {1},
	pages = {55--88},
	sortname = {Lima, Suzi O. and  Franchetto, Bruna  and  Santos, Mara},
	title = {Count/mass distinction in {K}uikuro: {O}n individuation and counting},
	url = {https://revistas.ufrj.br/index.php/rl/article/view/4566},
	volume = {9},
	year = {2013},
}

@article{Kalin2014,
	author = {Kalin, Laura},
	journal = {Natural Language and Linguistic Theory},
	pages = {1089--1104},
	title = {The syntax of {{{OVS}}} word order in {H}ixkaryana},
	volume = {32},
	year = {2014},
}

@article{Kakumasu1968,
	author = {Kakumasu, James Y.},
	journal = {International Journal of American Linguistics},
	number = {3},
	pages = {275–281},
	publisher = {Summer Institute of Linguistics},
	sortname = {Kakumasu, James Y.},
	title = {Dicionário por tópicos {{{Kaapor-P}}}ortuguês},
	volume = {\biberror{no volume}},
	year = {1988},
	}         @book{kakumasukakumasu1988,  author = {Kakumasu, James Y. and Kiyoko Kakumasu}
}

@article{Heckenberger2003,
	author = {Heckenberger, Michael. J.},
	journal = {Tipiti: Journal of the Society for the Anthropology of Lowland South America.},
	pages = {\biberror{no pages}},
	sortname = {Heckenberger, Michael. J.},
	title = {The Enigma of the Great Cities: {B}ody and State in {A}mazonia},
	volume = {Iss. 1, Article 3},
	year = {2003}
}

@article{Guirardello-Damian2007,
	author = {Guirardello-Damian, Raquel},
	journal = {Linguistics},
	number = {5/6},
	pages = {917--954},
	title = {Locative Construction and Positionals in {T}rumai},
	volume = {45},
	year = {2007}
}

@article{Guirardello-Damian2005,
	author = {Guirardello-Damian, Raquel},
	journal = {Boletim do Museu Paraense Emílio Goeldi, Série Ciências Humanas},   number = {2},
	pages = {193--306},
	title = {Fonologia, Classes de Palavras e Tipos de Predicado em {T}rumai.},
	volume = {1},
	year = {2005}
}

@article{Guerreiro2011,
	author = {Guerreiro, Antonio},
	journal = {Tipití: Journal of the Society for the Anthropology of Lowland South America},
	number = {1},
	pages = {1--29},
	title = {Refazendo corpos para os mortos: {A}s efígies mortuárias {Kalapalo}},
	volume = {9},
	year = {2011}
}

@article{Galvão1966,
	author = {Galvão, Eduardo and Mário Simões},
	journal = {Revista de Antropologia},
	pages = {37--52},
	sortname = {Galvao, Eduardo and Mario Simoes},
	title = {Mudança e Sobrevivência no {Alto Xingu, Brasil} {Central}.},
	volume = {14},
	year = {1966}
}

@article{Franchetto2015,
	author = {Franchetto, Bruna},
	journal = {{Revista Virtual de Estudos da Linguagem-ReVEL}. Volume 13, no},
	note = { [www.revel.inf.br]},
	pages = {246--264},
	title = {Construções de foco e arredores em {K}uikuro.},
	volume = {10},
	year = {2015},
}

@article{Franchetto2014,
	author = {Franchetto, Bruna, and Keren Rice},
	journal = {Language Documentation and Conservation},
	pages = {251--261},
	title = {Language Documentation in the {A}mericas},
	volume = {8},
	year = {2014}
}

@article{Franchetto2009,
	author = {Franchetto, Bruna  and  Santos, Mara},
	journal = {{Revista Virtual de Estudos da Linguagem-ReVEL}. Edição especial no},
	note = {[www.revel.inf.br]},
	pages = {1--16},
	title = {Tempo Nominal em {Kuikuro (Karib {{Alto-Xinguano}})}},
	volume = {3},
	year = {2009},
}

@article{Franchetto2003,
	author = {Franchetto, Bruna},
	journal = {Amerindia},
	note = {Paris: AEA},
	pages = {213--248},
	title = {L’autre du même: {P}arallélisme et grammaire dans l’art verbal des récits kuikuro (caribe du {H}aut {X}ingu, {B}résil)},
	volume = {28},
	year = {2003},
}

@article{Ferreira1984,
	author = {Ferreira, Lucinda},
	journal = {Sign Language Studies},
	pages = {45--56},
	title = {Similarities and Differences in Two {B}razilian Sign Languages},
	volume = {42},
	year = {1984}
}

@article{EppsandBolaños2017,
	author = {Epps, Patience and Katherine Bolaños},
	journal = {International Journal of American Linguistics},
	pages = {},
	sortname = {Epps, Patience and Katherine Bolanos},
	title = {Reconsidering the ‘{M}akú’ family of northwest {A}mazonia},
	volume = {},
	year = {2017}
}

@article{EppsSal2013,
	author = {Epps, Patience and Andrés Salanova},
	journal = {Tipiti ({J}ournal for the Anthropology of Lowland {South America})},
	number = {1},
	pages = {1--28},
	sortname = {Epps, Patience and Andres Salanova},
	title = {The languages of {A}mazonia},
	volume = {11},
	year = {2013}
}

@article{Epps2010,
	author = {Epps, Patience},
	journal = {Diachronica},
	pages = {334--356},
	title = {Linking valence change and modality: {D}iachronic evidence from {H}up},
	volume = {76},
	year = {2010}
}

@article{Costa1998,
	author = {Costa, Raquel},
	journal = {The Journal of Amazonian Languages},
	number = {2},
	pages = {50--103},
	title = {Aspects of ergativity in {Marubo (Panoan)}},
	volume = {1},
	year = {1998}
}

@article{Chernela2004,
	author = {Chernela, Janet},
	journal = {Women and Language},
	pages = {13--21},
	title = {The politics of language acquisition: {L}anguage learning as social modeling in the northwest {A}mazon},
	volume = {27},
	year = {2004}
}

@article{Cesarino2012,
	author = {Cesarino, Pedro de Niemeyer},
	journal = {Estudos Avançados},
	pages = {75--100},
	title = {Os relatos do {{Caminho-Morte}}: {{E}}tnografia e tradução de poéticas  ameríndias},
	volume = {26},
	year = {2012}
}

@article{Camargo2005,
	author = {Camargo, Eliane},
	journal = {Liames},
	pages = {55--88},
	title = {Manifestações da ergatividade em {Caxinauá (Pano)}},
	volume = {5},
	year = {2005}
}

@article{Camargo2003,
	author = {Camargo, Eliane},
	journal = {Liames},
	pages = {39--51},
	title = {Construções adjetivais e participais em {Caxinauá (Pano)}},
	volume = {3},
	year = {2003}
}

@article{Camargo1998,
	author = {Camargo, Eliane},
	journal = {La Linguistique},
	number = {1},
	pages = {137--150},
	title = {{La} structure actancielle du {C}axinaua},
	volume = {34},
	year = {1998}
}

@article{Camargo1996,
	author = {Camargo, Eliane},
	journal = {Amerindia},
	pages = {1--20},
	title = {Des marqueurs modaux en {C}axinaua},
	volume = {21},
	year = {1996a} } Camargo, Eliane. 1996b. Valeurs médiatives en {C
}

@article{Camargo1995,
	author = {Camargo, Eliane},
	journal = {Bulletin de la Société Suisse des Américanistes},
	pages = {181--188},
	title = {Enunciação e percepção: {A} informação mediatizada em {C}axinaua},
	volume = {59-60},
	year = {1995}
}

@article{Brunelli1987,
	author = {Brunelli, Gilio},
	journal = {Anthropologie et Sociétés},
	number = {3},
	pages = {149--172},
	title = {Migrations, guerres et identité : {F}aits ethno-historiques zoró},
	volume = {11},
	year = {1987}
}

@article{Bastos1983,
	author = {Bastos},
	journal = {{A}nuário Antropológico},
	pages = {43–58},
	title = {Sistemas Políticos, de Comunicação e Articulação Social no {Alto} {Xingu}},
	volume = {81},
	year = {1983}
}

@article{Balée2014,
	author = {Balée, William},
	journal = {Boletim Do Museu Paraense Emilio Goeldi, Ciências Humanas},
	number = {3},
	pages = {645--659},
	sortname = {Balee, William},
	title = {{Charles} {W}agley on changes in {{{Tupí-Guaran}}í} kinship classifications},
	volume = {9},
	year = {2014}
}