
@book{Lahiri2000,
    address = {Berlin},
    booktitle = {Analogy, leveling, markedness: {{P}}rinciples of change in phonology and morphology},
    editor = {Lahiri, Aditi},
    number = {127},
    publisher = {Mouton de Gruyter},
    series = {Trends in Linguistics},
    title = {Analogy, leveling, markedness: {{P}}rinciples of change in phonology and morphology},
    year = {2000}
}


@misc{Nordhoff2018,
    author = {Sebastian Nordhoff},
    year = {2018},
    title = {{BibTeX} generator},
    note = {Follow the link to generate BibTeX}
}

@article{Drager2011,
   author = {Katie K. Drager},
   doi = {10.1016/j.wocn.2011.08.005},
   issn = {00954470},
   number = {4},
   journal = {Journal of Phonetics},
   month = {10},
   pages = {694-707},
   publisher = {Elsevier},
   title = {Sociophonetic variation and the lemma},
   volume = {39},
   year = {2011},
}

@article{Gahl2008,
   author = {Susanne Gahl},
   doi = {10.1353/lan.0.0035},
   isbn = {9788578110796},
   issn = {1535-0665},
   number = {3},
   journal = {Language},
   keywords = {icle},
   pages = {474-496},
   pmid = {25246403},
   title = {\textit{Time} and \textit{thyme} are not homophones: {The} effect of lemma frequency on word durations in spontaneous speech},
   volume = {84},
   year = {2008},
}

@incollection{Jurafsky2002,
   author = {Daniel Jurafsky and Alan Bell and Cynthia Girand},
   doi = {10.1515/9783110197105},
   editor = {Carlos Gussenhoven and Natasha Warner},
   isbn = {9783110197105},
   booktitle = {Laboratory Phonology 7},
   month = {1},
   pages = {3-34},
   publisher = {De Gruyter Mouton},
   title = {The role of the lemma in form variation},
   year = {2002},
   address = {Berlin},
}

@article{Lavoie2002,
   author = {Lisa Lavoie},
   doi = {10.1017/S0025100302001032},
   issn = {00251003},
   number = {2},
   journal = {Journal of the International Phonetic Association},
   month = {12},
   pages = {175-202},
   title = {Some influences on the realization of \textit{for} and \textit{four} in {American English}},
   volume = {32},
   year = {2002},
}

@article{Lohmann2018,
   author = {Arne Lohmann},
   doi = {10.1353/lan.2018.0032},
   issn = {1535-0665},
   number = {2},
   journal = {Language},
   keywords = {Acoustic phonetics,Frequency effects,Frequency inheritance,Homophones,Regression modeling,Speech production},
   pages = {e180-e190},
   title = {\textit{Time} and \textit{thyme} are not homophones: {A} closer look at {Gahl’s} work on the lemma-frequency effect, including a reanalysis},
   volume = {94},
   year = {2018},
}

@article{Kemps2005a,
   author = {Rachèl J. J. K. Kemps and Mirjam Ernestus and Robert Schreuder and R. Harald Baayen},
   doi = {10.3758/BF03193061},
   issn = {0090-502X},
   number = {3},
   journal = {Memory \& Cognition},
   month = {4},
   pages = {430-446},
   pmid = {16156179},
   title = {Prosodic cues for morphological complexity: {The} case of {Dutch} plural nouns},
   volume = {33},
   year = {2005},
}

@article{Kemps2005b,
   author = {Rachèl J. J. K. Kemps and Lee H. Wurm and Mirjam Ernestus and Robert Schreuder and R. Harald Baayen},
   doi = {10.1080/01690960444000223},
   issn = {0169-0965},
   number = {1-2},
   journal = {Language and Cognitive Processes},
   month = {2},
   pages = {43-73},
   title = {Prosodic cues for morphological complexity in {Dutch} and {English}},
   volume = {20},
   year = {2005},
}

@article{Sugahara2009,
   author = {Mariko Sugahara and Alice Turk},
   doi = {10.1017/S0952675709990248},
   issn = {0952-6757},
   number = {3},
   journal = {Phonology},
   month = {12},
   pages = {477-524},
   title = {Durational correlates of {English} sublexical constituent structure},
   volume = {26},
   year = {2009},
}

@inproceedings{Sugahara2004,
   author = {Mariko Sugahara and Alice Turk},
   editor = {Bernard Bel and Isabelle Marlien},
   booktitle = {{Proceedings of the International Conference on Speech Prosody 2004}},
   pages = {353-356},
   title = {Phonetic reflexes of morphological boundaries at a normal speech rate},
   year = {2004},
}

@article{Smith2012,
   author = {Rachel Smith and Rachel Baker and Sarah Hawkins},
   doi = {10.1016/j.wocn.2012.04.002},
   issn = {00954470},
   number = {5},
   journal = {Journal of Phonetics},
   month = {9},
   pages = {689-705},
   publisher = {Elsevier},
   title = {Phonetic detail that distinguishes prefixed from pseudo-prefixed words},
   volume = {40},
   year = {2012},
}

@article{Plag2017,
   author = {Ingo Plag and Julia Homann and Gero Kunter},
   doi = {10.1017/S0022226715000183},
   issn = {14697742},
   number = {1},
   journal = {Journal of Linguistics},
   pages = {181-216},
   title = {Homophony and morphology: {The} acoustics of word-final {S} in {English}},
   volume = {53},
   year = {2017},
}

@article{Tomaschek2019,
   author = {Fabian Tomaschek and Ingo Plag and Mirjam Ernestus and R. Harald Baayen},
   doi = {10.1017/S0022226719000203},
   issn = {14697742},
   number = {2019},
   journal = {Journal of Linguistics},
   keywords = {acoustic duration,discriminative learning,lexical processing,morphology,phonetics},
   pages = {123-161},
   title = {Phonetic effects of morphology and context: {Modeling} the duration of word-final S in {English} with naïve discriminative learning},
   year = {2019},
   volume = {57},
}

@inproceedings{Zimmermann2016,
   author = {Julia Zimmermann},
   address = {Canberra},
   editor = {Christopher Carignan and Michael D. Tyler},
   booktitle = {{Proceedings of the Sixteenth Australasian International Conference on Speech Science and Technology (SST-2016)}},
   keywords = {English,morphological structure,phonetic detail},
   pages = {201-204},
   publisher = {ASSTA},
   title = {Morphological status and acoustic realization: {Findings} from {New Zealand English}},
   year = {2016},
}

@article{Hsieh1999,
   author = {Li Hsieh and Laurence B. Leonard and L. Lori Swanson},
   doi = {10.1017/S030500099900392X},
   issn = {03050009},
   number = {3},
   journal = {Journal of Child Language},
   pages = {531-543},
   title = {Some differences between {English} plural noun inflections and third singular verb inflections in the input: {The} contributions of frequency, sentence position, and duration},
   volume = {26},
   year = {1999},
}

@article{Seyfarth2017,
   author = {Scott Seyfarth and Marc Garellek and Gwendolyn Gillingham and Farrell Ackerman and Robert Malouf},
   doi = {10.1080/23273798.2017.1359634},
   issn = {2327-3798},
   number = {1},
   journal = {Language, Cognition and Neuroscience},
   keywords = {Paradigm uniformity,articulation,morphology,speech production,spreading activation},
   month = {1},
   pages = {32-49},
   publisher = {Taylor \& Francis},
   title = {Acoustic differences in morphologically-distinct homophones},
   volume = {33},
   year = {2017},
}

@article{Walsh1983,
   author = {Thomas Walsh and Frank Parker},
   doi = {10.1016/s0095-4470(19)30816-2},
   issn = {00954470},
   number = {2},
   journal = {Journal of Phonetics},
   pages = {201-206},
   publisher = {Elsevier Masson SAS},
   title = {The duration of morphemic and non-morphemic /s/ in {English}},
   volume = {11},
   year = {1983},
}

@book{Chomsky1968,
   author = {Noam Chomsky and Morris Halle},
   address = {New York},
   publisher = {Harper and Row},
   title = {The sound pattern of {English}},
   year = {1968},
}

@incollection{Kiparsky1982,
   author = {Paul Kiparsky},
   address = {Seoul},
   editor = {In-Seok Yang},
   booktitle = {Linguistics in the morning calm: {Selected} papers from {SICOL1}},
   pages = {3-91},
   publisher = {Hanshin},
   title = {Lexical morphology and phonology.},
   year = {1982},
   address = {Seoul},
}

@article{Booij1983,
   author = {Geert E. Booij},
   doi = {10.1515/ling.1983.21.1.249},
   issn = {1613396X},
   number = {1},
   journal = {Linguistics},
   pages = {249-280},
   title = {Principles and parameters in prosodic phonology},
   volume = {21},
   year = {1983},
}

@book{Nespor2007,
   author = {Marina Nespor and Irene Vogel},
   doi = {10.1515/9783110977790},
   isbn = {978-3-11-019789-1},
   month = {12},
   publisher = {De Gruyter},
   title = {Prosodic Phonology: {With} a new foreword},
   year = {2007},
   address = {Berlin},
}

@article{Levelt1999,
   author = {Willem J. M. Levelt and Ardi Roelofs and Antje S. Meyer},
   doi = {10.1017/S0140525X99001776},
   issn = {0140-525X},
   number = {01},
   journal = {Behavioral and Brain Sciences},
   keywords = {Articulation,Brain imaging,Conceptual preparation,Lemma,Lexical access,Lexical concept,Lexical selection,Magnetic encephalography,Morpheme,Morphological encoding,Phoneme,Phonological encoding,Readiness potential,Self-monitoring,Speaking,Speech error,Syllabification,WEAVER++},
   month = {2},
   pages = {1-75},
   pmid = {11301520},
   title = {A theory of lexical access in speech production},
   volume = {22},
   year = {1999},
}

@incollection{Roelofs2019,
   author = {Ardi Roelofs and Victor S. Ferreira},
   address = {Cambridge},
   editor = {Peter Hagoort},
   booktitle = {Human language: {From} genes and brains to behavior},
   pages = {35-50},
   publisher = {MIT Press},
   title = {The architecture of speaking},
   year = {2019},
   address = {Cambridge},
}

@article{Gahl2006,
   author = {Susanne Gahl and Alan C. L. Yu},
   doi = {10.1515/TLR.2006.007},
   issn = {01676318},
   number = {3},
   journal = {Linguistic Review},
   pages = {213-216},
   title = {Introduction to the special issue on exemplar-based models in linguistics},
   volume = {23},
   year = {2006},
}

@article{Goldinger1998,
   author = {Stephen D. Goldinger},
   doi = {10.1037/0033-295X.105.2.251},
   issn = {0033295X},
   number = {2},
   journal = {Psychological Review},
   pages = {251-279},
   title = {Echoes of echoes? {An} episodic theory of lexical access},
   volume = {105},
   year = {1998},
}

@incollection{Pierrehumbert2001,
   author = {Janet B. Pierrehumbert},
   doi = {10.1075/tsl.45.08pie},
   editor = {Joan L. Bybee and Paul J. Hopper},
   booktitle = {Frequency effects and the emergence of linguistics structure},
   publisher = {John Benjamins},
   title = {Exemplar dynamics},
   year = {2001},
   address = {Amsterdam},
}

@article{Ramscar2010,
   author = {Michael Ramscar and Daniel Yarlett and Melody Dye and Katie Denny and Kirsten Thorpe},
   doi = {10.1111/j.1551-6709.2009.01092.x},
   issn = {03640213},
   number = {6},
   journal = {Cognitive Science},
   keywords = {Computational modeling,Concepts,Language,Learning,Prediction,Representation},
   month = {1},
   pages = {909-957},
   title = {The effects of feature-label-order and their implications for symbolic learning},
   volume = {34},
   year = {2010},
}

@article{Ramscar2007,
   author = {Michael Ramscar and Daniel Yarlett},
   doi = {10.1080/03640210701703576},
   issn = {03640213},
   number = {6},
   journal = {Cognitive Science},
   keywords = {1,absence of explicit feedback,acquire a native,and they do so,children of all cultures,formal instruction,human characteristic,language,language acquisition,language is a defining,linguistic self-correction in the,morphological inflection,semantics,the consistency and speed,without a need for},
   month = {11},
   pages = {927-960},
   title = {Linguistic self-correction in the absence of feedback: {A} new approach to the logical problem of language acquisition},
   volume = {31},
   year = {2007},
}

@article{Rescorla1988,
   author = {Robert A. Rescorla},
   doi = {10.1037/0003-066X.43.3.151},
   issn = {1935-990X},
   number = {3},
   journal = {American Psychologist},
   pages = {151-160},
   pmid = {3364852},
   title = {Pavlovian conditioning: {It's} not what you think it is.},
   volume = {43},
   year = {1988},
}

@article{Baayen2019,
   author = {R. Harald Baayen and Yu-Ying Chuang and Elnaz Shafaei-Bajestan and James P. Blevins},
   doi = {10.1155/2019/4895891},
   issn = {1076-2787},
   journal = {Complexity},
   month = {1},
   pages = {4895891},
   title = {The discriminative Lexicon: {A} unified computational model for the lexicon and lexical processing in comprehension and production grounded not in (de)composition but in linear discriminative learning},
   volume = {2019},
   year = {2019},
}

@article{Shatzman2006,
   author = {Keren B. Shatzman and James M. McQueen},
   doi = {10.3758/BF03193651},
   issn = {00315117},
   number = {1},
   journal = {Perception and Psychophysics},
   pages = {1-16},
   pmid = {16617825},
   title = {Segment duration as a cue to word boundaries in spoken-word recognition},
   volume = {68},
   year = {2006},
}

@article{Warner2004,
   author = {Natasha Warner and Allard Jongman and Joan Sereno and Rachèl J. J. K. Kemps},
   doi = {10.1016/S0095-4470(03)00032-9},
   issn = {00954470},
   number = {2},
   journal = {Journal of Phonetics},
   month = {4},
   pages = {251-276},
   title = {Incomplete neutralization and other sub-phonemic durational differences in production and perception: {Evidence} from {Dutch}},
   volume = {32},
   year = {2004},
}

@article{Blazej2015,
   author = {Laura J. Blazej and Ariel M. Cohen-Goldberg},
   doi = {10.1037/a0038509},
   issn = {1939-1277},
   number = {1},
   journal = {Journal of Experimental Psychology: Human Perception and Performance},
   keywords = {Duration,Lexical access,Morphology,Phonetics,Speech perception},
   pages = {50-68},
   title = {Can we hear morphological complexity before words are complex?},
   volume = {41},
   year = {2015},
}

@incollection{Klatt1975,
   author = {Dennis H. Klatt and William E. Cooper},
   doi = {10.1007/978-3-642-81000-8_5},
   editor = {Antonie Cohen and Sibout G. Nooteboom},
   booktitle = {Structure and process in speech perception},
   pages = {69-89},
   publisher = {Springer},
   title = {Perception of segment duration in sentence contexts},
   year = {1975},
   address = {Berlin},
}

@article{Klatt1979,
   author = {Dennis H. Klatt},
   doi = {10.1016/S0095-4470(19)31059-9},
   issn = {00954470},
   number = {3},
   journal = {Journal of Phonetics},
   month = {7},
   pages = {279-312},
   publisher = {Elsevier BV},
   title = {Speech perception: {A} model of acoustic–phonetic analysis and lexical access},
   volume = {7},
   year = {1979},
}

@article{McClelland1986,
   author = {James L. McClelland and Jeffrey L. Elman},
   doi = {10.1016/0010-0285(86)90015-0},
   issn = {00100285},
   number = {1},
   journal = {Cognitive Psychology},
   month = {1},
   pages = {1-86},
   pmid = {3753912},
   publisher = {Academic Press},
   title = {The TRACE model of speech perception},
   volume = {18},
   year = {1986},
}

@article{Norris1994,
   author = {Dennis Norris},
   doi = {10.1016/0010-0277(94)90043-4},
   issn = {00100277},
   number = {3},
   journal = {Cognition},
   pages = {189-234},
   title = {Shortlist: {A} connectionist model of continuous speech recognition},
   volume = {52},
   year = {1994},
}

@article{Norris2008,
   author = {Dennis Norris and James M. McQueen},
   doi = {10.1037/0033-295X.115.2.357},
   issn = {1939-1471},
   number = {2},
   journal = {Psychological Review},
   keywords = {Bayesian modeling,Spoken-word recognition,continuous speech},
   month = {4},
   pages = {357-395},
   pmid = {18426294},
   title = {{Shortlist B: A Bayesian} model of continuous speech recognition.},
   volume = {115},
   year = {2008},
}

@article{Goldinger1996,
   author = {Stephen D. Goldinger},
   doi = {10.1037/0278-7393.22.5.1166},
   issn = {1939-1285},
   number = {5},
   journal = {Journal of Experimental Psychology: Learning, Memory, and Cognition},
   pages = {1166-1183},
   pmid = {8926483},
   publisher = {American Psychological Association Inc.},
   title = {Words and voices: {Episodic} traces in spoken word identification and recognition memory.},
   volume = {22},
   year = {1996},
}

@incollection{Pierrehumbert2002,
   author = {Janet B. Pierrehumbert},
   doi = {10.1515/9783110197105.1.101},
   editor = {Carlos Gussenhoven and Natasha Warner},
   booktitle = {{Laboratory Phonology 7}},
   month = {8},
   pages = {101-140},
   publisher = {De Gruyter Mouton},
   title = {Word-specific phonetics},
   year = {2002},
   address = {Berlin},
}

@article{Caselli2016,
   author = {Naomi K. Caselli and Michael K. Caselli and Ariel M. Cohen-Goldberg},
   doi = {10.1080/17470218.2015.1054847},
   issn = {17470226},
   number = {3},
   journal = {Quarterly Journal of Experimental Psychology},
   keywords = {Frequency,Inflected neighbourhood density,Morphology,Speech production},
   pages = {432-454},
   title = {Inflected words in production: {Evidence} for a morphologically rich lexicon},
   volume = {69},
   year = {2016},
}

@book{BenHedia2019,
   author = {Sonia {Ben Hedia}},
   address = {Berlin},
   doi = {10.5281/zenodo.3232849},
   isbn = {978-3-96110-189-4},
   publisher = {Language Science Press},
   title = {Gemination and degemination in {English} affixation: {Investigating} the interplay between morphology, phonology and phonetics},
   year = {2019},
}

@article{BenHedia2017,
   author = {Sonia {Ben Hedia} and Ingo Plag},
   doi = {10.1016/j.wocn.2017.02.002},
   issn = {00954470},
   journal = {Journal of Phonetics},
   keywords = {Boundary strength,Degemination,English,Gemination,Morphology,Prefixation,Segmentability},
   pages = {34-49},
   publisher = {The Author(s)},
   title = {Gemination and degemination in {English} prefixation: {Phonetic} evidence for morphological organization},
   volume = {62},
   year = {2017},
}

@article{Cho2001,
   author = {Taehong Cho},
   doi = {10.1159/000056196},
   issn = {00318388},
   number = {3},
   journal = {Phonetica},
   pages = {129-162},
   title = {Effects of morpheme boundaries on intergestural timing: {Evidence} from {Korean}},
   volume = {58},
   year = {2001},
}

@incollection{Plag2020,
   author = {Ingo Plag and Arne Lohmann and Sonia {Ben Hedia} and Julia Zimmermann},
   address = {Cambridge},
   editor = {Lívia Körtvélyessy and Pavol Štekauer},
   isbn = {9781108490290},
   booktitle = {Complex Words: {Advances} in Morphology},
   publisher = {Cambridge University Press},
   title = {An \textit{s} is an \textit{s}, or is it? {Plural} and genitive-plural are not homophonous},
   year = {2020},
   address = {Cambridge},
}

@misc{Schmitz2021mtqgam,
   abstract = {R package},
   author = {Dominic Schmitz},
   title = {mtqgam: {Mouse-tracking data in QGAMs}},
   url = {https://github.com/dosc91/mtqgam},
   year = {2021},
}

@misc{Schmitz2021ldlconv,
   abstract = {R package},
   author = {Dominic Schmitz},
   title = {{LDLConvFunctions: Functions} for measure computation, extraction, and other handy stuff},
   url = {https://github.com/dosc91/LDLConvFunctions},
   year = {2021},
}

@article{Schmitz2021a,
   author = {Dominic Schmitz and Dinah Baer-Henney and Ingo Plag},
   doi = {10.1515/phon-2021-2013},
   issn = {0031-8388},
   number = {5-6},
   journal = {Phonetica},
   keywords = {morphology,pseudoword paradigm,speech production,subphonemic difference},
   month = {12},
   pages = {571-616},
   publisher = {De Gruyter Mouton},
   title = {The duration of word-final /s/ differs across morphological categories in {English: Evidence} from pseudowords},
   volume = {78},
   year = {2021},
}

@article{Schmitz2021b,
   author = {Dominic Schmitz and Ingo Plag and Dinah Baer-Henney and Simon David Stein},
   doi = {10.3389/fpsyg.2021.680889},
   issn = {1664-1078},
   journal = {Frontiers in Psychology},
   keywords = {computational modelling,linear discriminative learning,morphology,pseudoword paradigm,speech production,subphonemic differences},
   month = {8},
   publisher = {Frontiers Media S.A.},
   title = {Durational differences of word-final /s/ emerge from the lexicon: {Modelling} morpho-phonetic effects in pseudowords with linear discriminative learning},
   volume = {12},
   year = {2021},
}

@misc{Schmitz2021sfl,
   abstract = {R package},
   author = {Dominic Schmitz and Janina Esser},
   title = {{SfL: Statistics for Linguistics}},
   url = {https://github.com/dosc91/SfL},
   year = {2021},
}

@article{Engemann2021,
   author = {Marie Engemann and Ingo Plag},
   doi = {10.1075/ml.20023.eng},
   issn = {1871-1340},
   number = {1},
   journal = {The Mental Lexicon},
   month = {10},
   pages = {165-198},
   publisher = {MIT},
   title = {Phonetic reduction and paradigm uniformity effects in spontaneous speech},
   volume = {16},
   year = {2021},
}

@article{Walsh2013,
   author = {Liam Walsh and Jen Hay and Derek Bent and Liz Grant and Jeanette King and Paul Millar and Viktoria Papp and Kevin Watson},
   journal = {New Zealand English Journal},
   pages = {20-32},
   title = {The {UC QuakeBox project: Creation} of a community-focused research archive},
   volume = {27},
   year = {2013},
}

@book{Pitt2007,
   author = {Mark A. Pitt and Leslie Dilley and Keith Johnson and Scott Kiesling and William D. Raymond and Elizabeth Hume and Eric Fosler-Lussier},
   address = {Columbus},
   publisher = {Department of Psychology, Ohio State University},
   title = {Buckeye corpus of conversational speech (2nd release)},
   year = {2007},
}

@article{Gries2015,
   author = {Stefan Th. Gries},
   doi = {10.3366/cor.2015.0068},
   issn = {17551676},
   number = {1},
   journal = {Corpora},
   keywords = {Corpus structure,Lexically specific effects multi-level modelling,Speaker-specific effects,Varying slopes and intercepts,Verb-particle construction},
   pages = {95-125},
   title = {The most under-used statistical method in corpus linguistics: {Multi}-level (and mixed-effects) models},
   volume = {10},
   year = {2015},
}

@article{Swanson1994,
   author = {Lori A. Swanson and Laurence B. Leonard},
   doi = {10.1044/jshr.3706.1394},
   issn = {00224685},
   number = {6},
   journal = {Journal of Speech and Hearing Research},
   keywords = {1992,and gandour,English-,function words,function words-when speaking to,in a recent study,language development,leonard,motherese,reported by swanson,speaking mothers were found,their children,these results were consistent,to significantly lengthen content,vowel duration,with,words-but not},
   pages = {1394-1405},
   pmid = {7877296},
   title = {Duration of function-word vowels in mothers' speech to young children},
   volume = {37},
   year = {1994},
}

@article{Klatt1976,
   author = {Dennis H. Klatt},
   doi = {10.1121/1.380986},
   issn = {00014966},
   number = {5},
   journal = {The Journal of the Acoustical Society of America},
   pages = {1208},
   title = {Linguistic uses of segmental duration in {English: Acoustic} and perceptual evidence},
   volume = {59},
   year = {1976},
}

@article{Wightman1992,
   author = {Colin W. Wightman and Stefanie Shattuck-Hufnagel and Mari Ostendorf and Patti J. Price},
   doi = {10.1121/1.402450},
   issn = {NA},
   number = {3},
   journal = {Journal of the Acoustical Society of America},
   pages = {1707-1717},
   title = {Segmental durations in the vicinity of prosodic phrase boundaries},
   volume = {91},
   year = {1992},
}

@incollection{Keating2006,
   author = {Patricia A. Keating},
   address = {New York},
   editor = {Jonathan Harrington and Marija Tabain},
   booktitle = {Speech production: {Models}, phonetic processes, and techniques},
   pages = {167-186},
   publisher = {Psychology Press},
   title = {Phonetic encoding of prosodic structure},
   year = {2006},
}

@incollection{Selkirk1996,
   author = {Elisabeth Selkirk},
   editor = {James Morgan and Katherine Demuth},
   booktitle = {Signal to syntax: {Bootstrapping} from speech to grammar in early acquisition},
   keywords = {Complementizers,Consistent pattern,Fukui,Lexical/functional,Prosodic words},
   pages = {187-213},
   publisher = {Lawrence Erlbaum Associates},
   title = {The prosodic structure of function words},
   year = {1996},
   address = {New York},
}

@article{Goad1998,
   author = {Heather Goad},
   doi = {10.1207/s15327817la0702-4_6},
   number = {2-4},
   journal = {Language Acquisition},
   pages = {247-284},
   title = {Plurals in {SLI: Prosodic} deficit or morphological deficit?},
   volume = {7},
   year = {1998},
}

@article{Goad2002,
   author = {Heather Goad},
   journal = {Canadian Journal of Linguistics},
   pages = {151-186},
   title = {Markedness in right-edge syllabification: {Parallels} across populations},
   volume = {47},
   year = {2002},
}

@article{Goad2003,
   author = {Heather Goad},
   number = {3-4},
   journal = {Canadian Journal of Linguistics},
   keywords = {defective syntax,inflections,prosodic representations},
   pages = {243-263},
   title = {Defective syntax or {L1}-constrained prosodic representations?},
   volume = {48},
   year = {2003},
}

@article{Goad2019,
   author = {Heather Goad and Lydia White},
   doi = {10.1075/lab.19043.goa},
   issn = {1879-9264},
   number = {6},
   journal = {Linguistic Approaches to Bilingualism},
   keywords = {articles,inflection,omission,prosodic transfer,substitution},
   pages = {769-808},
   title = {Prosodic effects on {L2} grammars},
   volume = {9},
   year = {2019},
}

@book{Bybee2001,
   author = {Joan Bybee},
   doi = {10.1017/CBO9780511612886},
   isbn = {9780521583749},
   month = {7},
   publisher = {Cambridge University Press},
   title = {Phonology and language use},
   year = {2001},
   address = {Cambridge},
}

@article{Baayen2011,
   author = {R. Harald Baayen and Petar Milin and Dusica Filipović Đurđević and Peter Hendrix and Marco Marelli},
   doi = {10.1037/a0023851},
   issn = {1939-1471},
   number = {3},
   journal = {Psychological Review},
   keywords = {A-morphous morphology,Compound cue theory,Morphological processing,Naive discriminative learning,Rescorla-Wagner equations},
   month = {7},
   pages = {438-481},
   pmid = {21744979},
   title = {An amorphous model for morphological processing in visual comprehension based on naive discriminative learning.},
   volume = {118},
   year = {2011},
}

@incollection{Rescorla1972,
   author = {Robert A. Rescorla and Allan R. Wagner},
   editor = {Abraham H. Black and William F. Prokasy},
   booktitle = {Classical conditioning {II: Current} research and theory},
   keywords = {learning},
   pages = {64-99},
   publisher = {Appleton-Century-Crofts},
   title = {A theory of {Pavlovian} conditioning: {Variations} in the effectiveness of reinforcement and nonreinforcement},
   year = {1972},
   address = {New York},
}

@incollection{Wagner1972,
   author = {Allan R. Wagner and Robert A. Rescorla},
   editor = {R. A. Boakes and M. S. Halliday},
   booktitle = {Inhibition and learning},
   pages = {301-334},
   publisher = {Academic Press Inc.},
   title = {Inhibition in {Pavlovian} conditioning: {Application} of a theory},
   year = {1972},
   address = {London},
}

@article{Stein2021,
   author = {Simon David Stein and Ingo Plag},
   doi = {10.3389/fpsyg.2021.678712},
   issn = {1664-1078},
   journal = {Frontiers in Psychology},
   month = {8},
   title = {Morpho-phonetic effects in speech production: {Modeling} the acoustic duration of {English} derived words with linear discriminative learning},
   volume = {12},
   year = {2021},
}

@article{Chuang2021,
   author = {Yu-Ying Chuang and Marie Lenka Vollmer and Elnaz Shafaei-Bajestan and Susanne Gahl and Peter Hendrix and R. Harald Baayen},
   doi = {10.3758/s13428-020-01356-w},
   issn = {1554-3528},
   number = {3},
   journal = {Behavior Research Methods},
   month = {6},
   pages = {945-976},
   title = {The processing of pseudoword form and meaning in production and comprehension: {A} computational modeling approach using linear discriminative learning},
   volume = {53},
   year = {2021},
}

@article{Priva2015,
   author = {Uriel {Cohen Priva}},
   doi = {10.1515/lp-2015-0008},
   issn = {18686346},
   number = {2},
   journal = {Laboratory Phonology},
   keywords = {Consonant deletion,Consonant duration,Information theory,Informativity,Performance},
   pages = {243-278},
   title = {Informativity affects consonant duration and deletion rates},
   volume = {6},
   year = {2015},
}

@article{Seyfarth2014,
   author = {Scott Seyfarth},
   doi = {10.1016/j.cognition.2014.06.013},
   issn = {00100277},
   number = {1},
   journal = {Cognition},
   keywords = {Acoustic reduction,Informativity,Lexical representation,Predictability,Probabilistic reduction,Speech production},
   month = {10},
   pages = {140-155},
   title = {Word informativity influences acoustic duration: {Effects} of contextual predictability on lexical representation},
   volume = {133},
   year = {2014},
}

@article{Zee2021,
   author = {Tim Zee and Louis ten Bosch and Ingo Plag and Mirjam Ernestus},
   doi = {10.3389/fpsyg.2021.720017},
   issn = {1664-1078},
   journal = {Frontiers in Psychology},
   month = {9},
   title = {Paradigmatic relations interact during the production of complex words: {Evidence} from variable plurals in {Dutch}},
   volume = {12},
   year = {2021},
}

@article{Bell2021,
   author = {Melanie J. Bell and Sonia Ben Hedia and Ingo Plag},
   doi = {10.1007/s11525-020-09346-6},
   issn = {1871-5621},
   number = {2},
   journal = {Morphology},
   keywords = {Compound constituent families,Compound words,Gemination,Informativity,Morphological boundaries,Morphological boundary strength,Morphological segmentability,Paradigmatic support,Phonetic realisation of complex words},
   month = {5},
   pages = {87-120},
   publisher = {Springer Science and Business Media B.V.},
   title = {How morphological structure affects phonetic realisation in {English} compound nouns},
   volume = {31},
   year = {2021},
}

@article{Kuperman2007,
   author = {Victor Kuperman and Mark Pluymaekers and Mirjam Ernestus and R. Harald Baayen},
   doi = {10.1121/1.2537393},
   issn = {0001-4966},
   number = {4},
   journal = {The Journal of the Acoustical Society of America},
   pages = {2261-2271},
   pmid = {17471740},
   title = {Morphological predictability and acoustic duration of interfixes in {Dutch} compounds},
   volume = {121},
   year = {2007},
}

@article{Goldstone2010,
   author = {Robert L. Goldstone and Andrew T. Hendrickson},
   doi = {10.1002/WCS.26},
   issn = {1939-5086},
   number = {1},
   journal = {Wiley Interdisciplinary Reviews: Cognitive Science},
   month = {1},
   pages = {69-78},
   publisher = {John Wiley \& Sons, Ltd},
   title = {Categorical perception},
   volume = {1},
   year = {2010},
}

@article{Lee2020,
   author = {Yoonjeong Lee and Elsi Kaiser and Louis Goldstein},
   doi = {10.1177/0023830919866870},
   issn = {0023-8309},
   number = {3},
   journal = {Language and Speech},
   keywords = {Lexical ambiguity,VOT,internal open juncture,spoken word recognition,sub-phonemic information},
   month = {9},
   pages = {526-549},
   pmid = {31385552},
   title = {\textit{I scream for ice cream}: {Resolving} lexical ambiguity with sub-phonemic information},
   volume = {63},
   year = {2020},
}

@book{Massaro1987,
   author = {Dominic W. Massaro and Jeffry A. Simpson},
   address = {New York, NY},
   doi = {10.4324/9781315808253},
   isbn = {9781317785996},
   month = {2},
   publisher = {Psychology Press},
   title = {Speech perception by ear and eye},
   year = {1987},
   address = {New York},
}

@article{Lahiri1991,
   author = {Aditi Lahiri and William D. Marslen-Wilson},
   doi = {10.1016/0010-0277(91)90008-R},
   issn = {0010-0277},
   number = {3},
   journal = {Cognition},
   month = {3},
   pages = {245-294},
   pmid = {2060271},
   publisher = {Elsevier},
   title = {The mental representation of lexical form: {A} phonological approach to the recognition lexicon},
   volume = {38},
   year = {1991},
}

@article{Shintel2007,
   author = {Hadas Shintel and Howard C. Nusbaum},
   doi = {10.1016/j.cognition.2006.11.005},
   issn = {00100277},
   number = {3},
   journal = {Cognition},
   keywords = {Perceptual representations,Prosody,Spoken language comprehension},
   pages = {681-690},
   pmid = {17196190},
   title = {The sound of motion in spoken language: Visual information conveyed by acoustic properties of speech},
   volume = {105},
   year = {2007},
}


@article{Hawkins2001,
   author = {Sarah Hawkins and Rachel Smith},
   issn = {11202726},
   number = {1},
   journal = {Italian Journal of Linguistics},
   pages = {99-189},
   title = {Polysp: {A} polysystemic, phonetically-rich approach to speech understanding},
   volume = {13},
   year = {2001},
}

@inproceedings{tenBosch2015,
   author = {Louis {ten Bosch} and Lou Boves and Mirjam Ernestus},
   booktitle = {{Proceedings of the 18th International Congress of Phonetic Sciences (ICPhS 2015)}},
   title = {{DIANA}, and end-to-end computational model of human word comprehension},
   year = {2015},
}

@inproceedings{tenBosch2021,
   author = {Louis {ten Bosch} and Lou Boves},
   doi = {10.21437/Interspeech.2021-1394},
   booktitle = {{Proceedings of Interspeech 2021}},
   title = {Word competition: {An} entropy-based approach in the {DIANA} model of human word comprehension},
   year = {2021},
}

@article{Arnold2017,
   author = {Denis Arnold and Fabian Tomaschek and Konstantin Sering and Florence Lopez and R. Harald Baayen},
   doi = {10.1371/journal.pone.0174623},
   editor = {Hedderik van Rijn},
   issn = {1932-6203},
   number = {4},
   journal = {PLoS ONE},
   month = {4},
   pages = {e0174623},
   title = {Words from spontaneous conversational speech can be recognized with human-like accuracy by an error-driven learning algorithm that discriminates between meanings straight from smart acoustic features, bypassing the phoneme as recognition unit},
   volume = {12},
   year = {2017},
}

@article{Berko1958,
   author = {Jean {Berko Gleason}},
   doi = {10.1080/00437956.1958.11659661},
   issn = {0043-7956},
   number = {2-3},
   journal = {WORD},
   pages = {150-177},
   title = {The child's learning of {English} morphology},
   volume = {14},
   year = {1958},
}

@article{Albright2002,
   author = {Adam Albright},
   number = {4},
   journal = {Language},
   pages = {684-709},
   title = {Islands of reliability for regular morphology: {E}vidence from {I}talian},
   volume = {78},
   year = {2002},
}

@article{Albright2003,
   author = {Adam Albright and Bruce Hayes},
   doi = {10.1016/S0010-0277(03)00146-X},
   issn = {00100277},
   number = {2},
   journal = {Cognition},
   keywords = {Analogy,Dual mechanism model,Past tenses,Rules,Similarity},
   month = {12},
   pages = {119-161},
   pmid = {14599751},
   title = {Rules vs. analogy in {E}nglish past tenses: {A} computational/experimental study},
   volume = {90},
   year = {2003},
}


@article{Dabrowska2008,
   author = {Ewa Dabrowska},
   doi = {10.1016/j.jml.2007.11.005},
   issn = {0749596X},
   number = {4},
   journal = {Journal of Memory and Language},
   keywords = {Dative case,Neighbourhood density,Polish,Productivity,Type frequency,Usage-based models},
   pages = {931-951},
   title = {The effects of frequency and neighbourhood density on adult speakers' productivity with {Polish} case inflections: {An} empirical test of usage-based approaches to morphology},
   volume = {58},
   year = {2008},
}

@article{Gouskova2013,
   author = {Maria Gouskova and Michael Becker},
   doi = {10.1007/s11049-013-9197-5},
   issn = {0167806X},
   number = {3},
   journal = {Natural Language \& Linguistic Theory},
   keywords = {Allomorphy,Analogy,Lexical exceptions,Lexically indexed constraints,Russian,Wug test,Yer deletion},
   pages = {735-765},
   title = {Nonce words show that {Russian} \textit{yer} alternations are governed by the grammar},
   volume = {31},
   year = {2013},
}

@article{Kawahara2012,
   author = {Shigeto Kawahara},
   doi = {10.1016/j.lingua.2012.05.008},
   issn = {00243841},
   number = {11},
   journal = {Lingua},
   keywords = {Devoicing,Geminates,Lyman's Law,OCP (voice),Phonological judgment,Rendaku},
   pages = {1193-1206},
   publisher = {Elsevier B.V.},
   title = {Lyman's {Law} is active in loanwords and nonce words: {Evidence} from naturalness judgment studies},
   volume = {122},
   year = {2012},
}

@incollection{Kraemer2009,
   author = {Martin Krämer},
   doi = {10.1075/cilt.303.08kra},
   editor = {Danièle Torck and W. Leo Wetzels},
   booktitle = {Romance languages and linguistic theory},
   pages = {127-142},
   publisher = {John Benjamins},
   title = {Main stress in {Italian} nonce nouns},
   year = {2009},
   address = {Amsterdam},
}

@incollection{Pierrehumbert2006,
   author = {Janet B. Pierrehumbert},
   doi = {10.1515/9783110197211.1.81},
   editor = {Louis Goldstein and D. H. Whalen and Catherine T. Best},
   booktitle = {{Laboratory Phonology 8}},
   publisher = {De Gruyter Mouton},
   title = {The statistical basis of an unnatural alternation},
   year = {2006},
   address = {Berlin},
}

@article{Anshen1988,
   author = {Frank Anshen and Mark Aronoff},
   doi = {10.1515/ling.1988.26.4.641},
   issn = {1613396X},
   number = {4},
   journal = {Linguistics},
   pages = {641-656},
   title = {Producing morphologically complex words},
   volume = {26},
   year = {1988},
}


@article{Eddington2000,
   author = {David Eddington},
   doi = {10.1016/s0024-3841(99)00043-1},
   issn = {00243841},
   number = {4},
   journal = {Lingua},
   keywords = {Analogy,Dual-route,English past tense,Exemplar-based,Single-route},
   pages = {281-298},
   title = {Analogy and the dual-route model of morphology},
   volume = {110},
   year = {2000},
}

@article{Meunier2007,
   author = {Fanny Meunier and Catherine Marie Longtin},
   doi = {10.1016/j.jml.2006.11.005},
   issn = {0749596X},
   number = {4},
   journal = {Journal of Memory and Language},
   keywords = {Cross-modal priming,Morphology,Pseudowords,Visual word processing},
   pages = {457-471},
   title = {Morphological decomposition and semantic integration in word processing},
   volume = {56},
   year = {2007},
}

@article{Prasada1993,
   author = {Sandeep Prasada and Steven Pinker},
   doi = {10.1080/01690969308406948},
   issn = {14640732},
   number = {1},
   journal = {Language and Cognitive Processes},
   pages = {1-56},
   title = {Generalisation of regular and irregular morphological patterns},
   volume = {8},
   year = {1993},
}

@article{Rubenstein1970,
   author = {Herbert Rubenstein and Lonnie Garfield and Jane A. Millikan},
   journal = {Journal of Verbal Learning and Verbal Behavior},
   pages = {487-494},
   title = {Homographic entries in the internal lexicon},
   volume = {9},
   year = {1970},
}

@article{Shatzman2006pseudo,
   author = {Keren B. Shatzman and James M. McQueen},
   doi = {10.1111/j.1467-9280.2006.01714.x},
   issn = {09567976},
   number = {5},
   journal = {Psychological Science},
   pages = {372-377},
   pmid = {16683922},
   title = {Prosodic knowledge affects the recognition of newly acquired words},
   volume = {17},
   year = {2006},
}

@article{Vitevitch1998,
   author = {Michael S. Vitevitch and Paul A. Luce},
   doi = {10.1111/1467-9280.00064},
   issn = {09567976},
   number = {4},
   journal = {Psychological Science},
   pages = {325-329},
   title = {When words compete: {Levels} of Processing in Perception of Spoken Words},
   volume = {9},
   year = {1998},
}

@article{Dollaghan1985,
   author = {Chilis Dollaghan},
   journal = {Journal of Speech and Hearing Research},
   pages = {449-454},
   title = {Child meets word: ``Fast Mapping" in preschool children},
   volume = {28},
   year = {1985},
}

@article{Friedrich2005,
   author = {Manuela Friedrich and Angela D. Friederici},
   doi = {10.1162/089892905774589172},
   issn = {0898929X},
   number = {11},
   journal = {Journal of Cognitive Neuroscience},
   pages = {1785-1802},
   pmid = {16269114},
   title = {Phonotactic knowledge and lexical-semantic processing in one-year-olds: {Brain} responses to words and nonsense words in picture contexts},
   volume = {17},
   year = {2005},
}

@article{Singson2000,
   author = {Maria Singson and Diana Mahony and Virginia Mann},
   doi = {10.1023/a:1008196330239},
   issn = {09224777},
   number = {3},
   journal = {Reading and Writing},
   keywords = {Derivational suffixes,Morphological awareness,Phonological awareness,Reading ability},
   pages = {219-252},
   title = {The relation between reading ability and morphological skills: {Evidence} from derivational suffixes},
   volume = {12},
   year = {2000},
}

@article{Vijver2014,
   author = {Ruben {van de Vijver} and Dinah Baer-Henney},
   doi = {10.3389/fpsyg.2014.00634},
   issn = {1664-1078},
   journal = {Frontiers in Psychology},
   keywords = {Bias,Language acquisition,Morphophonology,Production test,Voicing alternations,Vowel alternations},
   month = {6},
   title = {Developing biases},
   volume = {5},
   year = {2014},
}

@inproceedings{Schmitz2018,
   author = {Dominic Schmitz and Hae-Eun Cho and Henrik Niemann},
   address = {Berlin},
   booktitle = {{Proceedings 13. Phonetik und Phonologie Tagung (P\&P13)}},
   pages = {181-184},
   title = {Vowel shortening in {German} as a function of syllable structure},
   year = {2018},
}

@incollection{Turcsan2015,
   author = {Gabor Turcsan and Sophie Herment},
   editor = {Jose A. Mompean and Jonás Fouz-González},
   booktitle = {Investigating {English} pronunciation: {Trends} and directions},
   pages = {23-46},
   publisher = {Palgrave MacMillan},
   title = {Making sense of nonce word stress in {English}},
   year = {2015},
   address = {London},
}

@article{Burani1999,
   author = {Cristina Burani and Francesca M. Dovetto and Alberto Spuntarelli and Anna M. Thornton},
   doi = {10.1006/brln.1999.2073},
   issn = {0093934X},
   number = {1-2},
   journal = {Brain and Language},
   keywords = {Licensing,Morpholexical access,Morpholexical naming,Morphological pseudowords,Root-suffix combinations,Semantic interpretability},
   pages = {333-339},
   pmid = {10433778},
   title = {Morpholexical access and naming: {The} semantic interpretability of new root-suffix combinations},
   volume = {68},
   year = {1999},
}

@article{McKay2008,
   author = {Adam McKay and Chris Davis and Greg Savage and Anne Castles},
   doi = {10.1037/a0013357},
   issn = {02787393},
   number = {6},
   journal = {Journal of Experimental Psychology: Learning Memory and Cognition},
   keywords = {dual route cascaded (DRC) model,parallel distributed processing (PDP) model,reading aloud,reading development,semantics},
   pages = {1495-1517},
   pmid = {18980410},
   title = {Semantic involvement in reading aloud: {Evidence} from a nonword training study},
   volume = {34},
   year = {2008},
}

@incollection{Marslen1984,
   author = {William D. Marslen-Wilson},
   editor = {H. Bouma and D. Bouwhuis},
   booktitle = {{Attention \& Performance X}},
   publisher = {Lawrence Erlbaum Associates},
   title = {Function and process in spoken word recognition: {A} tutorial review},
   year = {1984},
   address = {Hillsdale},
}

@article{Ozubko2011,
   author = {Jason D. Ozubko and Steve Joordens},
   doi = {10.1037/a0021099},
   issn = {02787393},
   number = {1},
   journal = {Journal of Experimental Psychology: Learning Memory and Cognition},
   keywords = {Distinctiveness,Familiarity,Interitem similarity,Memory,Recognition},
   pages = {123-139},
   pmid = {21058876},
   title = {The similarities (and familiarities) of pseudowords and extremely high-frequency words: {Examining} a familiarity-based explanation of the pseudoword effect},
   volume = {37},
   year = {2011},
}

@article{Hulme1995,
   author = {Charles Hulme and Steven Roodenrys and Gordon Brown and Robin Mercer},
   doi = {10.1111/j.2044-8295.1995.tb02570.x},
   issn = {20448295},
   number = {4},
   journal = {British Journal of Psychology},
   pages = {527-536},
   title = {The role of long-term memory mechanisms in memory span},
   volume = {86},
   year = {1995},
}

@article{Schriefers1998,
   author = {Herbert Schriefers and Angela D. Friederici and U. Rose},
   doi = {10.3758/BF03201201},
   issn = {0090502X},
   number = {6},
   journal = {Memory and Cognition},
   pages = {1292-1303},
   pmid = {9847552},
   title = {Context effects in visual word recognition: {Lexical} relatedness and syntactic context},
   volume = {26},
   year = {1998},
}

@article{Frisch2000,
   author = {Stefan A. Frisch and Nathan R. Large and David B. Pisoni},
   doi = {10.1006/jmla.1999.2692},
   issn = {0749596X},
   number = {4},
   journal = {Journal of Memory and Language},
   keywords = {Nonwords,Phonotactics,Recognition memory,Wordlikeness},
   pages = {481-496},
   title = {Perception of wordlikeness: {Effects} of segment probability and length on the processing of nonwords},
   volume = {42},
   year = {2000},
}

@incollection{Guenther1983,
   author = {Hartmut Günther},
   editor = {Florian Coulmas and Ehrlich Konrad},
   booktitle = {Writing in focus},
   pages = {355-370},
   publisher = {Walter de Gruyter},
   title = {The role of meaning and linearity in reading},
   year = {1983},
   address = {Berlin},
}

@article{Bergen2004,
   author = {Benjamin K. Bergen},
   doi = {10.1353/lan.2004.0056},
   issn = {1535-0665},
   number = {2},
   journal = {Language},
   pages = {290-311},
   publisher = {Linguistic Society of America},
   title = {The psychological reality of phonaesthemes},
   volume = {80},
   year = {2004},
}

@article{Kwon2015,
   author = {Nahyun Kwon and Erich R. Round},
   doi = {10.1007/s11525-014-9250-z},
   issn = {18715656},
   number = {1},
   journal = {Morphology},
   keywords = {Canonical Typology,Derivation,Lexical stem,Morphology,Phonaestheme},
   pages = {1-27},
   title = {Phonaesthemes in morphological theory},
   volume = {25},
   year = {2015},
}

@article{Bolinger1950,
   author = {Dwight L. Bolinger},
   doi = {10.1080/00437956.1950.11659374},
   issn = {0043-7956},
   number = {2},
   journal = {WORD},
   month = {8},
   pages = {117-136},
   title = {Rime, assonance, and morpheme analysis},
   volume = {6},
   year = {1950},
}

@article{Maurer2006,
   author = {Daphne Maurer and Thanujeni Pathman and Catherine J. Mondloch},
   doi = {10.1111/j.1467-7687.2006.00495.x},
   issn = {1363755X},
   number = {3},
   journal = {Developmental Science},
   pages = {316-322},
   pmid = {16669803},
   title = {The shape of boubas: {Sound}-shape correspondences in toddlers and adults},
   volume = {9},
   year = {2006},
}

@article{Cwiek2022,
   author = {Aleksandra Ćwiek and Susanne Fuchs and Christoph Draxler and Eva Liina Asu and Dan Dediu and Katri Hiovain and Shigeto Kawahara and Sofia Koutalidis and Manfred Krifka and Pärtel Lippus and Gary Lupyan and Grace E. Oh and Jing Paul and Caterina Petrone and Rachid Ridouane and Sabine Reiter and Nathalie Schümchen and Ádám Szalontai and Özlem Ünal-Logacev and Jochen Zeller and Marcus Perlman and Bodo Winter},
   doi = {10.1098/rstb.2020.0390},
   issn = {0962-8436},
   number = {1841},
   journal = {Philosophical Transactions of the Royal Society B: Biological Sciences},
   month = {1},
   title = {The bouba/kiki effect is robust across cultures and writing systems},
   volume = {377},
   year = {2022},
}

@article{Winter2022,
   author = {Bodo Winter and Márton Sóskuthy and Marcus Perlman and Mark Dingemanse},
   doi = {10.1038/s41598-021-04311-7},
   isbn = {0123456789},
   issn = {2045-2322},
   number = {1},
   journal = {Scientific Reports},
   keywords = {Human behaviour,Psychology},
   month = {12},
   pages = {1035},
   publisher = {Nature Publishing Group},
   title = {Trilled /r/ is associated with roughness, linking sound and touch across spoken languages},
   volume = {12},
   year = {2022},
}

@article{Pratha2016,
   author = {Nimish K. Pratha and Natalie Avunjian and Neil Cohn},
   doi = {10.1515/mc-2016-0017},
   issn = {2230-6579},
   number = {2},
   journal = {Multimodal Communication},
   keywords = {and their use of,comics,comics are inherently multimodal,form as the style,general introduction,in comics,in particular,japanese,just as emblematic of,manga,multimodality,of its images,onomatopoeia,second only,sound effects exemplify language-use,the art,visual language,written language can be},
   pages = {93-109},
   title = {Pow, punch, pika, and chu: {The} structure of sound effects in genres of {American} comics and {Japanese} manga},
   volume = {5},
   year = {2016},
}

@article{Kawahara2018,
   author = {Shigeto Kawahara and Atsushi Noto and Gakuji Kumagai},
   doi = {10.1159/000484938},
   issn = {14230321},
   number = {3},
   journal = {Phonetica},
   pages = {219-244},
   pmid = {29649803},
   title = {Sound symbolic patterns in {Pokémon} names},
   volume = {75},
   year = {2018},
}

@article{Shih2020,
   author = {Stephanie S. Shih and Deniz Rudin},
   doi = {10.1080/00277738.2020.1759353},
   issn = {17562279},
   journal = {Names},
   keywords = {anthroponymy,baseball,cognitive science,corpus linguistics,iconicity,nicknames,sound symbolism},
   pages = {1-18},
   publisher = {Routledge},
   title = {On sound symbolism in baseball player names},
   year = {2020},
}

@article{Winter2021,
   author = {Bodo Winter and Marcus Perlman},
   doi = {10.5334/gjgl.1646},
   issn = {2397-1835},
   number = {1},
   journal = {Glossa: a journal of general linguistics},
   keywords = {adjectives,crossmodal analogy,frequency code,iconicity,semantic size,systematicity},
   month = {6},
   publisher = {Open Library of Humanities},
   title = {Size sound symbolism in the {English} lexicon},
   volume = {6},
   year = {2021},
}

@book{Elsen2008,
   author = {Hilke Elsen},
   isbn = {9783823363965},
   publisher = {Narr Francke Attempto},
   title = {{Phantastische Namen: Die Namen in Science Fiction und Fantasy zwischen Arbitrarität und Wortbildung}},
   year = {2008},
   address = {Tübingen},
}

@article{Gontijo2003,
   author = {Possidonia F. D. Gontijo and Ivar Gontijo and Richard Shillcock},
   doi = {10.3758/BF03195506},
   issn = {07433808},
   number = {1},
   journal = {Behavior Research Methods, Instruments, and Computers},
   pages = {136-157},
   title = {Grapheme-phoneme probabilities in {British English}},
   volume = {35},
   year = {2003},
}

@misc{Davies2004,
   author = {Mark Davies},
   title = {British National Corpus (from {Oxford University Press})},
   url = {https://www.english-corpora.org/bnc/},
   year = {2004},
}

@misc{RStudio2020,
   author = {{RStudio Team}},
   address = {Boston, MA},
   publisher = {RStudio, PBC},
   title = {{RStudio: Integrated} development for {R}},
   url = {http://www.rstudio.com/},
   year = {2020},
}

@misc{RCore2020,
   author = {{R Core Team}},
   address = {Vienna, Austria},
   publisher = {R Foundation for Statistical Computing},
   title = {R: {A} language and environment for statistical computing},
   url = {https://www.r-project.org/},
   year = {2020},
}

@book{Baayen2008,
   author = {R. Harald Baayen},
   doi = {10.1017/CBO9780511801686},
   isbn = {9780511801686},
   keywords = {R,linguistics,psycholinguistics,statistics},
   title = {Analyzing linguistic data: {A} practical introduction to statistics using {R}},
   year = {2008},
   publisher = {Cambridge University Press},
   address = {Cambridge},
}

@book{Winter2019,
   author = {Bodo Winter},
   doi = {10.4324/9781315165547},
   publisher = {Routledge},
   title = {Statistics for linguists: {An} introduction using {R}},
   year = {2019},
   address = {New York},
}

@article{Green1960,
   author = {Bert F. Green and John W. Tukey},
   doi = {10.1007/BF02288577},
   issn = {0033-3123},
   number = {2},
   journal = {Psychometrika},
   keywords = {Assessment,Humanities,Law,Psychometrics,Statistical Theory and Methods,Statistics for Social Sciences,Testing and Evaluation},
   month = {6},
   pages = {127-152},
   publisher = {Springer},
   title = {Complex analyses of variance: {General} problems},
   volume = {25},
   year = {1960},
}

@book{Kreft1998,
   author = {Ita Kreft and Jan de Leeuw},
   address = {1 Oliver's Yard, 55 City Road, London England EC1Y 1SP United Kingdom},
   doi = {10.4135/9781849209366},
   isbn = {9780761951414},
   month = {7},
   publisher = {SAGE Publications, Ltd},
   title = {Introducing multilevel modeling},
   year = {1998},
   address = {London},
}

@book{McElreath2015,
   abstract = {this is 2015 but shows up as 2020 in my diss},
   author = {Richard McElreath},
   address = {Boca Raton, FL},
   isbn = {9780367139919},
   publisher = {CRC Press},
   title = {Statistical rethinking: {A} {Bayesian} course with examples in {R} and stan},
   year = {2015},
   address = {Boca Raton}
}

@book{Searle2009,
   author = {Shayle R. Searle and George Casella and Charles E. McCulloch},
   isbn = {978-0-470-00959-8},
   publisher = {John Wiley \& Sons},
   title = {Variance components},
   year = {2009},
   address = {Hoboken},
}

@book{Snijders2011,
   author = {Tom A. B. Snijders and Roel J. Bosker},
   isbn = {9781849202015},
   publisher = {SAGE Publications Ltd},
   title = {Multilevel analysis: {An} introduction to basic and advanced multilevel modeling},
   year = {2011},
   address = {London},
}

@article{Bates2015,
   author = {Douglas Bates and Martin Mächler and Benjamin M. Bolker and Steven C. Walker},
   doi = {10.18637/jss.v067.i01},
   issn = {15487660},
   number = {1},
   journal = {Journal of Statistical Software},
   keywords = {Cholesky decomposition,Linear mixed models,Penalized least squares,Sparse matrix methods},
   title = {Fitting linear mixed-effects models using lme4},
   volume = {67},
   year = {2015},
   pages = {1-48},
}

@article{Kuznetsova2017,
   author = {Alexandra Kuznetsova and Per B. Brockhoff and Rune H. B. Christensen},
   doi = {10.18637/jss.v082.i13},
   issn = {1548-7660},
   number = {13},
   journal = {Journal of Statistical Software},
   title = {{lmerTest} package: {Tests} in linear mixed effects models},
   volume = {82},
   year = {2017},
   pages = {1-26},
}

@misc{Tremblay2020,
   author = {Antoine Tremblay and Johannes Ransijn},
   title = {{LMERConvenienceFunctions: Model selection and post-hoc analysis for (G)LMER models}},
   url = {https://cran.r-project.org/package=LMERConvenienceFunctions},
   year = {2020},
}

@article{Barr2013,
   author = {Dale J. Barr and Roger Levy and Christoph Scheepers and Harry J Tily},
   doi = {10.1016/j.jml.2012.11.001},
   issn = {0749596X},
   number = {3},
   journal = {Journal of Memory and Language},
   keywords = {alternative,collection,generalization,i see no real,in most confirmatory studies,in which a question,is specified by all,linear mixed-effects models,main,monte carlo simulation,of design,question,statistics,to having a single},
   month = {4},
   pages = {255-278},
   title = {Random effects structure for confirmatory hypothesis testing: {Keep} it maximal},
   volume = {68},
   year = {2013},
}

@article{Baayen2010,
   author = {R. Harald Baayen and Petar Milin},
   doi = {10.21500/20112084.807},
   issn = {2011-7922},
   number = {2},
   journal = {International Journal of Psychological Research},
   keywords = {also named response time,distributions,is a simple and,linear mixed-effects modeling,or response latency,outliers,probably the most widely,ral dependencies,reaction time,reaction times,response in time units,rt,tempo-,transformations,used measure of behavioural,usually in},
   month = {12},
   pages = {12-28},
   title = {Analyzing reaction times},
   volume = {3},
   year = {2010},
}

@misc{Barton2020,
   author = {Kamil Barton},
   title = {{MuMIn: Multi-model} inference},
   url = {https://cran.r-project.org/package=MuMIn},
   year = {2020},
}

@article{Nakagawa2017,
   author = {Shinichi Nakagawa and Paul C. D. Johnson and Holger Schielzeth},
   doi = {10.1098/rsif.2017.0213},
   issn = {17425662},
   number = {134},
   journal = {Journal of the Royal Society Interface},
   keywords = {Goodness of fit,Heritability,Model fit,Reliability analysis,Repeatability,Variance decomposition},
   pmid = {28904005},
   title = {The coefficient of determination {R2} and intra-class correlation coefficient from generalized linear mixed-effects models revisited and expanded},
   volume = {14},
   pages = {20170213},
   year = {2017},
}

@incollection{Baayen2020,
   author = {R. Harald Baayen and Maja Linke},
   address = {Cham},
   doi = {10.1007/978-3-030-46216-1_23},
   editor = {Magali Paquot and Stefan Th. Gries},
   booktitle = {A practical handbook of corpus linguistics},
   pages = {563-591},
   publisher = {Springer International Publishing},
   title = {Generalized additive mixed models},
   year = {2020},
}

@article{Linke2017,
   author = {Maja Linke and Franziska Bröker and Michael Ramscar and R. Harald Baayen},
   doi = {10.1371/journal.pone.0183876},
   editor = {Thomas Wennekers},
   isbn = {1111111111},
   issn = {1932-6203},
   number = {8},
   journal = {PLoS ONE},
   keywords = {Animal behavior,Baboons,Human learning,Learning,Machine learning,Pigeons,Semantics,Vision},
   month = {8},
   pages = {e0183876},
   pmid = {28859134},
   publisher = {Public Library of Science},
   title = {Are baboons learning ``orthographic" representations? {Probably} not},
   volume = {12},
   year = {2017},
}

@article{Milin2017,
   author = {Petar Milin and Dagmar Divjak and R. Harald Baayen},
   doi = {10.1037/xlm0000410},
   issn = {1939-1285},
   number = {11},
   journal = {Journal of Experimental Psychology: Learning, Memory, and Cognition},
   month = {11},
   pages = {1730-1751},
   pmid = {28383952},
   publisher = {J Exp Psychol Learn Mem Cogn},
   title = {A learning perspective on individual differences in skilled reading: {Exploring} and exploiting orthographic and semantic discrimination cues.},
   volume = {43},
   year = {2017},
}

@article{Tomaschek2018b,
   author = {Fabian Tomaschek and Benjamin V. Tucker and Matteo Fasiolo and R. Harald Baayen},
   doi = {10.1515/lingvan-2017-0018},
   issn = {2199-174X},
   number = {s2},
   journal = {Linguistics Vanguard},
   keywords = {coarticulation,frequency of use,generalized additive models,predictability,quantile regression},
   month = {9},
   publisher = {Walter de Gruyter GmbH},
   title = {Practice makes perfect: {The} consequences of lexical proficiency for articulation},
   volume = {4},
   year = {2018},
}

@article{Wieling2011,
   author = {Martijn Wieling and John Nerbonne and R. Harald Baayen},
   doi = {10.1371/journal.pone.0023613},
   editor = {Matjaz Perc},
   issn = {1932-6203},
   number = {9},
   journal = {PLoS ONE},
   keywords = {Dialectology,Language,Latitude,Linguistic geography,Linguistic morphology,Longitude,Netherlands,Semantics},
   month = {9},
   pages = {e23613},
   pmid = {21912639},
   publisher = {Public Library of Science},
   title = {Quantitative social dialectology: {Explaining} linguistic variation geographically and socially},
   volume = {6},
   year = {2011},
}

@book{Wood2017,
   author = {Simon N. Wood},
   doi = {10.1201/9781315370279},
   isbn = {9781315370279},
   pages = {1-476},
   publisher = {CRC Press},
   title = {Generalized additive models: {An} introduction with {R}},
   year = {2017},
   address = {New York},
}

@article{Bender2018a,
   author = {Andreas Bender and Fabian Scheipl},
   issn = {2331-8422},
   keywords = {cumulative ef-fects,distributed lags,exposure-lag-response associations,functional data analysis,general-ized additive mixed models,survival analysis,time-dependent covariates,time-varying effects},
   month = {6},
   title = {pammtools: {Piece}-wise exponential additive mixed modeling tools},
   year = {2018},
   url = {https://arxiv.org/abs/1806.01042v1},
}

@article{Fasiolo2021,
   author = {Matteo Fasiolo and Simon N. Wood and Margaux Zaffran and Raphaël Nedellec and Yannig Goude},
   doi = {10.1080/01621459.2020.1725521},
   issn = {1537274X},
   number = {535},
   journal = {Journal of the American Statistical Association},
   keywords = {Calibrated Bayes,Electricity load forecasting,Generalized additive models,Penalized regression splines,Quantile regression},
   pages = {1402-1412},
   publisher = {Taylor \& Francis},
   title = {Fast calibrated additive quantile regression},
   volume = {116},
   year = {2021},
}

@article{Ferrari2004,
   author = {Silvia Ferrari and Francisco Cribari-Neto},
   doi = {10.1080/0266476042000214501},
   issn = {0266-4763},
   number = {7},
   journal = {Journal of Applied Statistics},
   month = {8},
   pages = {799-815},
   title = {Beta regression for modelling rates and proportions},
   volume = {31},
   year = {2004},
}

@article{Smithson2006,
   author = {Michael Smithson and Jay Verkuilen},
   doi = {10.1037/1082-989X.11.1.54},
   issn = {1939-1463},
   number = {1},
   journal = {Psychological Methods},
   month = {3},
   pages = {54-71},
   title = {A better lemon squeezer? {Maximum}-likelihood regression with beta-distributed dependent variables.},
   volume = {11},
   year = {2006},
}

@article{Cribari2010,
   author = {Francisco Cribari-Neto and Achim Zeileis},
   doi = {10.18637/jss.v034.i02},
   issn = {1548-7660},
   number = {2},
   journal = {Journal of Statistical Software},
   keywords = {Beta regression,Proportions,R,Rates},
   month = {4},
   pages = {1-24},
   publisher = {University of California at Los Angeles},
   title = {Beta regression in {R}},
   volume = {34},
   year = {2010},
}

@article{Tomaschek2021,
   author = {Fabian Tomaschek and Benjamin V. Tucker and Michael Ramscar and R. Harald Baayen},
   doi = {10.1007/s11525-021-09374-w},
   issn = {1871-5621},
   number = {2},
   journal = {Morphology},
   keywords = {Articulography,Inflection,Paradigmatic probability,Phonetic enhancement,Quantile GAMMs,Speech production},
   month = {5},
   pages = {171-199},
   publisher = {The Author(s)},
   title = {Paradigmatic enhancement of stem vowels in regular {English} inflected verb forms},
   volume = {31},
   year = {2021},
}

@article{Tomaschek2018collin,
   author = {Fabian Tomaschek and Peter Hendrix and R. Harald Baayen},
   doi = {10.1016/j.wocn.2018.09.004},
   issn = {00954470},
   journal = {Journal of Phonetics},
   keywords = {Collinearity,Concurvity,Elastic net,Random forests,Segment duration,Supervised component generalized linear regression},
   pages = {249-267},
   publisher = {The Authors},
   title = {Strategies for addressing collinearity in multivariate linguistic data},
   volume = {71},
   year = {2018},
}

@book{Venables2002,
   author = {William N. Venables and Brian D. Ripley},
   address = {New York},
   doi = {10.1007/978-0-387-21706-2},
   isbn = {978-1-4419-3008-8},
   publisher = {Springer},
   title = {Modern applied statistics with {S}},
   year = {2002},
}

@misc{Chavent2017,
   author = {Marie Chavent and Vanessa Kuentz and Amaury Labenne and Benoit Liquet and Jerome Saracco},
   title = {{PCAmixdata: Multivariate} analysis of mixed data},
   url = {https://cran.r-project.org/package=PCAmixdata},
   year = {2017},
}

@book{ORourke2005,
   author = {Norm O'Rourke and Larry Hatcher and Edward J. Stepanski},
   address = {Cary},
   isbn = {1590474171},
   publisher = {SAS Institute Inc.},
   title = {Using {SAS} for univariete \& multivariate statistics},
   year = {2005},
}

@article{Zuur2010,
   author = {Alain F. Zuur and Elena N. Ieno and Chris S. Elphick},
   doi = {10.1111/j.2041-210X.2009.00001.x},
   issn = {2041210X},
   number = {1},
   journal = {Methods in Ecology and Evolution},
   month = {3},
   pages = {3-14},
   title = {A protocol for data exploration to avoid common statistical problems},
   volume = {1},
   year = {2010},
}

@article{Ramsay2003,
   author = {Timothy O. Ramsay and Richard T. Burnett and Daniel Krewski},
   doi = {10.1097/00001648-200301000-00009},
   issn = {1044-3983},
   number = {1},
   journal = {Epidemiology},
   month = {1},
   pages = {18-23},
   title = {The effect of concurvity in generalized additive models linking mortality to ambient particulate matter},
   volume = {14},
   year = {2003},
}

@article{Milin2017Feldman,
   author = {Petar Milin and Laurie Beth Feldman and Michael Ramscar and Peter Hendrix and R. Harald Baayen},
   doi = {10.1371/journal.pone.0171935},
   editor = {Hedderik van Rijn},
   isbn = {1111111111},
   issn = {1932-6203},
   number = {2},
   journal = {PLoS ONE},
   month = {2},
   pages = {e0171935},
   pmid = {28235015},
   title = {Discrimination in lexical decision},
   volume = {12},
   year = {2017},
}

@incollection{Chuang2020,
   author = {Yu-Ying Chuang and Kaidi Lõo and James P. Blevins and R. Harald Baayen},
   editor = {Lívia Körtvélyessy and Pavol Štekauer},
   booktitle = {Complex Words: {Advances} in Morphology},
   pages = {119-141},
   publisher = {Cambridge University Press},
   title = {Estonian case inflection made simple: {A} case study in Word and Paradigm Morphology with Linear Discriminative Learning},
   year = {2020},
   address = {Cambridge},
}

@article{Jones2007,
   author = {Michael N. Jones and Douglas J. K. Mewhort},
   doi = {10.1037/0033-295X.114.1.1},
   issn = {1939-1471},
   number = {1},
   journal = {Psychological Review},
   month = {1},
   pages = {1-37},
   pmid = {17227180},
   title = {Representing word meaning and order information in a composite holographic lexicon.},
   volume = {114},
   year = {2007},
}

@article{Landauer1997,
   author = {Thomas K. Landauer and Susan T. Dumais},
   doi = {10.1037/0033-295X.104.2.211},
   issn = {1939-1471},
   number = {2},
   journal = {Psychological Review},
   pages = {211-240},
   title = {A solution to {Plato's} problem: {The} latent semantic analysis theory of acquisition, induction, and representation of knowledge.},
   volume = {104},
   year = {1997},
}

@inproceedings{Mikolov2013,
   author = {Tomas Mikolov and Ilya Sutskever and Kai Chen and Greg Corrado and Jeffrey Dean},
   booktitle = {{Proceedings of the 26th International Conference on Neural Information Processing Systems (NIPS'13) - Volume 2}},
   title = {Distributed representations of words and phrases and their compositionality},
   year = {2013},
}

@article{Shaoul2010,
   author = {Cyrus Shaoul and Chris Westbury},
   doi = {10.3758/BRM.42.2.393},
   issn = {1554-351X},
   number = {2},
   journal = {Behavior Research Methods},
   month = {5},
   pages = {393-413},
   pmid = {20479171},
   publisher = {Springer},
   title = {Exploring lexical co-occurrence space using {HiDEx}},
   volume = {42},
   year = {2010},
}

@book{Burnage1988,
   author = {Gavin Burnage},
   address = {Nijmegen},
   institution = {Centre for Lexical Information},
   publisher = {Centre for Lexical Information},
   title = {{CELEX}, a guide for users},
   year = {1988},
}

@article{Moore1920,
   author = {E. Hastings Moore},
   journal = {Bulletin of the American Mathematical Society},
   pages = {394-395},
   title = {On the reciprocal of the general algebraic matrix},
   volume = {26},
   year = {1920},
}

@article{Penrose1955,
   author = {Roger Penrose},
   doi = {10.1017/S0305004100030401},
   issn = {0305-0041},
   number = {3},
   journal = {Mathematical Proceedings of the Cambridge Philosophical Society},
   month = {7},
   pages = {406-413},
   publisher = {Cambridge University Press},
   title = {A generalized inverse for matrices},
   volume = {51},
   year = {1955},
}

@misc{Baayen2019wpm,
   abstract = {R package},
   author = {R. Harald Baayen and Yu-Ying Chuang and Maria Heitmeier},
   keywords = {R package},
   title = {{WpmWithLdl: Implementation} of word and paradigm morphology with linear discriminative learning},
   year = {2019},
   url = {http://www.sfs.uni-tuebingen.de/~hbaayen/publications/WpmWithLdl_1.0.tar.gz},
}

@article{Fort2015,
   author = {Mathilde Fort and Alexander Martin and Sharon Peperkamp},
   doi = {10.1177/0023830914534951},
   issn = {0023-8309},
   number = {2},
   journal = {Language and Speech},
   keywords = {Bouba-kiki effect,French,consonants,sound-symbolism,vowels},
   month = {6},
   pages = {247-266},
   pmid = {26677645},
   publisher = {SAGE Publications Ltd},
   title = {Consonants are more important than vowels in the bouba-kiki effect},
   volume = {58},
   year = {2015},
}

@book{Koehler1929,
   author = {Wolfgang Köhler},
   address = {New York},
   keywords = {Gestalt psychology,Gestaltpsychologie Gestalt psychology.,Psychology},
   publisher = {Liveright},
   title = {Gestalt psychology},
   year = {1929},
}

@article{Kisler2017,
   author = {Thomas Kisler and Uwe Reichel and Florian Schiel},
   doi = {10.1016/j.csl.2017.01.005},
   issn = {10958363},
   journal = {Computer Speech and Language},
   keywords = {Automatic segmentation,Grapheme-to-phoneme,Software as a service,Speech processing,Web service},
   pages = {326-347},
   publisher = {Elsevier Ltd},
   title = {Multilingual processing of speech via web services},
   volume = {45},
   year = {2017},
}

@article{Schiel1999,
   author = {Florian Schiel},
   journal = {Proceedings of the 14th International Congress of Phonetic Sciences (ICPhS 1999)},
   pages = {607-610},
   title = {Automatic phonetic transcription of nonprompted speech},
   year = {1999},
}

@misc{Boersma2019,
   author = {Paul Boersma and David Weenink},
   title = {Praat: {Doing} phonetics by computer},
   url = {http://www.praat.org/},
   year = {2019},
}

@book{Ladefoged2003,
   author = {Peter Ladefoged},
   publisher = {Wiley},
   title = {Phonetic data analysis: {An} introduction to fieldwork and instrumental techniques},
   year = {2003},
   address = {Malden},
}

@article{Pluymaekers2005a,
   author = {Mark Pluymaekers and Mirjam Ernestus and R. Harald Baayen},
   doi = {10.1159/000090095},
   issn = {00318388},
   number = {2-4},
   journal = {Phonetica},
   pages = {146-159},
   pmid = {16391500},
   title = {Articulatory planning is continuous and sensitive to informational redundancy},
   volume = {62},
   year = {2005},
}

@article{Pluymaekers2005b,
   author = {Mark Pluymaekers and Mirjam Ernestus and R. Harald Baayen},
   doi = {10.1121/1.2011150},
   issn = {0001-4966},
   number = {4},
   journal = {The Journal of the Acoustical Society of America},
   pages = {2561-2569},
   pmid = {16266176},
   title = {Lexical frequency and acoustic reduction in spoken {Dutch}},
   volume = {118},
   year = {2005},
}

@article{Afshartous2011,
   author = {David Afshartous and Richard A. Preston},
   doi = {10.1080/10691898.2011.11889620},
   issn = {1069-1898},
   number = {3},
   journal = {Journal of Statistics Education},
   keywords = {cave plot,fire data,glist,grob,gtree,viewport},
   month = {11},
   pages = {1-35},
   title = {Key results of interaction models with centering},
   volume = {19},
   year = {2011},
}

@article{Robinson2009,
   author = {Cecil Robinson and Randall Schumacker},
   number = {1},
   journal = {Multiple Linear Regression Viewpoints},
   pages = {6-11},
   title = {Interaction effects: {Centering}, variance inflation factor, and interpretation issues},
   volume = {35},
   year = {2009},
}

@book{Baayen1995,
   author = {R. Harald Baayen and Richard Piepenbrock and Leon Gulikers},
   address = {Philadelphia},
   publisher = {University of Philadelphia},
   title = {The {CELEX} lexical database ({CD-ROM})},
   year = {1995},
}

@article{Bell2009,
   author = {Alan Bell and Jason M. Brenier and Michelle Gregory and Cynthia Girand and Daniel Jurafsky},
   doi = {10.1016/j.jml.2008.06.003},
   issn = {0749596X},
   number = {1},
   journal = {Journal of Memory and Language},
   keywords = {Content words,Function words,Models of speech production,Predictability,Word duration,Word frequency},
   pages = {92-111},
   publisher = {Elsevier Inc.},
   title = {Predictability effects on durations of content and function words in conversational {English}},
   volume = {60},
   year = {2009},
}

@article{Torreira2009,
   author = {Francisco Torreira and Mirjam Ernestus},
   issn = {19909772},
   number = {September 2014},
   journal = {Proceedings of Interspeech 2009},
   keywords = {Acoustic reduction,Corpus research,French,Lexical probability,Prosody,Speech rate},
   pages = {448-451},
   title = {Probabilistic effects on {French} [t] duration},
   year = {2009},
}

@article{Vitevitch2004,
   author = {Michael S. Vitevitch and Paul A. Luce},
   doi = {10.3758/BF03195594},
   number = {3},
   journal = {Behavior Research Methods, Instruments, \& Computers},
   keywords = {epiblast,gfp fusion,histone h2b-,icm,lineage specification,live imaging,mouse blastocyst,pdgfr α,primitive endoderm},
   month = {8},
   pages = {481-487},
   pmid = {1000000221},
   title = {A web-based interface to calculate phonotactic probability for words and nonwords in {English}},
   volume = {36},
   year = {2004},
}

@article{Umeda1977,
   author = {Noriko Umeda},
   doi = {10.1121/1.381374},
   issn = {NA},
   number = {3},
   journal = {Journal of the Acoustical Society of America},
   pages = {846-858},
   title = {Consonant duration in {American English}},
   volume = {61},
   year = {1977},
}

@article{Gahl2012,
   author = {Susanne Gahl and Yao Yao and Keith Johnson},
   doi = {10.1016/j.jml.2011.11.006},
   issn = {0749596X},
   number = {4},
   journal = {Journal of Memory and Language},
   keywords = {Audience design,Language production,Lexical access,Lexical neighborhood,Pronunciation variation,Spontaneous speech corpus},
   pages = {789-806},
   publisher = {Elsevier Inc.},
   title = {Why reduce? {Phonological} neighborhood density and phonetic reduction in spontaneous speech},
   volume = {66},
   year = {2012},
}

@article{Marian2012,
   author = {Viorica Marian and James Bartolotti and Sarah Chabal and Anthony Shook},
   doi = {10.1371/journal.pone.0043230},
   issn = {19326203},
   number = {8},
   journal = {PLoS ONE},
   pages = {e43230},
   title = {Clearpond: {Cross}-linguistic easy-access resource for phonological and orthographic neighborhood densities},
   volume = {7},
   year = {2012},
}


@article{Lee1999,
   author = {Sangho Lee and Yung Hwan Oh},
   doi = {10.1016/S0167-6393(99)00014-X},
   issn = {01676393},
   number = {4},
   journal = {Speech Communication},
   keywords = {korean,pause duration,prosodic phrasing,prosody,segmental duration,tree-based modeling,tts system},
   pages = {283-300},
   title = {Tree-based modeling of prosodic phrasing and segmental duration for {Korean TTS} systems},
   volume = {28},
   year = {1999},
}

@inproceedings{Zvonik2003,
   author = {Elena Zvonik and Fred Cummins},
   address = {Geneva},
   booktitle = {{Proceedings of Eurospeech 2003}},
   pages = {777-780},
   title = {The effect of surrounding phrase lengths on pause duration},
   year = {2003},
}

@article{Krivokapic2007,
   author = {Jelena Krivokapić},
   doi = {10.1016/j.wocn.2006.04.001},
   issn = {00954470},
   number = {2},
   journal = {Journal of Phonetics},
   keywords = {pause duration,production unit,prosodic complexity,prosodic length,prosody,synchronous speech},
   pages = {162-179},
   title = {Prosodic planning: {Effects} of phrasal length and complexity on pause duration},
   volume = {35},
   year = {2007},
}

@article{Yao2007,
   author = {Yao Yao},
   journal = {UC Berkeley Phonology Lab Annual Report},
   pages = {183-225},
   title = {Closure duration and {VOT} of word-initial voiceless plosives in {English} in spontaneous connected speech},
   volume = {8},
   year = {2007},
}

@misc{deJong2008,
   author = {Nivja de Jong and Ton Wempe},
   title = {Praat script syllable nuclei v2 [Praat script]},
   url = {https://sites.google.com/site/speechrate/speech-rate-praat-script-that-detects-syllable-nuclei/praat-script-syllable-nuclei-v2},
   year = {2008},
}

@article{Hanique2013Ernestus,
   author = {Iris Hanique and Mirjam Ernestus and Barbara Schuppler},
   doi = {10.1121/1.4790352},
   issn = {0001-4966},
   number = {3},
   journal = {The Journal of the Acoustical Society of America},
   pages = {1644-1655},
   title = {Informal speech processes can be categorical in nature, even if they affect many different words},
   volume = {133},
   year = {2013},
}

@article{Lee2012,
   author = {Sue A. Lee and Gregory K. Iverson},
   doi = {10.1017/S1366728911000083},
   issn = {1366-7289},
   number = {2},
   journal = {Bilingualism: Language and Cognition},
   keywords = {Korean?English bilingual children,bilingualism,stop consonant},
   month = {4},
   pages = {275-287},
   publisher = {Cambridge University Press},
   title = {Stop consonant productions of {Korean–English} bilingual children},
   volume = {15},
   year = {2012},
}

@article{Mack1982,
   author = {Molly Mack},
   doi = {10.1121/1.387344},
   issn = {NA},
   number = {1},
   journal = {Journal of the Acoustical Society of America},
   pages = {173-178},
   title = {Voicing-dependent vowel duration in {English} and {French: Monolingual} and bilingual production},
   volume = {71},
   year = {1982},
}

@article{Oh2012,
   author = {Grace E. Oh and Melissa A. Redford},
   doi = {10.1016/j.wocn.2011.08.003},
   issn = {00954470},
   number = {1},
   journal = {Journal of Phonetics},
   pages = {82-91},
   title = {The production and phonetic representation of fake geminates in {English}},
   volume = {40},
   year = {2012},
}

@incollection{Ridouane2017,
   author = {Rachid Ridouane and Pierre Hallé},
   address = {Oxford},
   editor = {Haruo Kubozono},
   booktitle = {The phonetics and phonology of geminate consonants},
   pages = {66-84},
   publisher = {Oxford University Press},
   title = {Word-initial geminates: {From} production to perception},
   year = {2017},
   address = {Oxford},
}

@article{Cooper1981,
   author = {William E. Cooper and Martha Danly},
   isbn = {9783642253874},
   issn = {09240136},
   journal = {Phonetica},
   pages = {106-115},
   title = {Segmental and temporal aspects of utterance-final lengthening},
   volume = {38},
   year = {1981},
   doi = {10.1159/000260017},
}

@incollection{Coetzee2005,
   author = {Andries W. Coetzee},
   address = {Berlin},
   doi = {10.1515/9783110197587.2.223},
   editor = {Sónia Frota and Marina Vigário and Maria João Freitas},
   booktitle = {Prosodies},
   pages = {223-245},
   publisher = {De Gruyter Mouton},
   title = {The obligatory contour principle in the perception of {English}},
   year = {2005},
}

@incollection{Coetzee2009,
   author = {Andries W. Coetzee},
   address = {London},
   editor = {Stephen Parker},
   booktitle = {Phonological Argumentation: {Essays} on Evidence and Motivation},
   pages = {9-42},
   publisher = {Equinox},
   title = {Grammar is both categorical and gradient},
   year = {2009},
}

@article{Hendrix2020,
   author = {Peter Hendrix and Ching Chu Sun},
   doi = {10.1037/xlm0000819},
   issn = {02787393},
   journal = {Journal of Experimental Psychology: Learning Memory and Cognition},
   keywords = {Lexical decision,Nonword frequency,Nonwords,Orthography-to-semantics consistency,Semantic neighborhood density},
   title = {A word or two about nonwords: {Frequency}, semantic neighborhood density, and orthography-to-semantics consistency effects for nonwords in the lexical decision task},
   year = {2020},
   volume = {47},
   number = {1},
   pages = {157-183},
}

@article{Aylett2004,
   author = {Matthew Aylett and Alice Turk},
   doi = {10.1177/00238309040470010201},
   issn = {00238309},
   number = {1},
   journal = {Language and Speech},
   keywords = {Articulation,Duration,Prosody,Redundancy,Speech},
   pages = {31-56},
   title = {The smooth signal redundancy hypothesis: {A} functional explanation for relationships between redundancy, prosodic prominence, and duration in spontaneous speech},
   volume = {47},
   year = {2004},
}

@article{Jaeger2010,
   author = {{T. Florian} Jaeger},
   doi = {10.1016/j.cogpsych.2010.02.002},
   issn = {00100285},
   number = {1},
   journal = {Cognitive Psychology},
   keywords = {Complementizer that-mentioning,Efficient language production,Rational cognition,Syntactic production,Syntactic reduction},
   pages = {23-62},
   pmid = {20434141},
   publisher = {Elsevier Inc.},
   title = {Redundancy and reduction: {Speakers} manage syntactic information density},
   volume = {61},
   year = {2010},
}

@article{Cohen2014,
   author = {Clara Cohen},
   doi = {10.1007/s11525-014-9243-y},
   issn = {18715656},
   number = {4},
   journal = {Morphology},
   keywords = {Experimental linguistics,Inflectional paradigms,Probability,Pronunciation variation,Speech production,Subject-verb agreement},
   pages = {291-323},
   title = {Probabilistic reduction and probabilistic enhancement: {Contextual} and paradigmatic effects on morpheme pronunciation},
   volume = {24},
   year = {2014},
}

@article{Tucker2019Sims,
   author = {Benjamin V. Tucker and Michelle Sims and R. Harald Baayen},
   doi = {10.31234/osf.io/jc97w},
   journal = {PsyArXiv},
   keywords = {hypothesis,naive discriminative learning,neighborhood density,paradigmatic signal enhancement,semantic density,smooth signal redundancy hypothesis,vowel duration},
   pages = {1-38},
   title = {Opposing forces on acoustic duration},
   year = {2019},
}

@article{Tucker2019Brenner,
   author = {Benjamin V. Tucker and Daniel Brenner and D. Kyle Danielson and Matthew C. Kelley and Filip Nenadić and Michelle Sims},
   doi = {10.3758/s13428-018-1056-1},
   issn = {1554-3528},
   number = {3},
   journal = {Behavior Research Methods},
   keywords = {Auditory lexical decision,Megastudy,Spoken word recognition},
   month = {6},
   pages = {1187-1204},
   pmid = {29916041},
   publisher = {Springer New York LLC},
   title = {The Massive Auditory Lexical Decision ({MALD}) database},
   volume = {51},
   year = {2019},
}

@book{Ivens1991,
   author = {Stephen H. Ivens and Bertram L. Koslin},
   publisher = {Touchstone Applied Science Associates},
   title = {Demands for reading literacy require new accountability methods},
   year = {1991},
   address = {Brewster},
}

@incollection{Schmid1999,
   author = {Helmut Schmid},
   doi = {10.1007/978-94-017-2390-9_2},
   editor = {Susan Armstrong and Kennneth Church and Pierre Isabelle and Sandra Manzi and Evelyne Tzoukermann and David Yarowsky},
   booktitle = {Natural language processing using very large corpora},
   pages = {13-25},
   publisher = {Springer},
   title = {Improvements in part-of-speech tagging with an application to {German}},
   year = {1999},
   address = {Dordrecht},
}

@article{Baayen2016,
   author = {R. Harald Baayen and Cyrus Shaoul and Jon Willits and Michael Ramscar},
   doi = {10.1080/23273798.2015.1065336},
   issn = {2327-3798},
   number = {1},
   journal = {Language, Cognition and Neuroscience},
   keywords = {Auditory comprehension,Discriminative learning,Phonotactics,Rescorla–Wagner equations,Word segmentation},
   month = {1},
   pages = {106-128},
   publisher = {Routledge},
   title = {Comprehension without segmentation: {A} proof of concept with naive discriminative learning},
   volume = {31},
   year = {2016},
}

@article{Sering2018,
   author = {Konstantin Sering and Petar Milin and R. Harald Baayen},
   doi = {10.1111/stan.12134},
   issn = {00390402},
   number = {3},
   journal = {Statistica Neerlandica},
   keywords = {Rescorla–Wagner,Widrow–Hoff,error-driven learning,language comprehension,multilabel classification},
   month = {8},
   pages = {339-353},
   title = {Language comprehension as a multi-label classification problem},
   volume = {72},
   year = {2018},
}

@book{Fox2019,
   author = {John Fox and Sanford Weisberg},
   isbn = {9781544336473},
   issn = {9781412975148},
   publisher = {SAGE Publications, Ltd},
   title = {An {R} companion to applied regression},
   year = {2019},
   address = {Thousand Oaks},
}

@book{Turk2020,
   author = {Alice Turk and Stefanie Shattuck-Hufnagel},
   doi = {10.1093/oso/9780198795421.001.0001},
   month = {2},
   publisher = {Oxford University Press},
   title = {Speech timing},
   year = {2020},
   address = {Oxford},
}

@article{Mathot2012,
   author = {Sebastiaan Mathôt and Daniel Schreij and Jan Theeuwes},
   doi = {10.3758/s13428-011-0168-7},
   issn = {1554-3528},
   number = {2},
   journal = {Behavior Research Methods},
   keywords = {Experiment builder,Graphical user interface,Python,Software,Stimulus presentation},
   month = {6},
   pages = {314-324},
   pmid = {22083660},
   publisher = {Springer},
   title = {{OpenSesame}: {An} open-source, graphical experiment builder for the social sciences},
   volume = {44},
   year = {2012},
}

@article{Belke2002,
   author = {Eva Belke and Antje S. Meyer},
   doi = {10.1080/09541440143000050},
   issn = {0954-1446},
   number = {2},
   journal = {European Journal of Cognitive Psychology},
   month = {4},
   pages = {237-266},
   title = {Tracking the time course of multidimensional stimulus discrimination: {Analyses} of viewing patterns and processing times during ``same"-``different" decisions},
   volume = {14},
   year = {2002},
}

@article{Lupker2018,
   author = {Stephen J. Lupker and Mariko Nakayama and Masahiro Yoshihara},
   doi = {10.1037/xlm0000515},
   issn = {1939-1285},
   number = {8},
   journal = {Journal of Experimental Psychology: Learning, Memory, and Cognition},
   keywords = {Japanese scripts,Masked priming,Orthographic coding,Phonological priming,Same-different task},
   month = {8},
   pages = {1317-1324},
   pmid = {29389191},
   title = {Phonologically-based priming in the same-different task with {L1} readers.},
   volume = {44},
   year = {2018},
}

@article{Norris2008errorrates,
   author = {Dennis Norris and Sachiko Kinoshita},
   doi = {10.1037/a0012799},
   issn = {00963445},
   number = {3},
   journal = {Journal of Experimental Psychology: General},
   keywords = {Bayes,perception,priming,reading},
   pages = {434-455},
   pmid = {18729709},
   title = {Perception as evidence accumulation and {Bayesian} inference: {Insights} from masked priming},
   volume = {137},
   year = {2008},
}

@incollection{Macmillan1993,
   author = {Neil A. Macmillan},
   editor = {Gideon Keren and Charles Lewis},
   booktitle = {{A handbook for data analysis in the behaviorial sciences}},
   publisher = {Taylor \& Francis},
   title = {{Signal Detection Theory} as data analysis method and psychological decision model},
   year = {1993},
   address = {New York},
   pages = {21-58},
}

@book{Macmillan2005,
   author = {Neil A. Macmillan and C. Douglas Creelman},
   address = {Mahwah, New Jersey; London},
   edition = {2},
   isbn = {0805842306},
   publisher = {Lawrence Erlbaum Associates},
   title = {Signal {Detection Theory: A} user's guide},
   year = {2005},
   address = {Mahwah},
}

@article{Pfeifer2018,
   author = {Jasmin Pfeifer and Silke Hamann},
   doi = {10.3389/fnbeh.2018.00120},
   issn = {1662-5153},
   number = {June},
   journal = {Frontiers in Behavioral Neuroscience},
   keywords = {Congenital amusia,Hereditariness,Pitch processing,Spatial processing,Twin study},
   month = {6},
   pages = {1-11},
   title = {The nature and nurture of congenital amusia: {A} twin case study},
   volume = {12},
   year = {2018},
}

@article{Stanislaw1999,
   author = {Harold Stanislaw and Natasha Todorov},
   doi = {10.3758/BF03207704},
   issn = {0743-3808},
   number = {1},
   journal = {Behavior Research Methods, Instruments, \& Computers},
   month = {3},
   pages = {137-149},
   pmid = {10495845},
   title = {Calculation of signal detection theory measures},
   volume = {31},
   year = {1999},
}

@article{Pollack1964,
   author = {Irwin Pollack and Donald A. Norman},
   doi = {10.3758/BF03342823},
   issn = {0033-3131},
   number = {1-12},
   journal = {Psychonomic Science},
   month = {1},
   pages = {125-126},
   title = {A non-parametric analysis of recognition experiments},
   volume = {1},
   year = {1964},
}

@article{Lee2013,
   author = {Kyu Yup Lee},
   doi = {10.7874/KJA.2013.17.2.45},
   issn = {2092-9862},
   number = {2},
   journal = {Korean Journal of Audiology},
   keywords = {Auditory brainstem,Histopathology,Molecular genetics,Pathophyisology,Presbycusis,Presbycusis ·},
   month = {9},
   pages = {45-49},
   publisher = {The Korean Audiological Society},
   title = {Pathophysiology of age-related hearing loss (peripheral and central)},
   volume = {17},
   year = {2013},
}

@article{Anvari2002,
   author = {Sima H. Anvari and Laurel J. Trainor and Jennifer Woodside and Betty Ann Levy},
   doi = {10.1016/S0022-0965(02)00124-8},
   issn = {00220965},
   number = {2},
   journal = {Journal of Experimental Child Psychology},
   keywords = {Auditory processes,Development,Music,Reading},
   month = {10},
   pages = {111-130},
   pmid = {12408958},
   publisher = {Academic Press},
   title = {Relations among musical skills, phonological processing, and early reading ability in preschool children},
   volume = {83},
   year = {2002},
}

@article{Milovanov2009,
   author = {Riia Milovanov and Minna Huotilainen and Paulo A. A. Esquef and Paavo Alku and Vesa Välimäki and Mari Tervaniemi},
   doi = {10.1016/j.neulet.2009.05.063},
   issn = {03043940},
   number = {2},
   journal = {Neuroscience Letters},
   keywords = {ERP,Linguistic skills,MMN,Musical aptitude,Seashore test,Sound duration},
   month = {8},
   pages = {161-165},
   pmid = {19481587},
   publisher = {Elsevier},
   title = {The role of musical aptitude and language skills in preattentive duration processing in school-aged children},
   volume = {460},
   year = {2009},
}

@article{Makowski2018,
   author = {Dominique Makowski},
   doi = {10.21105/joss.00470},
   issn = {2475-9066},
   number = {22},
   journal = {The Journal of Open Source Software},
   month = {2},
   pages = {470},
   title = {The psycho package: {An} efficient and publishing-oriented workflow for psychological science},
   volume = {3},
   year = {2018},
}

@article{Beach2021,
   author = {Sara D. Beach and Ola Ozernov-Palchik and Sidney C. May and Tracy M. Centanni and John D. E. Gabrieli and Dimitrios Pantazis},
   doi = {10.1162/nol_a_00034},
   issn = {2641-4368},
   number = {2},
   journal = {Neurobiology of Language},
   keywords = {"speech perception,MEG",categorical perception,multivariate pattern analysis,neural decoding,speech perception},
   month = {5},
   pages = {254-279},
   title = {Neural decoding reveals concurrent phonemic and subphonemic representations of speech across tasks},
   volume = {2},
   year = {2021},
}

@article{Winter2021Grice,
   author = {Bodo Winter and Martine Grice},
   doi = {10.1515/ling-2019-0049},
   issn = {0024-3949},
   number = {5},
   journal = {Linguistics},
   keywords = {corpus statistics,experimental design,generalizability,mixed models,multilevel models,sampling},
   month = {9},
   pages = {1251-1277},
   title = {Independence and generalizability in linguistics},
   volume = {59},
   year = {2021},
}

@article{Kieslich2017,
   author = {Pascal J. Kieslich and Felix Henninger},
   doi = {10.3758/s13428-017-0900-z},
   issn = {15543528},
   number = {5},
   journal = {Behavior Research Methods},
   keywords = {Experimental design,Mouse-tracking,OpenSesame,Process tracing,Python,Response dynamics,Software},
   pages = {1652-1667},
   pmid = {28646399},
   title = {Mousetrap: {An} integrated, open-source mouse-tracking package},
   volume = {49},
   year = {2017},
}

@incollection{Kieslich2019,
   author = {Pascal J. Kieslich and Felix Henninger and Dirk U. Wulff and Jonas M. B. Haslbeck and Michael Schulte-Mecklenbeck},
   address = {New York, NY},
   doi = {10.31234/osf.io/zuvqa},
   editor = {Michael Schulte-Mecklenbeck and Anton Kühberger and Joseph G. Johnson},
   number = {November},
   booktitle = {A handbook of process tracing methods},
   pages = {111-130},
   publisher = {Routledge},
   title = {Mouse-tracking: {A} practical guide to implementation and analysis},
   year = {2019},
   address = {New York},
}

@article{Fozard1994,
   author = {James L. Fozard and Max Vercruyssen and Sara L. Reynolds and P. A. Hancock and Reginald E. Quilter},
   doi = {10.1093/geronj/49.4.P179},
   issn = {0022-1422},
   number = {4},
   journal = {Journal of Gerontology},
   month = {7},
   pages = {179-189},
   pmid = {8014399},
   publisher = {Oxford Academic},
   title = {Age differences and changes in reaction time: {The} {Baltimore} longitudinal study of aging},
   volume = {49},
   year = {1994},
}

@article{Baayen2006,
   author = {R. Harald Baayen and Laurie Beth Feldman and Robert Schreuder},
   doi = {10.1016/j.jml.2006.03.008},
   issn = {0749596X},
   number = {2},
   journal = {Journal of Memory and Language},
   keywords = {Lexical connectivity,Lexical processing,Mental lexicon,Morphology,Regression},
   month = {8},
   pages = {290-313},
   publisher = {Academic Press},
   title = {Morphological influences on the recognition of monosyllabic monomorphemic words},
   volume = {55},
   year = {2006},
}

@article{Brysbaert2011,
   author = {Marc Brysbaert and Matthias Buchmeier and Markus Conrad and Arthur M. Jacobs and Jens Bölte and Andrea Böhl},
   doi = {10.1027/1618-3169/a000123},
   issn = {1618-3169},
   number = {5},
   journal = {Experimental Psychology},
   keywords = {lexical decision,megastudy,word frequency,word recognition},
   month = {7},
   pages = {412-424},
   pmid = {21768069},
   publisher = {Hogrefe Publishing},
   title = {The word frequency effect},
   volume = {58},
   year = {2011},
}

@article{Keuleers2010,
   author = {Emmanuel Keuleers and Kevin Diependaele and Marc Brysbaert},
   doi = {10.3389/fpsyg.2010.00174},
   issn = {1664-1078},
   journal = {Frontiers in Psychology},
   keywords = {Dutch,Lexical decision,Megastudy,Practice effect,Pseudowords,Reaction time,Visual word recognition,Word frequency},
   publisher = {Frontiers},
   title = {Practice effects in large-scale visual word recognition studies: {A} lexical decision study on 14,000 {Dutch} mono- and disyllabic words and nonwords},
   volume = {1},
   year = {2010},
}

@article{Gignac2004,
   author = {Gilles E. Gignac and Philip A. Vernon},
   doi = {10.1016/S0191-8869(03)00133-8},
   issn = {01918869},
   number = {3},
   journal = {Personality and Individual Differences},
   keywords = {Hick's Law,Intelligence,Laterality,Reaction time},
   month = {2},
   pages = {733-739},
   publisher = {Pergamon},
   title = {Reaction time and the dominant and non-dominant hands: {An} extension of {Hick's Law}},
   volume = {36},
   year = {2004},
}

@article{Dye2009,
   author = {Matthew W. G. Dye and C. Shawn Green and Daphne Bavelier},
   doi = {10.1111/j.1467-8721.2009.01660.x},
   issn = {09637214},
   number = {6},
   journal = {Current Directions in Psychological Science},
   keywords = {Impulsivity,Learning transfer,Processing speed,Video games,Visual attention},
   pages = {321-326},
   title = {Increasing speed of processing with action video games},
   volume = {18},
   year = {2009},
}

@article{Bender2018etal,
   abstract = {Abstract:},
   author = {Andreas Bender and Andreas Groll and Fabian Scheipl},
   doi = {10.1177/1471082X17748083},
   issn = {1471-082X},
   number = {3-4},
   journal = {Statistical Modelling},
   keywords = {Cox model,Time-varying coefficients,penalization,piece-wise exponential model,splines,survival analysis},
   month = {6},
   pages = {299-321},
   publisher = {SAGE PublicationsSage India: New Delhi, India},
   title = {A generalized additive model approach to time-to-event analysis},
   volume = {18},
   year = {2018},
}

@article{Mogensen2012,
   author = {Ulla B. Mogensen and Hemant Ishwaran and Thomas A. Gerds},
   doi = {10.18637/jss.v050.i11},
   issn = {1548-7660},
   number = {11},
   journal = {Journal of Statistical Software},
   month = {9},
   pages = {1-23},
   pmid = {25317082},
   publisher = {Foundation for Open Access Statistic},
   title = {Evaluating random forests for survival analysis using prediction error curves},
   volume = {50},
   year = {2012},
}

@article{Bradley2008,
   author = {A. Allen Bradley and Stuart S. Schwartz and Tempei Hashino},
   doi = {10.1175/2007WAF2007049.1},
   issn = {1520-0434},
   number = {5},
   journal = {Weather and Forecasting},
   month = {10},
   pages = {992-1006},
   publisher = {American Meteorological Society},
   title = {Sampling uncertainty and confidence intervals for the {Brier} score and {Brier} skill score},
   volume = {23},
   year = {2008},
}

@article{Brier1950,
   author = {Glenn W. Brier},
   doi = {10.1175/1520-0493(1950)078<0001:VOFEIT>2.0.CO;2},
   issn = {0027-0644},
   number = {1},
   journal = {Monthly Weather Review},
   month = {1},
   pages = {1-3},
   title = {Verification of forecasts expressed in terms of probability},
   volume = {78},
   year = {1950},
}

@article{Gerds2006,
   author = {Thomas A. Gerds and Martin Schumacher},
   doi = {10.1002/bimj.200610301},
   issn = {03233847},
   number = {6},
   journal = {Biometrical Journal},
   keywords = {Brier Score,Censoring Bias,Inverse of Probability of Censoring Weighting,Model Validation,Survival Analysis},
   month = {12},
   pages = {1029-1040},
   pmid = {17240660},
   publisher = {John Wiley \& Sons, Ltd},
   title = {Consistent estimation of the expected {Brier} score in general survival models with right-censored event rimes},
   volume = {48},
   year = {2006},
}

@article{Kaplan1958,
   author = {Edward L. Kaplan and Paul Meier},
   doi = {10.1080/01621459.1958.10501452},
   issn = {0162-1459},
   number = {282},
   journal = {Journal of the American Statistical Association},
   month = {6},
   pages = {457-481},
   title = {Nonparametric estimation from incomplete observations},
   volume = {53},
   year = {1958},
}

@incollection{Charlton2009,
    title = {Quantitative Data},
    editor = {Rob Kitchin and Nigel Thrift},
    booktitle = {International Encyclopedia of Human Geography},
    publisher = {Elsevier},
    address = {Oxford},
    pages = {19-26},
    year = {2009},
    isbn = {978-0-08-044910-4},
    doi = {https://doi.org/10.1016/B978-008044910-4.00502-2},
    author = {Martin Charlton},
}

@article{Gneiting2011,
   author = {Tilmann Gneiting},
   doi = {10.1016/j.ijforecast.2009.12.015},
   issn = {01692070},
   number = {2},
   journal = {International Journal of Forecasting},
   keywords = {Decision making,Density forecasts,Incentive-compatible compensation scheme,Loss function,Piecewise linear,Proper scoring rule,Quantile},
   month = {4},
   pages = {197-207},
   publisher = {Elsevier},
   title = {Quantiles as optimal point forecasts},
   volume = {27},
   year = {2011},
}

@book{Koenker2005,
   author = {Roger Koenker},
   doi = {10.1017/CBO9780511754098},
   isbn = {9780511754098},
   month = {1},
   publisher = {Cambridge University Press},
   title = {Quantile regression},
   year = {2005},
   address = {Cambridge},
}

@article{Spivey2005,
   author = {Michael J. Spivey and Marc Grosjean and Günther Knoblich},
   doi = {10.1073/pnas.0503903102},
   issn = {0027-8424},
   number = {29},
   journal = {Proceedings of the National Academy of Sciences},
   keywords = {Dynamical systems,Psycholinguistics,Word recognition},
   month = {7},
   pages = {10393-10398},
   pmid = {15985550},
   publisher = {National Academy of Sciences},
   title = {From the cover: {Continuous} attraction toward phonological competitors},
   volume = {102},
   year = {2005},
}

@article{Hanique2013Aalders,
   author = {Iris Hanique and Ellen Aalders and Mirjam Ernestus},
   doi = {10.1075/ml.8.3.01han},
   issn = {1871-1340},
   number = {3},
   journal = {The Mental Lexicon},
   keywords = {acoustic reduction,exemplar effects,pronunciation variation,speech comprehension},
   month = {12},
   pages = {269-294},
   title = {How robust are exemplar effects in word comprehension?},
   volume = {8},
   year = {2013},
}

@phdthesis{Brewer2008,
   author = {Jordan B. Brewer},
   school = {University of Arizona},
   title = {Phonetic reflexes of orthographic characteristics in lexical representation},
   url = {https://repository.arizona.edu/handle/10150/195213},
   year = {2008},
}


























