@book{langsci-current-book, editor = {Berthold Crysmann and Manfred Sailer}, title = {{One-to-many relations in morphology, syntax, and semantics}}, year = {2021}, series = {Empirically Oriented Theoretical Morphology and Syntax}, number = {7}, location = {Berlin}, publisher = {Language Science Press}, options = {dataonly=true} } 
