@ARTICLE{abeille2019corpus,
  AUTHOR = {Abeill{é}, Anne and Cl{é}ment, Lionel and Li{é}geois, Lo{ı̈}c},
  DATE = {2019},
  JOURNALTITLE = {TAL},
  PAGES = {19--43},
  TITLE = {Un corpus annot{é} pour le fran{ç}ais: le {French Treebank}},
  VOLUME = {60(2)},
}

@INCOLLECTION{AckermanBlevinsMalouf2009,
  AUTHOR = {Ackerman, Farrell and Blevins, James P. and Malouf, Robert},
  EDITOR = {Blevins, James P. and Blevins, Juliette},
  LOCATION = {Oxford},
  PUBLISHER = {Oxford University Press},
  BOOKTITLE = {{Analogy} in Grammar},
  DATE = {2009},
  PAGES = {54--82},
  TITLE = {{Parts} and wholes: {Implicative} patterns in inflectional paradigms},
}

@INPROCEEDINGS{AckermanMalouf2015,
  AUTHOR = {Ackerman, Farrell and Malouf, Robert},
  BOOKTITLE = {Proceedings of the {Annual Meeting of the Berkeley Linguistics Society}},
  DATE = {2015},
  DOI = {10.20354/B4414110014},
  TITLE = {The {No} {Blur} Principle Effects as an Emergent Property of Language Systems},
  VOLUME = {41},
}

@INCOLLECTION{Ackerman04,
  AUTHOR = {Ackerman, Farrell and Stump, Gregory T.},
  EDITOR = {Sadler, Louisa and Spencer, Andrew},
  LOCATION = {Stanford},
  PUBLISHER = {CSLI Publications},
  BOOKTITLE = {Projecting Morphology},
  DATE = {2004},
  PAGES = {111--157},
  TITLE = {Paradigms and Periphrastic Expression},
}

@BOOK{Ackerman98,
  AUTHOR = {Ackerman, Farrell and Webelhuth, Gert},
  LOCATION = {Stanford},
  PUBLISHER = {CSLI Publications},
  DATE = {1998},
  TITLE = {A Theory of Predicates},
}

@ARTICLE{AnderBois:al:15,
  AUTHOR = {AnderBois, Scott and Brasoveanu, Adrian and Henderson, Robert},
  DATE = {2015},
  DOI = {10.1093/jos/fft014},
  EPRINT = {/oup/backfile/Content_public/Journal/jos/32/1/10.1093/jos/fft014/3/fft014.pdf},
  JOURNALTITLE = {Journal of Semantics},
  NUMBER = {1},
  PAGES = {93--138},
  TITLE = {At-issue Proposals and Appositive Impositions in Discourse},
  VOLUME = {32},
}

@BOOK{Anderson92,
  AUTHOR = {Anderson, Stephen R.},
  LOCATION = {Cambridge},
  PUBLISHER = {Cambridge University Press},
  DATE = {1992},
  TITLE = {A-Morphous Morphology},
}

@BOOK{Aronoff1994,
  IDS ={Aronoff94},
  AUTHOR = {Aronoff, Mark},
  LOCATION = {Cambridge},
  PUBLISHER = {MIT Press},
  DATE = {1994},
  TITLE = {{Morphology} by itself},
}

@BOOK{bescherelle,
  EDITOR = {Arrivé, Michel},
  LOCATION = {Paris},
  PUBLISHER = {Hatier},
  DATE = {2012},
  EDITION = {Nouvelle édition},
  TITLE = {{Bescherelle}: la conjugaison pour tous},
}

@MISC{BaayenPiepenbrockGulikers1995,
  AUTHOR = {Baayen, R. Harald and Piepenbrock, R. and Gulikers, L.},
  LOCATION = {Philadelphia},
  ORGANIZATION = {{Linguistic} {Data} {Consortium}},
  DATE = {1995},
  TITLE = {{CELEX2} {LDC96L14}},
}

@ARTICLE{baayen2008mixed,
  AUTHOR = {Baayen, R. Harald and Davidson, Douglas J. and Bates, Douglas M.},
  PUBLISHER = {Elsevier},
  DATE = {2008},
  JOURNALTITLE = {Journal of Memory and Language},
  NUMBER = {4},
  PAGES = {390--412},
  TITLE = {Mixed-effects modeling with crossed random effects for subjects and items},
  VOLUME = {59},
}

@ARTICLE{Bach:99,
  AUTHOR = {Bach, Kent},
  DATE = {1999},
  JOURNALTITLE = {Linguistics and Philosophy},
  PAGES = {327--366},
  TITLE = {The Myth of Conventional Implicature},
  VOLUME = {22},
}

@MISC{Bank2016,
  AUTHOR = {Bank, Sebastian},
  URL = {https://pypi.org/project/concepts/},
  DATE = {2016},
  URLDATE = {2021-02-23},
  TITLE = {{Concepts}: {Formal} Concept Analysis with {Python}},
}


@INCOLLECTION{bargmannsailerta,
  AUTHOR = {Bargmann, Sascha and Sailer, Manfred},
  LOCATION = {Berlin},
  PUBLISHER = {Language Science Press},
  BOOKTITLE = {Multiword Expressions: {I}nsights from a Multi-lingual Perspective},
  EDITOR = {Manfred Sailer and  Stella Markantonatou},
  DOI = {10.5281/zenodo.1182583},
  SERIES = {Phraseology and Multiword Expressions},
  DATE = {2018},
  PAGES = {1--29},
  TITLE = {The syntactic flexibility of semantically non-decomposable idioms},
}

@INCOLLECTION{barker05,
  AUTHOR = {Barker, Chris},
  EDITOR = {Kim, {Ji-yung} and Lander, Yuri and Partee, Barbara H.},
  LOCATION = {UMass, Amherst},
  PUBLISHER = {GLSA},
  BOOKTITLE = {Possessives and Beyond: {S}emantics and Syntax},
  DATE = {2005},
  PAGES = {89--113},
  TITLE = {Possessive weak definites},
}

@ARTICLE{Barker:07,
  AUTHOR = {Barker, Chris},
  DATE = {2007},
  JOURNALTITLE = {Linguistics and Philosophy},
  NUMBER = {4},
  PAGES = {407--444},
  TITLE = {Parasitic Scope},
  VOLUME = {30},
}

@ARTICLE{barr2013,
  AUTHOR = {Barr, Dale J and Levy, Roger and Scheepers, Christoph and Tily, Harry J},
  PUBLISHER = {Elsevier},
  DATE = {2013},
  JOURNALTITLE = {Journal of Memory and Language},
  NUMBER = {3},
  PAGES = {255--278},
  TITLE = {Random effects structure for confirmatory hypothesis testing: {Keep} it maximal},
  VOLUME = {68},
}

@ARTICLE{Bates2015,
  AUTHOR = {Bates, Douglas and Kliegl, Reinhold and Vasishth, Shravan and Baayen, R. Harald},
  DATE = {2015},
  JOURNALTITLE = {arXiv preprint arXiv:1506.04967},
  TITLE = {Parsimonious mixed models},
}

@ARTICLE{bates2015lme4,
  AUTHOR = {Bates, Douglas and Mächler, Martin and Bolker, Ben and Walker, Steve},
  DATE = {2015},
  DOI = {10.18637/jss.v067.i01},
  JOURNALTITLE = {Journal of Statistical Software},
  NUMBER = {1},
  PAGES = {1--48},
  TITLE = {Fitting Linear Mixed-Effects Models Using {lme4}},
  VOLUME = {67},
}

@ARTICLE{baudiffier2011effect,
  AUTHOR = {Baudiffier, Vanessa and Caplan, David and Gaonac'h, Daniel and Chesnet, David},
  DATE = {2011},
  JOURNALTITLE = {Quarterly Journal of Experimental Psychology},
  NUMBER = {10},
  PAGES = {1896--1905},
  TITLE = {The effect of noun animacy on the processing of unambiguous sentences: {Evidence from French} relative clauses},
  VOLUME = {64},
}

@ARTICLE{Beck:06,
  AUTHOR = {Beck, Sigrid},
  DATE = {2006},
  JOURNALTITLE = {Natural Language Semantics},
  PAGES = {1--56},
  TITLE = {Intervention Effects Follow from Focus Interpretation},
  VOLUME = {14},
}

@ARTICLE{Behaghel,
  AUTHOR = {Behaghel, Otto},
  DATE = {1909},
  JOURNALTITLE = {Indogermanische Forschungen},
  PAGES = {110--142},
  TITLE = {Beziehungen zwischen {Umfang und Reihenfolge von Satzgliedern}.},
  VOLUME = {25},
}

@ARTICLE{Belk88,
  AUTHOR = {Belk, Russell W.},
  DATE = {1988-09},
  JOURNALTITLE = {The Journal of Consumer Research},
  NUMBER = {2},
  PAGES = {139--68},
  TITLE = {Possessions and the Extended Self},
  VOLUME = {15},
}

@UNPUBLISHED{Belohlavek2009,
  AUTHOR = {Bělohlávek, Radim},
  LOCATION = {Olomouc},
  ORGANIZATION = {Department of computer science; faculty of science; palacký university},
  URL = {https://phoenix.inf.upol.cz/esf/ucebni/formal.pdf},
    URLDATE = {2021-02-23},
  DATE = {2009},
  TITLE = {{Introduction} to formal concept analysis},
}

@INPROCEEDINGS{Beniamine2017,
  AUTHOR = {Beniamine, Sacha},
  BOOKTITLE = {Actes de {TALN} 2017},
  DATE = {2017},
  PAGES = {77--85},
  TITLE = {{Un} algorithme universel pour l'abstraction automatique d'alternances morphophonologiques},
}

@Phdthesis{BeniaminePhd,
  AUTHOR = {Beniamine, Sacha},
  INSTITUTION = {Université Sorbonne Paris Cité - Paris Diderot},
  DATE = {2018},
  TITLE = {{Classifications} flexionnelles: Étude quantitative des structures de paradigmes},
}


@ARTICLE{BeniamineBonamiSagot2017,
  AUTHOR = {Beniamine, Sacha and Bonami, Olivier and Sagot, Beno{ı̂}t},
  DATE = {2017},
  DOI = {10.15398/jlm.v5i3.184},
  JOURNALTITLE = {Journal of Language Modelling},
  NUMBER = {3},
  TITLE = {{Inferring} Inflection Class\-es with Description Length},
  VOLUME = {5},
}

@MISC{BeniamineBrown2019,
  AUTHOR = {Beniamine, Sacha and Brown, Dunstan},
  URL = {https://gitlab.com/sbeniamine/russiannounlexicon},
  URLDATE = {2021-02-23},
  DATE = {2019},
  DOI = {10.5281/zenodo.3428591},
  HOWPUBLISHED = {Online repository},
  TITLE = {Inflected lexicon of {R}ussian Nouns in {IPA} notation},
}

@INCOLLECTION{denbesten:86,
  AUTHOR = {den Besten, Hans},
  EDITOR = {Muysken, Pieter and Smith, Norval},
  LOCATION = {Amsterdam},
  PUBLISHER = {John Benjamins},
  BOOKTITLE = {Substrata versus Universals in Creole Languages: {P}apers from the {A}msterdam {C}reole {W}orkshop},
  DATE = {1986},
  PAGES = {185--230},
  TITLE = {Double negation and the genesis of {Afrikaans}},
}

@INCOLLECTION{Blevins2004,
  AUTHOR = {Blevins, James P.},
  EDITOR = {Gunkel, L. and Müller, G. and Zifonun, G.},
  LOCATION = {Berlin, Boston},
  PUBLISHER = {De Gruyter},
  BOOKTITLE = {{Explorations} in Nominal Inflection},
  DATE = {2004},
  DOI = {10.1515/9783110197501.51},
  PAGES = {41--85},
  TITLE = {{Inflection} classes and economy},
}

@ARTICLE{Blevins2006,
  IDS = {Blevins06},
  AUTHOR = {Blevins, James P.},
  DATE = {2006-11},
  DOI = {10.1017/S0022226706004191},
  ISSN = {1469-7742},
  NUMBER = {3},
  JOURNALTITLE = {Journal of Linguistics},
  PAGES = {531--573},
  TITLE = {{Word-based} morphology},
  VOLUME = {42},
}

@BOOK{Blevins14, 
  AUTHOR = {Blevins, James P.},
  LOCATION = {Oxford},
  PUBLISHER = {Oxford University Press},
  DATE = {2016},
  TITLE = {Word and Paradigm Morphology},
}

@UNPUBLISHED{Bonamihdr,
  AUTHOR = {Bonami, Olivier},
  INSTITUTION = {U. Paris Diderot},
  DATE = {2014},
  NOTE = {Mémoire d'ha\-bi\-li\-ta\-tion U. Paris Diderot},
  TITLE = {{La} structure fine des paradigmes de flexion},
  TYPE = {Habilitation {à} diriger des recherches},
  VOLUME = {Habilitation {à} diriger des recherches},
}

@ARTICLE{Bonami14d,
  AUTHOR = {Bonami, Olivier},
  DATE = {2015},
  JOURNALTITLE = {Morphology},
  KEYWORDS = {self},
  PAGES = {63--110},
  TITLE = {Periphrasis as collocation},
  VOLUME = {25},
}

@ARTICLE{BonamiBeniamine2016,
  AUTHOR = {Bonami, Olivier and Beniamine, Sacha},
  DATE = {2016},
  DOI = {10.3366/word.2016.0092},
  JOURNALTITLE = {Word Structure},
  NUMBER = {2},
  PAGES = {156--182},
  TITLE = {{Joint} predictiveness in inflectional paradigms},
  VOLUME = {9},
}

@INPROCEEDINGS{Bonami16b,
  AUTHOR = {Bonami, Olivier and Borsley, Robert D. and Tallerman, Maggie},
  EDITOR = {Arnold, Doug and Butt, Miriam and Crysmann, Berthold and King, Tracy Holloway and Müller, Stefan},
  BOOKTITLE = {Proceedings of the Joint 2016 Conference on {Head}-driven {Phrase} {Structure} {Grammar} and {Lexical} {Functional} {Grammar}},
  DATE = {2016},
  PAGES = {104--124},
  TITLE = {On Pseudo-Non-Finite Clauses in {Welsh}},
}

@INPROCEEDINGS{Bonami06,
  AUTHOR = {Bonami, Olivier and Boy{é}, Gilles},
  LOCATION = {Stanford},
  PUBLISHER = {CSLI Publications},
  EDITOR = {Stefan Müller},
  BOOKTITLE = {{Proceedings of the 13th International Conference on HPSG}},
  DATE = {2006},
  KEYWORDS = {self,nocite},
  PAGES = {39--59},
  TITLE = {Deriving inflectional irregularity},
}

@INPROCEEDINGS{BonamiCaronPlancq2014,
  AUTHOR = {Bonami, Olivier and Caron, Gauthier and Plancq, Cl{é}ment},
  EDITOR = {Neveu, Franck and Blumenthal, Peter and Hriba, Linda and Gerstenberg, Annette and Meinschaefer, Judith and Pr{é}vost, Sophie},
  BOOKTITLE = {{Actes} du quatri{è}me Congr{è}s Mondial de Linguistique Fran{ç}aise},
  DATE = {2014},
  PAGES = {2583--2596},
  TITLE = {{Construction} d'un lexique flexionnel phon{é}tis{é} libre du fran{ç}ais},
}

@INPROCEEDINGS{bonami-crysmann:2013,
  AUTHOR = {Bonami, Olivier and Crysmann, Berthold},
  EDITOR = {Stefan Müller},
  BOOKTITLE = {Proceedings of the {20th International Conference on Head-Driven Phrase Structure Grammar, Freie Universität Berlin}},
  LOCATION = {Stanford},
  PUBLISHER = {CSLI Publications}, 
DATE = {2013},
  PAGES = {27--47},
  TITLE = {Morphotactics in an In\-for\-ma\-tion-Based Model of Realisational Morphology},
}

@INCOLLECTION{Bonami15b,
  AUTHOR = {Bonami, Olivier and Crysmann, Berthold},
  EDITOR = {Hippisley, Andrew and Stump, Gregory T.},
  LOCATION = {Cambridge},
  PUBLISHER = {Cambridge University Press},
  BOOKTITLE = {Cambridge Handbook of Morphology},
  DATE = {2016},
  KEYWORDS = {self,nocite},
  PAGES = {609--656},
  TITLE = {The role of morphology in constraint-based lexicalist grammars},
}

@INCOLLECTION{Bonami17b,
  AUTHOR = {Bonami, Olivier and Crysmann, Berthold},
  EDITOR = {Bonami, Olivier and Boy{é}, Gilles and Dal, Georgette and Giraudo, H{é}l{è}ne and Namer, Fiammetta},
  LOCATION = {Berlin},
  PUBLISHER = {Language Science Press},
  SERIES = {Empirically Oriented Theoretical Morphology and Syntax},
  DOI = {10.5281/zenodo.1402520},
  BOOKTITLE = {The Lexeme in Descriptive and Theoretical Morphology},
  DATE = {2018},
  PAGES = {175--202},
  TITLE = {Lexeme and flexeme in a formal theory of grammar},
}

@INBOOK{Bonami,
  AUTHOR = {Bonami, Olivier and Godard, Danièle},
  EDITOR = {Marandin, Jean-Marie},
  LOCATION = {Paris},
  ORGANIZATION = {Verdier},
  PUBLISHER = {Verdier},
  BOOKTITLE = {Cahier Jean-Claude Milner},
  DATE = {2001},
  PAGES = {117--174},
  TITLE = {Inversion du sujet, constituance et ordre des mots},
}

@ARTICLE{Bonami:Godard:07,
  AUTHOR = {Bonami, Olivier and Godard, Danièle},
  DATE = {2007},
  DOI = {10.1007/s11168-007-9037-z},
  JOURNALTITLE = {Journal of Research on Language and Computation},
  NOTE = {Special Issue on Semantic Compositionality},
  NUMBER = {4},
  PAGES = {391--413},
  TITLE = {Parentheticals in Underspecified Semantics: {T}he Case of Evaluative Adverbs},
  VOLUME = {5},
}

@INCOLLECTION{BonamiLuis2014,
  AUTHOR = {Bonami, Olivier and Lu{ı́}s, Ana R.},
  EDITOR = {L{é}onard, Jean-L{é}onard},
  LOCATION = {Leuven},
  PUBLISHER = {Peeters},
  BOOKTITLE = {{Morphologie} flexionnelle et dialectologie romane. {Typologie(s)} et mod{é}lisation(s).},
  DATE = {2014},
  NUMBER = {22},
  PAGES = {111--151},
  SERIES = {M{é}moires de la Soci{é}t{é} de Linguistique de Paris},
  TITLE = {{Sur} la morphologie implicative dans la conjugaison du portugais: une {é}tude quantitative},
}

@ARTICLE{Bonami15,
  AUTHOR = {Bonami, Olivier and Samvelian, Pollet},
  DATE = {2015},
  JOURNALTITLE = {Journal of Linguistics},
  KEYWORDS = {self},
  NUMBER = {2},
  PAGES = {327--382},
  TITLE = {The diversity of Inflectional Periphrasis in {Persian}},
  VOLUME = {51},
}

@INCOLLECTION{Bonami13,
  AUTHOR = {Bonami, Olivier and Webelhuth, Gert},
  EDITOR = {Chumakina, Marina and Corbett, Greville G.},
  LOCATION = {Oxford},
  PUBLISHER = {Oxford University Press},
  BOOKTITLE = {Periphrasis: {The} role of syntax and morphology in paradigms},
  DATE = {2013},
  KEYWORDS = {self},
  PAGES = {141--167},
  TITLE = {The phrase-structural diversity of periphrasis: {A} lexicalist account},
}


@INPROCEEDINGS{Bos:96,
  AUTHOR = {Bos, Johan},
  EDITOR = {Dekker, Paul and Stokhof, Martin},
  PUBLISHER = {ILLC/Department of Philosophy, University of Amsterdam},
  BOOKTITLE = {Proceedings of the 10th {A}msterdam {C}olloquium},
  DATE = {1996},
  PAGES = {133--143},
  TITLE = {Predicate Logic Unplugged},
}

@ARTICLE{BoumaSag2001,
  AUTHOR = {Bouma, Gosse and Malouf, Robert and Sag, Ivan A.},
  DATE = {2001},
  JOURNALTITLE = {Natural Language \& Linguistic Theory},
  NUMBER = {1},
  PAGES = {1--65},
  TITLE = {Satisfying Constraints on Extraction and Adjunction},
  VOLUME = {19},
}

@INPROCEEDINGS{branigan1999conceptual,
  AUTHOR = {Branigan, Holly P. and Feleki, Eleonora},
  PUBLISHER = {Mahwah, NJ: Lawrence Erlbaum Associates},
  BOOKTITLE = {Proceedings of the 21st {Conference of the Cognitive Science Society}},
  DATE = {1999},
  PAGES = {96--101},
  TITLE = {Conceptual accessibility and serial order in {G}reek language production},
}

@PROCEEDINGS{bresnan_j82,
  EDITOR = {Bresnan, Joan},
  LOCATION = {Cambridge, Massachusetts},
  PUBLISHER = {The MIT Press},
  DATE = {1982},
  TITLE = {The Mental Representation of Grammatical Relations},
}

@INCOLLECTION{bresnan07,
  AUTHOR = {Bresnan, Joan and Cueni, Anna and Nikitina, Tatiana and Baayen, R. Harald},
  EDITOR = {Bouma, Gerlof and Kramer, Irene and Zwarts, Joost},
  PUBLISHER = {Amsterdam: Royal Netherlands Academy of Arts and Science},
  BOOKTITLE = {Cognitive Foundations of Interpretation},
  DATE = {2007},
  KEYWORDS = {corpus-linguistics,syntactic-priming,syntactic-variation,theres},
  PAGES = {69--94},
  TITLE = {Predicting the dative alternation},
}

@BOOK{BrownHippisley2012,
  IDS = {Brown11},
  AUTHOR = {Brown, Dunstan and Hippisley, Andrew},
  PUBLISHER = {Cambridge University Press},
  DATE = {2012},
  DOI = {10.1017/CBO9780511794346},
  ISBN = {9781107005747},
  SERIES = {Cambridge Studies in Linguistics},
  TITLE = {{Network} {Morphology}: {A} Defaults-based Theory of Word Structure},
}

@Phdthesis{Brown1998,
  AUTHOR = {Brown, Dunstan},
  INSTITUTION = {University of Surrey},
  DATE = {1998},
  TITLE = {{From} the general to the exceptional},
}

@ARTICLE{Brown2007,
  AUTHOR = {Brown, Dunstan},
  DATE = {2007},
  DOI = {10.1007/S11185-006-0715-5},
  JOURNALTITLE = {Russian Linguistics},
  NUMBER = {1},
  PAGES = {61--76},
  TITLE = {{Peripheral} Functions and Overdifferentiation: {The} {Russian} Second Locative.},
  VOLUME = {31},
}

@ARTICLE{Brown12c,
  AUTHOR = {Brown, Dunstan and Chumakina, Marina and Corbett, Greville G. and Popova, Gergana and Spencer, Andrew},
  DATE = {2012},
  JOURNALTITLE = {Morphology},
  PAGES = {233--275},
  TITLE = {Defining `periphrasis': {{Key}} notions},
  VOLUME = {22},
}


@INCOLLECTION{Browning&Karimi,
  AUTHOR = {Browning, Marguerite and Karimi, Ezat},
  EDITOR = {Corver, Norbert and van Riemsdijk, Henk},
  LOCATION = {Berlin},
  PUBLISHER = {Mouton de Gruyter},
  BOOKTITLE = {Studies on scrambling: {M}ovement and non-movement approaches to free word-order phenomena},
  DATE = {1994},
  JOURNALTITLE = {Studies in scrambling},
  PAGES = {61--100},
  TITLE = {Scrambling to object position in {P}ersian},
}

@ARTICLE{Bruening:06,
  AUTHOR = {Bruening, Benjamin},
  DATE = {2006},
  JOURNALTITLE = {Linguistic Inquiry},
  NUMBER = {1},
  PAGES = {25--49},
  TITLE = {Differences between the \emph{wh}-Scope-Marking and \emph{wh}-Copy Constructions in {P}assamaquoddy},
  VOLUME = {37},
}

@ARTICLE{buridant1999ordre,
  AUTHOR = {Buridant, Claude},
  PUBLISHER = {D{é}partement de Sciences du langage, Universit{é} Paris Ouest},
  DATE = {1999},
  JOURNALTITLE = {Linx. Revue des linguistes de l’universit{é} Paris X Nanterre},
  NUMBER = {11},
  PAGES = {167--188},
  TITLE = {L'ordre Verbe-sujet en ancien fran{ç}ais et son {é}volution vers le fran{ç}ais moderne. {Esquisse} de comparaison avec les langues romanes},
}

@INCOLLECTION{Burnett:al:15,
  AUTHOR = {Burnett, Heather and Tremblay, Mireille and Blondeau, Hélène},
  EDITOR = {Fischer, Sabriya},
  URL = {http://repository.upenn.edu/pwpl/vol21/iss2/3/},
  BOOKTITLE = {Selected Papers from {NWAV} 43},
  DATE = {2015},
  NUMBER = {2},
  SERIES = {Penn Working Papers in Linguistics},
  TITLE = {The Variable Grammar of {M}ontréal {F}rench Negative Concord},
  VOLUME = {21},
}

@INCOLLECTION{caballero_g-harris_a12,
  AUTHOR = {Caballero, Gabriela and Harris, Alice C.},
  EDITOR = {Kiefer, Ferenc and Ladányi, Mária and Siptár, Péter},
  PUBLISHER = {John Benjamins},
  BOOKTITLE = {Current Issues in Morphological Theory. ({I}r)regularity, analogy and frequency},
  DATE = {2012},
  PAGES = {163--188},
  TITLE = {A working typology of multiple exponence},
}

@ARTICLE{Campbell2011,
  AUTHOR = {Campbell, Eric},
  DATE = {2011},
  JOURNALTITLE = {International Journal of American Linguistics},
  PAGES = {219--246},
  TITLE = {{Zenzontepec} {Chatino} Aspect Morphology and {Zapotecan} Verb Classes},
  VOLUME = {77},
}

@INCOLLECTION{Campbell2016,
  AUTHOR = {Campbell, Eric},
  EDITOR = {Palancar, Enrique L. and L{é}onard, Jean-L{é}onard},
  LOCATION = {Berlin},
  PUBLISHER = {Mouton de Gruyter},
  BOOKTITLE = {{Tone} and inflection},
  DATE = {2016},
  PAGES = {141--162},
  TITLE = {{Tone} and inflection in {Zenzontepec} {Chatino}},
}

@BOOK{Carstairs1987,
  IDS =  {Carstairs87},
  AUTHOR = {Carstairs, Andrew},
  LOCATION = {London},
  PUBLISHER = {Croom Helm},
  DATE = {1987},
  TITLE = {{Allomorphy} in Inflection},
}

@INCOLLECTION{Carstairs-McCarthy1991,
  AUTHOR = {Carstairs-McCarthy, Andrew},
  EDITOR = {Plank, F.},
  PUBLISHER = {De Gruyter},
  BOOKTITLE = {{Paradigms}: {The} Economy of Inflection},
  DATE = {1991},
  DOI = {10.1515/9783110889109.213},
  ISBN = {9783110889109},
  PAGES = {213--253},
  SERIES = {Empirical Approaches to Language Typology [EALT]},
  TITLE = {{Inflection} classes: {Two} questions with one answer.},
}

@ARTICLE{Carstairs-McCarthy1994,
  AUTHOR = {Carstairs-McCarthy, Andrew},
  DATE = {1994},
  JOURNALTITLE = {Language},
  PAGES = {737--788},
  TITLE = {{Inflection} Classes, Gender, and the Principle of Contrast},
  VOLUME = {70},
}

@phdthesis{Chaves:07,
  AUTHOR = {Chaves, Rui P.},
  INSTITUTION = {University of Lisbon},
  URL = {http://www.acsu.buffalo.edu/~rchaves/diss_rpc.pdf},
  DATE = {2007},
  TITLE = {Coordinate Structures: {{C}}onstraint-Based Syntax-Semantics Processing},
  URLDATE = {2020-02-01},
}

@ARTICLE{Chaves:12,
  AUTHOR = {Chaves, Rui P.},
  DATE = {2012},
  DOI = {10.1007/s11049-011-9164-y},
  JOURNALTITLE = {Natural Language \& Linguistic Theory},
  NUMBER = {2},
  PAGES = {465--512},
  TITLE = {On the Grammar of Extraction and Coordination},
  VOLUME = {30},
}

@BOOK{ChomskyHalle1968,
  AUTHOR = {Chomsky, Noam and Halle, Morris},
  PUBLISHER = {Harper and Row},
  DATE = {1968},
  TITLE = {The sound pattern of {English}},
}

@ARTICLE{Chung:al:95,
  AUTHOR = {Chung, Sandra and Ladusaw, William A. and McCloskey, James},
  DATE = {1995},
  JOURNALTITLE = {Natural Language Semantics},
  NUMBER = {3},
  PAGES = {239--282},
  TITLE = {Sluicing and {Logical Form}},
  VOLUME = {3},
}

@ARTICLE{collins1995indirect,
  AUTHOR = {Collins, Peter},
  DATE = {1995},
  JOURNALTITLE = {Linguistics},
  NUMBER = {1},
  PAGES = {35--50},
  TITLE = {The indirect object construction in {E}nglish:{A}n informational approach},
  VOLUME = {33},
}

@ARTICLE{Copestake:al:05,
  AUTHOR = {Copestake, Ann and Flickinger, Dan and Pollard, Carl and Sag, Ivan A.},
  DATE = {2005},
  JOURNALTITLE = {Journal of Research on Language and Computation},
  PAGES = {281--332},
  TITLE = {{Minimal Recursion Semantics}: {An} Introduction},
  VOLUME = {3},
}

@ARTICLE{Corbett1982,
  AUTHOR = {Corbett, Greville G.},
  DATE = {1982},
  ISSUE = {2},
  JOURNALTITLE = {Russian linguistics},
  PAGES = {197--232},
  TITLE = {{Gender} in {Russian}: {An} account of gender specification and its relationship to declension},
  VOLUME = {6},
}

@BOOK{Corbett:91,
  AUTHOR = {Corbett, Greville G.},
  LOCATION = {Cambridge},
  PUBLISHER = {Cambridge University Press},
  DATE = {1991},
  TITLE = {Gender},
}

@INCOLLECTION{Corbett2009,
  AUTHOR = {Corbett, Greville G.},
  EDITOR = {Montermini, Fabio and Boy{é}, Gilles and Tseng, Jesse L.},
  LOCATION = {Somerville},
  PUBLISHER = {Cascadilla Press},
  BOOKTITLE = {{Selected} Proceedings of the 6th {D{é}cembrettes}: {Morphology} in {Bordeaux}},
  DATE = {2009},
  PAGES = {1--11},
  TITLE = {{Canonical} inflection classes},
}

@ARTICLE{CorbettFraser1993,
  AUTHOR = {Corbett, Greville G. and Fraser, Norman M.},
  DATE = {1993-03},
  DOI = {10.1017/S0022226700000074},
  ISSN = {1469-7742},
  ISSUE = {01},
  JOURNALTITLE = {Journal of Linguistics},
  PAGES = {113--142},
  TITLE = {{Network} {Morphology}: a {DATR} account of {Russian} nominal inflection},
  VOLUME = {29},
}

@INCOLLECTION{Crysmann:14:OUP,
  AUTHOR = {Crysmann, Berthold},
  EDITOR = {Gisborne, Nikolas and Hippisley, Andrew},
  LOCATION = {Oxford},
  PUBLISHER = {Oxford University Press},
  BOOKTITLE = {Defaults in Morphological Theory},
  DATE = {2017},
  PAGES = {182--213},
  TITLE = {Inferential-realisational morphology without rule blocks: {An} in\-for\-ma\-tion-based approach},
}


@ARTICLE{Crysmann:Bonami:2016,
  IDS = {Crysmann14},
  AUTHOR = {Crysmann, Berthold and Bonami, Olivier},
  DATE = {2016},
  JOURNALTITLE = {Journal of Linguistics},
  DOI = {10.1017/S0022226715000018},
  NUMBER = {2},
  PAGES = {311--374},
  TITLE = {Variable morphotactics in {In\-for\-ma\-tion-based Morphology}},
  VOLUME = {52},
}

@INPROCEEDINGS{Crysmann:Bonami:2017:HPSG,
  AUTHOR = {Crysmann, Berthold and Bonami, Olivier},
  EDITOR = {Müller, Stefan},
  LOCATION = {Stanford},
  PUBLISHER = {CSLI Publications},
  BOOKTITLE = {Proceedings of the {24th International Conference on Head-Driven Phrase Structure Grammar, Lexington, KY}},
  DATE = {2017},
  PAGES = {141--161},
  TITLE = {Atomistic and holistic exponence in {Information-based} {Morphology}},
}


@ARTICLE{cserep10,
  AUTHOR = {Cserép, Attila},
  DATE = {2010},
  JOURNALTITLE = {Argumentum},
  PAGES = {100--112},
  TITLE = {Premodification in idioms},
  VOLUME = {6},
}

@BOOK{Culicover:Jackendoff:05,
  AUTHOR = {Culicover, Peter W. and Jackendoff, Ray},
  PUBLISHER = {Oxford University Press},
  DATE = {2005},
  TITLE = {Simpler Syntax},
}

@ARTICLE{dabir1997compound,
  AUTHOR = {Dabir-Moghaddam, Mohammad},
  DATE = {1997},
  JOURNALTITLE = {Studies in the Linguistic Sciences},
  NUMBER = {2},
  PAGES = {25--59},
  TITLE = {Compound verbs in {P}ersian},
  VOLUME = {27},
}

@UNPUBLISHED{Dalrymple15,
  AUTHOR = {Dalrymple, Mary},
  URL = {http://users.ox.ac.uk/~cpgl0015/periphrasis.pdf},
  DATE = {2015},
  NOTE = {Paper read at the Workshop on Morphology, {LFG 15 Conference}, Tokyo},  URLDATE = {2021-02-23},
  TITLE = {Periphrasis and morphology in {LFG}},
}

@BOOK{Dell1973,
  AUTHOR = {Dell, François},
  LOCATION = {Paris},
  PUBLISHER = {Hermann},
  DATE = {1973},
  ISBN = {9782705657680},
  SERIES = {Collection Savoir},
  TITLE = {{Les} r{è}gles et les sons: {Introduction} à la phonologie générative},
}

@ARTICLE{deprez1990two,
  AUTHOR = {D{é}prez, Viviane},
  DATE = {1990},
  JOURNALTITLE = {MIT working papers in linguistics},
  PAGES = {47--85},
  TITLE = {Two ways of moving the verb in {French}},
  VOLUME = {13},
}

@BOOK{di2016,
  AUTHOR = {Di Cristo, Albert},
  PUBLISHER = {Berlin: Walter de Gruyter},
  DATE = {2016},
  TITLE = {Les musiques du fran{ç}ais parl{é}: {Essais} sur l’accentuation, la m{é}trique, le rythme, le phras{é} prosodique et l’intonation du fran{ç}ais contemporain},
  VOLUME = {1},
}

@INPROCEEDINGS{Doetjes:05,
  AUTHOR = {Doetjes, Jenny},
  EDITOR = {Maier, Emar and Bary, Corien and Huitink, Janneke},
  URL = {https://semanticsarchive.net/Archive/zY3ZDk2N/sub9proc.pdf},
  BOOKTITLE = {Proceedings of {S}inn und {B}edeutung 9},
  DATE = {2005},
  PAGES = {72--86},
  TITLE = {The Chameleontic Nature of {F}rench \emph{ni}: {N}egative coordination in a negative concord language},
  URLDATE = {2019-05-19},
}

@ARTICLE{DresslerKilani-SchochGagarinaPestalPoechtrager2008,
  AUTHOR = {Dressler, Wolfgang U. and Kilani-Schoch, Marianne and Gagarina, Natalia and Pestal, Lina and Pöchtrager, Markus},
  PUBLISHER = {De Gruyter},
  DATE = {2008},
  DOI = {10.1515/flin.40.1-2.51},
  ISSUE = {Special Issue: Natural Morphology.},
  JOURNALTITLE = {Folia Linguistica},
  NUMBER = {1-2},
  PAGES = {51--74},
  TITLE = {{On} the Typology of Inflection Class Systems},
  VOLUME = {40},
}

@ARTICLE{DresslerThornton1996,
  AUTHOR = {Dressler, Wolfgang U. and Thornton, Anna M.},
  DATE = {1996},
  JOURNALTITLE = {Wiener Linguistische Gazette},
  PAGES = {1--26},
  TITLE = {{Italian} Nominal Inflection},
  VOLUME = {55-57},
}

@MISC{ibex,
  IDS = {drummond2013ibex},
  AUTHOR = {Drummond, Alex},
  URL = {https://spellout.net/ibexfarm/},
  URLDATE = {2021-02-23},
  DATE = {2013},
  NOTE = {Version 0.3},
  TITLE = {Ibex Farm (Free hosting for {Internet-based experiments})},
}


@ARTICLE{Egg:10,
  AUTHOR = {Egg, Markus},
  DATE = {2010},
  DOI = {10.1111/j.1749-818X.2010.00188.x},
  JOURNALTITLE = {Language and Linguistics Compass},
  NUMBER = {3},
  PAGES = {166--181},
  TITLE = {Semantic Underspecification},
  VOLUME = {4},
}

@INCOLLECTION{Egg:11,
  AUTHOR = {Egg, Markus},
  EDITOR = {Maienborn, Claudia and von Heu\-sin\-ger, Klaus and Portner, Paul},
  LOCATION = {Berlin},
  PUBLISHER = {de Gruyter},
  BOOKTITLE = {Semantics: {An} International Handbook of Natural Language Meaning},
  DATE = {2011},
  PAGES = {533--572},
  TITLE = {Underspecification},
}

@INCOLLECTION{Embick07,
  AUTHOR = {Embick, David and Noyer, Rolf},
  EDITOR = {Ramchand, Gillian and Reiss, Charles},
  LOCATION = {Oxford},
  PUBLISHER = {Oxford University Press},
  BOOKTITLE = {The {O}xford handbook of linguistic interfaces},
  DATE = {2007},
  PAGES = {289--324},
  TITLE = {Distributed {M}orphology and the Syntax-Mor\-phol\-ogy interface},
}

@ARTICLE{ernst81,
  AUTHOR = {Ernst, Thomas},
  DATE = {1981},
  JOURNALTITLE = {Journal of Linguistic Research},
  NUMBER = {3},
  PAGES = {51--68},
  TITLE = {Grist for the linguistic mill: {I}dioms and `extra' adjectives},
  VOLUME = {1},
}

@ARTICLE{Evans:77,
  AUTHOR = {Evans, Gareth},
  DATE = {1977},
  JOURNALTITLE = {Canadian Journal of Philosophy},
  NUMBER = {3},
  PAGES = {467--536},
  TITLE = {Pronouns, Quantifiers, and Relative Clauses ({I})},
  VOLUME = {7},
}

@ARTICLE{Evans:80,
  AUTHOR = {Evans, Gareth},
  DATE = {1980},
  JOURNALTITLE = {Linguistic Inquiry},
  NUMBER = {2},
  PAGES = {337--362},
  TITLE = {Pronouns},
  VOLUME = {11},
}

@Phdthesis{FaghiriPhd,
  AUTHOR = {Faghiri, Pegah},
  INSTITUTION = {Université Sorbonne Nouvelle},
  DATE = {2016},
  TITLE = {La variation de l'ordre des constituants dans le domaine préverbal en persan : approche empirique},
}

@INCOLLECTION{FagSam2014,
  AUTHOR = {Faghiri, Pegah and Samvelian, Pollet},
  EDITOR = {Piñon, Christopher},
  LANGUAGE = {english},
  PUBLISHER = {CNRS},
  BOOKTITLE = {Empirical Issues in Syntax and Semantics 10 ({EISS} 10)},
  DATE = {2014},
  PAGES = {215--232},
  TITLE = {Constituent Ordering in {P}ersian and the Weight Factor},
}


@INPROCEEDINGS{FagSamHem2014,
  AUTHOR = {Faghiri, Pegah and Samvelian, Pollet and Hemforth, Barbara},
  EDITOR = {Müller, Stefan},
  PUBLISHER = {Stanford: CSLI Publications},
  BOOKTITLE = {Proceedings of {HPSG} 2014},
  DATE = {2014},
  PAGES = {217--237},
  TITLE = {Accessibility and Word Order: {T}he Case of Ditransitive Constructions in {P}ersian},
}

@INCOLLECTION{FagSamHem2018,
  AUTHOR = {Faghiri, Pegah and Samvelian, Pollet and Hemforth, Barbara},
  EDITOR = {Korn, Agnes and Malchukov, Andrej},
  PUBLISHER = {Wiesbaden: Reichert Verlag},
  BOOKTITLE = {Ditransitive constructions in a cross-linguistic perspective},
  DATE = {2018},
  PAGES = {165--185},
  TITLE = {Is there a canonical order in {P}ersian ditransitive constructions? {C}orpus-based and experimental studies},
}

@MISC{FeistPalancar2015,
  AUTHOR = {Feist, Timothy and Palancar, Enrique L.},
  DATE = {2015},
  DOI = {10.15126/SMG.28/1},
  HOWPUBLISHED = {University of Surrey},
  TITLE = {{Oto-Manguean} Inflectional Class Data\-base},
}

@Phdthesis{Flickinger1987,
  AUTHOR = {Flickinger, Dan},
  INSTITUTION = {Stanford University},
  DATE = {1987},
  TITLE = {{Lexical} rules in the hierarchical lexicon},
}

@ARTICLE{Fox:95,
  AUTHOR = {Fox, Danny},
  DATE = {1995},
  DOI = {10.1007/BF01248820},
  JOURNALTITLE = {Natural Language Semantics},
  NUMBER = {3},
  PAGES = {283--341},
  TITLE = {Economy and Scope},
  VOLUME = {3},
}

@ARTICLE{Fox:Lasnik:03,
  AUTHOR = {Fox, Danny and Lasnik, Howard},
  DATE = {2003},
  JOURNALTITLE = {Linguistic Inquiry},
  NUMBER = {1},
  PAGES = {143--154},
  TITLE = {Successive-cyclic Movement and Island Repair: {T}he Difference between {S}luicing and {VP}-ellipsis},
  VOLUME = {34},
}

@ARTICLE{Frauenfelder1980,
  AUTHOR = {Frauenfelder, Ulrich and Segui, Juan and Mehler, Jacques},
  DATE = {1980},
  JOURNALTITLE = {Journal of Verbal Learning and Verbal Behavior},
  NUMBER = {3},
  PAGES = {328--337},
  TITLE = {Monitoring around the relative clause},
  VOLUME = {19},
}

@ARTICLE{Friedmann2009,
  AUTHOR = {Friedmann, Naama and Belletti, Adriana and Rizzi, Luigi},
  PUBLISHER = {Elsevier},
  DATE = {2009},
  JOURNALTITLE = {Lingua},
  NUMBER = {1},
  PAGES = {67--88},
  TITLE = {Relativized relatives: {Types} of intervention in the acquisition of {A-bar} dependencies},
  VOLUME = {119},
}


@Phdthesis{Frisch1997,
  AUTHOR = {Frisch, Stefan},
  INSTITUTION = {Northwestern University},
  DATE = {1997},
  TITLE = {Similarity and frequency in phonology},
}

@INCOLLECTION{catherine1997,
  AUTHOR = {Fuchs, Catherine},
  EDITOR = {Fuchs, Catherine},
  PUBLISHER = {Louvain: Duculot},
  BOOKTITLE = {La place du sujet en fran{ç}ais contemporain},
  DATE = {1997},
  PAGES = {135--178},
  TITLE = {La place du sujet nominal dans les relatives},
}

@INCOLLECTION{Fuchs2006,
  AUTHOR = {Fuchs, Catherine},
  EDITOR = {Hrubaru, F. and Velicu, A.},
  PUBLISHER = {Editura Echinox},
  BOOKTITLE = {Enonciation et syntaxe},
  DATE = {2006},
  PAGES = {9--25},
  TITLE = {La place du sujet nominal en fran{ç}ais: {de} la syntaxe {à} l’{é}nonciation},
}

@INCOLLECTION{fuchs2006franccais,
  AUTHOR = {Fuchs, Catherine and Le Goffic, Pierre},
  EDITOR = {Bertrand, Olivier and Prévost, Sophie and Charolles, Michel and François, Jacques},
  PUBLISHER = {Peter Lang},
  BOOKTITLE = {Discours, diachronie, stylistique du fran{ç}ais},
  DATE = {2006},
  PAGES = {17--35},
  TITLE = {Le fran{ç}ais moderne, entre {V2 et SVO}?},
}

@INPROCEEDINGS{Gajic:16,
  AUTHOR = {Gajić, Jovana},
  LOCATION = {Somerville, MA},
  PUBLISHER = {Cascilla Proceedings Project},
  BOOKTITLE = {Proceedings of the {33rd West Coast Conference on Formal Linguistics}},
  DATE = {2016},
  PAGES = {128--136},
  TITLE = {N-words and the Wide Scope Illusion},
}

@BOOK{GanterWille1998,
  AUTHOR = {Ganter, Bernhard and Wille, Rudolf},
  PUBLISHER = {Springer},
  DATE = {1998-12},
  DOI = {10.1007/978-3-642-59830-2},
  HOWPUBLISHED = {Paperback},
  ISBN = {3540627715},
  TITLE = {{Formal} concept analysis: {Mathematical} foundations},
}

@ARTICLE{gehrkemcnally18,
  AUTHOR = {Gehrke, Berit and McNally, Louise},
  DATE = {2019},
  JOURNALTITLE = {Journal of Linguistics},
  NUMBER = {4},
  PAGES = {769--814},
  TITLE = {Idioms and the syntax/semantics interface of descriptive content vs.\ reference},
  VOLUME = {57},
}

@ARTICLE{geiszwicky71,
  AUTHOR = {Geis, Michael and Zwicky, Arnold M.},
  DATE = {1971},
  JOURNALTITLE = {Linguistic Inquiry},
  PAGES = {561--566},
  TITLE = {On invited inferences},
  VOLUME = {2},
}

@Phdthesis{ghomeshi1996phd,
  AUTHOR = {Ghomeshi, Jila},
  INSTITUTION = {University of Toronto},
  DATE = {1996},
  TITLE = {Projection and inflection: {A} study of {P}ersian phrase structure},
}

@INCOLLECTION{Giannakidou:05,
  AUTHOR = {Giannakidou, Anastasia},
  EDITOR = {Everaert, Martin and van Riemsdijk, Henk and Goedemans, Rob and Hollebrandse, Bart},
  LOCATION = {Oxford},
  PUBLISHER = {Blackwell Publishing},
  BOOKTITLE = {The Linguistics Companion},
  DATE = {2005},
  PAGES = {327--391},
  TITLE = {N-Words and Negative Concord},
  VOLUME = {3},
}

@INCOLLECTION{gibson2000,
  AUTHOR = {Gibson, Edward},
  EDITOR = {Marantz, Alec P. and Miyashita, Yasushi and O'Neil, Wayne},
  PUBLISHER = {Cambridge: MIT Press},
  BOOKTITLE = {Image, language, brain: {Papers} from the first mind articulation project symposium},
  DATE = {2000},
  PAGES = {95--126},
  TITLE = {The dependency locality theory: {A} distance-based theory of linguistic complexity},
}

@BOOK{GinzburgSag2000,
  IDS = {Ginzburg:Sag:00},
  AUTHOR = {Ginzburg, Jonathan and Sag, Ivan A.},
  LOCATION = {Stanford},
  PUBLISHER = {CSLI Publications},
  DATE = {2000},
  TITLE = {{Interrogative} Investigations. {The} Form, Meaning, and Use of {English} Interrogatives},
}

@BOOK{givi,
  AUTHOR = {Givi Ahmadi, Hassan and Anvari, Hassan},
  PUBLISHER = {Mo'assese farhangi Fātemi},
  DATE = {1995},
  TITLE = {Dastur zabāne fārsi [{P}ersian Grammar]},
}

@INCOLLECTION{Goldberg1996,
  AUTHOR = {Goldberg, Adele E.},
  LOCATION = {Berkeley},
  PUBLISHER = {Linguistic Society of America},
  BOOKTITLE = {Proceedings of the 22nd {A}nnual {M}eeting of {B}erkeley {L}inguistic {S}ociety},
  DATE = {1996},
  PAGES = {132--146},
  TITLE = {Words by Default: {O}ptimizing Constraints and the {{P}ersian} Complex Predicate},
}

@INCOLLECTION{Grice:75,
  AUTHOR = {Grice, Paul},
  EDITOR = {Cole, Peter and Morgan, Jerry L.},
  LOCATION = {New York},
  PUBLISHER = {Academic Press},
  BOOKTITLE = {Syntax and Semantics},
  DATE = {1975},
  PAGES = {41--58},
  TITLE = {Logic and Conversation},
  VOLUME = {3},
}

@ARTICLE{Groenendijk:Stokhof:91,
  AUTHOR = {Groenendijk, Jeroen and Stokhof, Martin},
  DATE = {1991},
  JOURNALTITLE = {Linguistics and Philosophy},
  NUMBER = {1},
  PAGES = {39--100},
  TITLE = {Dynamic Predicate Logic},
  VOLUME = {14},
}

@INCOLLECTION{Gutzmann2013,
  AUTHOR = {Gutzmann, Daniel},
  EDITOR = {Gutzmann, Daniel and Gärtner, Hans-Martin},
  LOCATION = {Leiden},
  PUBLISHER = {Brill},
  BOOKSUBTITLE = {Explorations in Use-Conditional Meaning},
  BOOKTITLE = {Beyond Expressives},
  DATE = {2013},
  DOI = {10.1163/9789004183988_002},
  NUMBER = {28},
  PAGES = {1--58},
  SERIES = {Current Research in the Semantics Pragmatics-Interface (CRiSPI)},
  SUBTITLE = {An introduction to varieties of use-conditional meaning},
  TITLE = {Expressives and Beyond},
}

@INCOLLECTION{Haegeman&Zanuttini:96,
  AUTHOR = {Haegeman, Liliane and Zanuttini, Raffaella},
  EDITOR = {Belletti, Adriana and Rizzi, Luigi},
  PUBLISHER = {Oxford University Press},
  BOOKTITLE = {Parameters and Functional Heads: {E}ssays in Comparative Syntax},
  DATE = {1996},
  PAGES = {117--179},
  TITLE = {Negative Concord in {West Flemish}},
}

@ARTICLE{Hall73,
  AUTHOR = {Hall, Robert A.},
  PUBLISHER = {The MIT Press},
  DATE = {1973},
  ISSN = {00243892, 15309150},
  JOURNALTITLE = {Linguistic Inquiry},
  NUMBER = {1},
  PAGES = {92--94},
  TITLE = {The Transferred Epithet in {P.\ G.\ Wodehouse}},
  VOLUME = {4},
}

@BOOK{HalleClements1983,
  AUTHOR = {Halle, Morris and Clements, George N.},
  LOCATION = {Cambridge},
  PUBLISHER = {MIT Press},
  DATE = {1983},
  ISBN = {9780262580595},
  SERIES = {Bradford Books},
  TITLE = {{Problem} book in phonology: {\uppercase{A}} workbook for introductory courses in linguistics and in modern phonology},
}

@INCOLLECTION{Halle93,
  AUTHOR = {Halle, Morris and Marantz, Alex},
  EDITOR = {Hale, Kenneth and Keyser, Samuel Jay},
  LOCATION = {Cambridge},
  PUBLISHER = {MIT Press},
  BOOKTITLE = {The view from {B}uilding 20},
  DATE = {1993},
  PAGES = {111--176},
  TITLE = {Distributed {M}orphology and the pieces of inflection},
}

@Phdthesis{Hana07,
  AUTHOR = {Hana, Jiři},
  INSTITUTION = {Ohio State University},
  DATE = {2007},
  TITLE = {Czech clitics in higher order grammar},
}

@ARTICLE{Harris09,
  IDS = {harris_a09},
  AUTHOR = {Harris, Alice C.},
  DATE = {2009},
  JOURNALTITLE = {Natural Language and Linguistic Theory},
  PAGES = {267--303},
  DOI = {10.1007/s11049-009-9070-8},
  TITLE = {Exuberant exponence in {Batsbi}},
  VOLUME = {27},
}

@BOOK{Harris17,
  AUTHOR = {Harris, Alice C.},
  LOCATION = {Oxford},
  PUBLISHER = {Oxford University Press},
  DATE = {2017},
  TITLE = {Multiple exponence},
}

@BOOK{hawkins94,
  AUTHOR = {Hawkins, John A.},
  PUBLISHER = {Cambridge: Cambridge University Press},
  DATE = {1994},
  ISBN = {9780521378673},
  TITLE = {A performance theory of order and constituency},
}

@ARTICLE{hawkins2001,
  AUTHOR = {Hawkins, John A.},
  PUBLISHER = {Cambridge: Cambridge University Press},
  DATE = {2001},
  JOURNALTITLE = {Journal of Linguistics},
  NUMBER = {1},
  PAGES = {1--34},
  TITLE = {Why Are Categories Adjacent?},
  VOLUME = {37},
}

@MISC{HayesFeatures,
  AUTHOR = {Hayes, Bruce},
  URL = {http://www.linguistics.ucla.edu/people/hayes/120a/index.htm},
    URLDATE = {2021-02-23},
  DATE = {2012},
  HOWPUBLISHED = {Distributed as part of course material for Linguistics 120A: Phonology I at UCLA},
  TITLE = {{Spreadsheet} with segments and their feature values},
}

@BOOK{Heim:Kratzer:98,
  AUTHOR = {Heim, Irene and Kratzer, Angelika},
  LOCATION = {Malden, M.A.},
  PUBLISHER = {Blackwell},
  DATE = {1998},
  TITLE = {Semantics in Generative Grammar},
}

@BOOK{Hendriks:93,
  AUTHOR = {Hendriks, Herman},
  PUBLISHER = {Institute for Logic, Language and Computation, Amsterdam},
  DATE = {1993},
  SERIES = {ILLC Dissertation Series 1995-5},
  TITLE = {Studied Flexibility},
}

@INPROCEEDINGS{SYN,
  AUTHOR = {Hn{á}tkov{á}, M. and K{ř}en, M. and Proch{á}zka, P. and Skoumalov{á}, H.},
  BOOKTITLE = {Proceedings of the {Ninth International Conference on Language Resources and Evaluation}},
  DATE = {2014},
  PAGES = {160--164},
  TITLE = {The {SYN}-series corpora of written {Czech}},
}

@BOOK{Hoberg81a,
  AUTHOR = {Hoberg, Ursula},
  LOCATION = {München},
  PUBLISHER = {Max Hueber Verlag},
  DATE = {1981},
  NUMBER = {10},
  SERIES = {Heutiges Deutsch. Linguistische Grundlagen. Forschungen des Instituts für deutsche Sprache},
  TITLE = {{Die Wortstellung in der geschriebenen deutschen Gegenwartssprache}},
}

@ARTICLE{Hockett47,
  AUTHOR = {Hockett, Charles F.},
  DATE = {1947},
  JOURNALTITLE = {Language},
  PAGES = {321--343},
  TITLE = {Problems of Morphemic Analysis},
  VOLUME = {23},
}

@INCOLLECTION{Hoehle:19wh,
  AUTHOR = {Höhle, Tilman N.},
  EDITOR = {Müller, Stefan and Reis, Marga and Richter, Frank},
  LOCATION = {Berlin},
  PUBLISHER = {Language Science Press},
  BOOKTITLE = {{Beiträge zur deutschen Grammatik. Gesammelte Schriften von Tilman N. Höhle}},
  DATE = {2019},
  SERIES = {Classics in Linguistics},
  DOI = {10.5281/zenodo.2588369},
  EDITION = {2nd},
  NOTE = {Originally published 2000},
  PAGES = {435--460},
  TITLE = {The \emph{w- \ldots w}-Construction},
}

@INCOLLECTION{holisky:gagua:94,
  AUTHOR = {Holisky, Dee Ann and Gagua, Rusudan},
  EDITOR = {Smeets, Rieks},
  LOCATION = {Delmar},
  PUBLISHER = {Caravan Press},
  BOOKTITLE = {The Indigenous Languages of the {Caucasus} 4: {North East Caucasian}, Part 2},
  DATE = {1994},
  PAGES = {147--212},
  TITLE = {{Tsova-Tush} ({Batsbi})},
}

@ARTICLE{Holmes1981,
  AUTHOR = {Holmes, Virginia M. and O'Regan, J. Kevin},
  PUBLISHER = {Elsevier},
  DATE = {1981},
  JOURNALTITLE = {Journal of Verbal Learning and Verbal Behavior},
  NUMBER = {4},
  PAGES = {417--430},
  TITLE = {Eye fixation patterns during the reading of relative-clause sentences},
  VOLUME = {20},
}

@INCOLLECTION{Horn:78,
  AUTHOR = {Horn, Laurence R.},
  EDITOR = {Cole, Peter},
  LOCATION = {New York, San Francisco, London},
  PUBLISHER = {Academic Press},
  BOOKTITLE = {Pragmatics},
  DATE = {1978},
  PAGES = {129--220},
  SERIES = {Syntax and Semantics},
  TITLE = {Remarks on Neg-Raising},
  VOLUME = {9},
}

@ARTICLE{Huitink:12,
  AUTHOR = {Huitink, Janneke},
  DATE = {2012},
  DOI = {10.1093/jos/ffr012},
  JOURNALTITLE = {Journal of Semantics},
  NUMBER = {3},
  PAGES = {403--437},
  TITLE = {Modal Concord: {A} Case Study of {D}utch},
  VOLUME = {29},
}

@BOOK{HulkPollock2001,
  AUTHOR = {Hulk, Aafke C.J. and Pollock, Jean-Yves},
  PUBLISHER = {Oxford: Oxford University Press},
  DATE = {2001},
  TITLE = {Subject inversion in {Romance and the theory of Universal Grammar}},
}

@ARTICLE{Jacobs:80,
  AUTHOR = {Jacobs, Joachim},
  DATE = {1980},
  DOI = {10.1515/thli.1980.7.1-3.121},
  ISSUE = {1--3},
  JOURNALTITLE = {Theoretical Linguistics},
  PAGES = {121--136},
  TITLE = {Lexical Decomposition in {M}ontague {G}rammar},
  VOLUME = {7},
}

@ARTICLE{Jaeger2008,
  AUTHOR = {Jaeger, T Florian},
  PUBLISHER = {Elsevier},
  DATE = {2008},
  JOURNALTITLE = {Journal of Memory and Language},
  NUMBER = {4},
  PAGES = {434--446},
  TITLE = {Categorical data analysis: {A}way from {ANOVA}s (transformation or not) and towards logit mixed models},
  VOLUME = {59},
}

@BOOK{jaggar01:_hausa,
  AUTHOR = {Jaggar, Philip},
  LOCATION = {Amsterdam},
  PUBLISHER = {John Benjamins},
  DATE = {2001},
  TITLE = {Hausa},
}

@BOOK{Jespersen:17,
  AUTHOR = {Jespersen, Otto},
  LOCATION = {Kopenhague},
  PUBLISHER = {A.F. H{ø}st \& S{ø}n},
  DATE = {1917},
  TITLE = {Negation in {E}nglish and Other Languages},
}

@ARTICLE{Jones:88,
  AUTHOR = {Jones, Michael Allen},
  DATE = {1988},
  JOURNALTITLE = {Journal of Linguistics},
  PAGES = {89--111},
  TITLE = {Cognate Objects and the {C}ase-Filter},
  VOLUME = {24},
}

@BOOK{kadagize84,
  AUTHOR = {Kadagiʒe, Davit and Kadagiʒe, Niko},
  LOCATION = {Tbilisi},
  PUBLISHER = {Mecniereba},
  DATE = {1984},
  TITLE = {C’ova-tušur-kartul-rusuli leksik’oni},
}

@ARTICLE{Kaellgran:Prince:89,
  AUTHOR = {Källgren, Gunnel and Prince, Ellen F.},
  DATE = {1989},
  JOURNALTITLE = {Nordic Journal of Linguistics},
  NUMBER = {1},
  PAGES = {47--58},
  TITLE = {{S}wedish {VP}-Topicalization and {Y}iddish Verb-Topicalization},
  VOLUME = {12},
}

@INCOLLECTION{Kamp:81,
  AUTHOR = {Kamp, Hans},
  EDITOR = {Groenendijk, Jeroen A. G. and Janssen, Theo M. V. and Stokhof, Martin B. J.},
  LOCATION = {Dordrecht},
  PUBLISHER = {Foris},
  BOOKTITLE = {Truth, Representation and Information},
  DATE = {1981},
  PAGES = {277--322},
  TITLE = {A Theory of Truth and Semantic Representation},
}

@ARTICLE{kamppartee,
  AUTHOR = {Kamp, Hans and Partee, Barbara H.},
  DATE = {1995},
  JOURNALTITLE = {Cognition},
  PAGES = {129--191},
  TITLE = {Prototype theory and compositionality},
  VOLUME = {57},
}

@BOOK{Kamp:Reyle:93,
  AUTHOR = {Kamp, Hans and Reyle, Uwe},
  LOCATION = {Dordrecht},
  PUBLISHER = {Kluwer Academic Publishers},
  DATE = {1993},
  TITLE = {From Discourse to Logic},
}

@INCOLLECTION{kampers2004,
  AUTHOR = {Kampers-Manhe, Brigitte and Marandin, Jean-Marie and Drijkoningen, Frank and Doetjes, Jenny and Hulk, Aafke C.J.},
  EDITOR = {Corblin, Francis and de Swart, Henriëtte},
  LOCATION = {Stanford},
  PUBLISHER = {CSLI Publications},
  BOOKTITLE = {Handbook of {French} semantics},
  DATE = {2004},
  PAGES = {553--579},
  TITLE = {Subject {NP} inversion},
}

@INCOLLECTION{Karimi2003,
  AUTHOR = {Karimi, Simin},
  EDITOR = {Karimi, Simin},
  PUBLISHER = {Oxford: Blackwell Publishing Ltd},
  BOOKTITLE = {Word Order and Scrambling},
  DATE = {2003},
  DOI = {10.1002/9780470758403.ch5},
  ISBN = {9780470758403},
  KEYWORDS = {scrambling,{P}ersian,non-specific objects,semantic relations,syntactic relations},
  PAGES = {91--124},
  TITLE = {On Object Positions, Specificity, and Scrambling in {P}ersian},
}

@Phdthesis{Karimi-Doostan1997,
  AUTHOR = {Karimi-Doostan, Gholamhossein},
  INSTITUTION = {University of Essex},
  DATE = {1997},
  TITLE = {Light Verb Constructions in {P}ersian},
}

@ARTICLE{Karimi-Doostan:2011,
  AUTHOR = {Karimi-Doostan, Gholamhossein},
  DATE = {2011},
  JOURNALTITLE = {Studia Linguistica},
  NUMBER = {1},
  PAGES = {70--95},
  TITLE = {Separability of light verb constructions in {Persian}},
  VOLUME = {65},
}

@BOOK{Karlik16,
  EDITOR = {Karl{ı́}k, Petr and Nekula, Marek and Pleskalov{á}, Jana},
  LOCATION = {Praha},
  PUBLISHER = {NLN},
  URL = {https://www.czechency.org},
  URLDATE = {2021-02-23},
  BOOKTITLE = {Nov{ý} encyklopedick{ý} slovn{ı́}k {č}e{š}tiny},
  DATE = {2016},
  TITLE = {Nov{ý} encyklopedick{ý} slovn{ı́}k {č}e{š}tiny},
}

@UNPUBLISHED{Kaufman1989,
  AUTHOR = {Kaufman, Terrence},
  INSTITUTION = {University of Pittsburgh},
  DATE = {1989},
  TITLE = {{The} phonology and morphology of {Zapotec} verbs},
}

@ARTICLE{kayne1978,
  AUTHOR = {Kayne, Richard and Pollock, Jean-Yves},
  PUBLISHER = {JSTOR},
  DATE = {1978},
  JOURNALTITLE = {Linguistic Inquiry},
  PAGES = {595--621},
  TITLE = {Stylistic inversion, successive cyclicity, and {Move NP in French}},
}

@ARTICLE{Keenan:92,
  AUTHOR = {Keenan, Edward L.},
  DATE = {1992},
  JOURNALTITLE = {Linguistics and Philosophy},
  PAGES = {199--221},
  TITLE = {Beyond the {F}rege Boundary},
  VOLUME = {15},
}

@BOOK{Keenan:Faltz:85,
  AUTHOR = {Keenan, Edward L. and Faltz, Leonard M.},
  LOCATION = {Dordrecht},
  PUBLISHER = {Reidel},
  DATE = {1985},
  TITLE = {Boolean Semantics for Natural Language},
}

@INCOLLECTION{kempen2004corpus,
  AUTHOR = {Kempen, Gerard and Harbusch, Karin},
  EDITOR = {Pechmann, Thomas and Habel, Christopher},
  PUBLISHER = {Berlin: Mouton de Gruyter},
  BOOKTITLE = {Multidisciplinary Approaches to Language Production},
  DATE = {2004},
  JOURNALTITLE = {Trends in Linguistic studies and Monographs},
  PAGES = {173--181},
  TITLE = {A corpus study into word order variation in {G}erman subordinate clauses: {A}nimacy affects linearization independently of grammatical function assignment},
}

@BOOK{Kilani-SchochDressler2005,
  AUTHOR = {Kilani-Schoch, Marianne and Dressler, Wolfgang U.},
  LOCATION = {Tübingen},
  PUBLISHER = {Gunter Narr Verlag},
  DATE = {2005},
  TITLE = {{Morphologie} naturelle et flexion du verbe fran{ç}ais},
}

@ARTICLE{kiparsky_p85,
  AUTHOR = {Kiparsky, Paul},
  DATE = {1985},
  JOURNALTITLE = {Phonology Yearbook},
  PAGES = {83--136},
  TITLE = {Some Consequences of Lexical Phonology},
  VOLUME = {2},
}

@INCOLLECTION{Kiparsky05,
  AUTHOR = {Kiparsky, Paul},
  EDITOR = {Booij, Geert and van Marle, Jaap},
  LOCATION = {Dordrecht},
  PUBLISHER = {Springer},
  BOOKTITLE = {Yearbook of Morphology 2004},
  DATE = {2005},
  PAGES = {113--135},
  TITLE = {Blocking and Periphrasis in Inflectional Paradigms},
}

@INPROCEEDINGS{KirovSylak-GlassmanQueYarowsky2016,
  AUTHOR = {Kirov, Christo and Sylak-Glassman, John and Que, Roger and Yarowsky, David},
  EDITOR = {Chair), Nicoletta Calzolari (Conference and Choukri, Khalid and Declerck, Thierry and Goggi, Sara and Grobelnik, Marko and Maegaard, Bente and Mariani, Joseph and Mazo, Helene and Moreno, Asuncion and Odijk, Jan and Piperidis, Stelios},
  LOCATION = {Portorož, Slovenia},
  PUBLISHER = {European Language Resources Association (ELRA)},
  BOOKTITLE = {{Proceedings} of the {Tenth International Conference on Language Resources and Evaluation} ({LREC} 2016)},
  DATE = {2016-05},
  ISBN = {978-2-9517408-9-1},
  TITLE = {{Very-large} Scale Parsing and Normalization of {Wiktionary} Morphological Paradigms},
}

@BOOK{Koenig99,
  AUTHOR = {Koenig, Jean-Pierre},
  LOCATION = {Stanford},
  PUBLISHER = {CSLI Publications},
  DATE = {1999},
  TITLE = {Lexical relations},
}

@INPROCEEDINGS{Koenig94,
  AUTHOR = {Koenig, Jean-Pierre and Jurafsky, Daniel},
  BOOKTITLE = {{Proceedings of WCCFL XIII}},
  DATE = {1994},
  PAGES = {270--285},
  TITLE = {Type underspecification and on-line type construction},
}

@ARTICLE{Kubota:Levine:16-Gapping,
  AUTHOR = {Kubota, Yusuke and Levine, Robert D.},
  DATE = {2016},
  DOI = {10.1007/s11049-015-9298-4},
  JOURNALTITLE = {Natural Language and Linguistic Theory},
  NUMBER = {1},
  PAGES = {107--156},
  TITLE = {Gapping as Hypothetical Reasoning},
  VOLUME = {34},
}

@INPROCEEDINGS{Kupsc05,
  AUTHOR = {Kupść, Anna and Tseng, Jesse L.},
  LOCATION = {Stanford},
  PUBLISHER = {CSLI Publications},
  EDITOR = {Stefan Müller},
  BOOKTITLE = {Proceedings of the 12th {International} {Conference} on {Head-Driven} {Phrase} {Structure} {Grammar}},
  DATE = {2005},
  PAGES = {253--273},
  TITLE = {A New {HPSG} Approach to {Polish} Auxiliary Constructions},
}

@INPROCEEDINGS{Lahm:2016,
  AUTHOR = {Lahm, David},
  EDITOR = {Arnold, Doug and Butt, Miriam and Crysmann, Berthold and King, Tracy Holloway and Mül\-ler, Stefan},
  LOCATION = {Stanford, CA},
  PUBLISHER = {CSLI Publications},
  BOOKTITLE = {Proceedings of the Joint 2016 Conference on {Head-driven Phrase Structure Grammar} and {Lexical Functional Grammar}, {Polish Academy of Sciences}, {W}arsaw, {P}oland},
  DATE = {2016},
  PAGES = {360--379},
  TITLE = {Refining the semantics of lexical rules in {HPSG}},
}

@INPROCEEDINGS{Lahm:18,
  AUTHOR = {Lahm, David},
  EDITOR = {Müller, Stefan and Richter, Frank},
  LOCATION = {Stanford},
  PUBLISHER = {CSLI Publications},
  BOOKTITLE = {Proceedings of the 25th {International Conference} on {H}ead-{D}riven {P}hrase {S}tructure {G}rammar, {U}niversity of {T}okyo},
  DATE = {2018},
  PAGES = {89--109},
  TITLE = {Plural in {L}exical {R}esource {S}emantics},
  URLDATE = {2020-02-01},
}

@BOOK{Lahousse2011,
  AUTHOR = {Lahousse, Karen},
  PUBLISHER = {Presses Universitaires de Vincennes; Paris},
  DATE = {2011},
  TITLE = {Quand passent les cigognes. {Le} sujet nominal postverbal en fran{ç}ais moderne},
}

@INCOLLECTION{Larrivee:16,
  AUTHOR = {Larrivée, Pierre},
  EDITOR = {Larrivée, Pierre and Lee, Chungmin},
  LOCATION = {Cham},
  PUBLISHER = {Springer},
  BOOKTITLE = {Negation and Polarity: {E}xperimental Perspectives},
  DATE = {2016},
  DOI = {10.1007/978-3-319-17464-8_8},
  JOURNALTITLE = {Language, Cognition, and Mind},
  PAGES = {177--197},
  TITLE = {The Markedness of Double Negation},
  VOLUME = {1},
}

@ARTICLE{lazard82,
  AUTHOR = {Lazard, Gilbert},
  DATE = {1982},
  JOURNALTITLE = {Bulletin de la Société de Linguistique de Paris},
  NUMBER = {1},
  PAGES = {177--208},
  TITLE = {Le morph{è}me rā en persan et les relations actancielles},
  VOLUME = {77},
}

@BOOK{LeBidoisR1950,
  AUTHOR = {Le Bidois, Robert},
  PUBLISHER = {Artrey},
  DATE = {1952},
  TITLE = {L'inversion du sujet dans la prose contemporaine (1900-1950): {{é}tudi{é}e} plus sp{é}cialement dans l'oeuvre de {Marcel Proust}},
}

@INCOLLECTION{lebruyn14,
  AUTHOR = {{Le Bruyn}, Bert},
  EDITOR = {Aguilar-Guevara, Ana and {Le Bruyn}, Bert and Zwarts, Joost},
  LOCATION = {Amsterdam},
  PUBLISHER = {John Benjamins},
  BOOKTITLE = {Weak Referentiality},
  DATE = {2014},
  PAGES = {311--334},
  TITLE = {Inalienable possession: {T}he semantics of the definite article},
}

@UNPUBLISHED{LeeGoldsmith2013,
  AUTHOR = {Lee, Jackson and Goldsmith, John A.},
  DATE = {2013},
  NOTE = {Presented at the 2nd American International Morphology Meeting},
  TITLE = {{Automatic} morphological alignment and clustering},
}

@INCOLLECTION{Link:83,
  AUTHOR = {Link, Godehard},
  EDITOR = {Bäuerle, Rainer and Schwarze, Christoph and von Stechow, Arnim},
  LOCATION = {Berlin},
  PUBLISHER = {de Gruyter},
  BOOKTITLE = {Meaning, Use and Interpretation of Language},
  DATE = {1983},
  PAGES = {302--323},
  TITLE = {The Logical Analysis of Plural and Mass Terms: {A} Lattice-theoretical Approach},
}

@BOOK{Liu:12,
  AUTHOR = {Liu, Mingya},
  LOCATION = {Leiden},
  PUBLISHER = {Brill},
  DATE = {2012},
  SERIES = {Current Research in the Semantics-Pragmatics Interface (CRiSPI)},
  TITLE = {Multidimensional Semantics of Evaluative Adverbs},
  VOLUME = {26},
}

@BOOK{Lobeck:95,
  AUTHOR = {Lobeck, Anne C.},
  LOCATION = {New York},
  PUBLISHER = {Oxford University Press},
  DATE = {1995},
  TITLE = {Ellipsis: {F}unctional Heads, Licensing and Identification},
}

@INPROCEEDINGS{Luecking:Ginzburg:19,
  AUTHOR = {Lücking, Andy and Ginzburg, Jonathan},
  LOCATION = {University of Amsterdam},
  BOOKTITLE = {Proceedings of the {Amsterdam Colloquium} 2019},
  DATE = {2019},
  URL = {http://events.illc.uva.nl/AC/AC2019/uploaded_files/inlineitem/L_cking_and_Ginzburg_Not_few_but_all_quantifiers_ca.pdf},
   URLDATE = {2021-02-23},
PAGES = {269--278},
  SERIES = {AC'19},
  TITLE = {Not few but all quantifiers can be negated: {T}owards a referentially transparent semantics of quantified noun phrases},
}

@BOOK{mahootian97,
  AUTHOR = {Mahootian, Shahrzad},
  PUBLISHER = {New York: Routledge},
  DATE = {1997},
  TITLE = {{P}ersian},
}

@ARTICLE{mak2006animacy,
  AUTHOR = {Mak, Willem M and Vonk, Wietske and Schriefers, Herbert},
  PUBLISHER = {Elsevier},
  DATE = {2006},
  JOURNALTITLE = {Journal of Memory and Language},
  NUMBER = {4},
  PAGES = {466--490},
  TITLE = {Animacy in processing relative clauses: {The} hikers that rocks crush},
  VOLUME = {54},
}

@INPROCEEDINGS{marandin2011,
  AUTHOR = {Marandin, Jean-Marie},
  PUBLISHER = {CSLI Publications},
  BOOKTITLE = {Proceedings of the 18th HPSG conference},
  DATE = {2011},
  PAGES = {327--347},
  TITLE = {Subject inversion in {French}. {The} limits of information structure},
}

@ARTICLE{Massam:90,
  AUTHOR = {Massam, Diane},
  DATE = {1990},
  JOURNALTITLE = {Canadian Journal of Linguistics},
  PAGES = {161--190},
  TITLE = {{C}ognate Objects as Thematic Objects},
  VOLUME = {35},
}


@BOOK{Matthews91,
  IDS = {Matthews1991},
  AUTHOR = {Matthews, Peter H.},
  LOCATION = {Cambridge},
  PUBLISHER = {Cambridge University Press},
  DATE = {1991},
  EDITION = {2nd},
  TITLE = {Morphology},
}

@BOOK{Matthews72,
  AUTHOR = {Matthews, Peter H.},
  LOCATION = {Cambridge},
  PUBLISHER = {Cambridge University Press},
  DATE = {1972},
  TITLE = {Inflectional Morphology. {A} Theoretical Study Based on Aspects of {Latin} Verb Conjugation},
}

@Phdthesis{May:77,
  AUTHOR = {May, Robert},
  INSTITUTION = {MIT},
  DATE = {1977},
  TITLE = {The Grammar of Quantification},
}

@INCOLLECTION{mccloskey02:_resum_succes_cyclic_local_operat,
  AUTHOR = {McCloskey, James},
  EDITOR = {Epstein, Samuel David and Seely, T. Daniel},
  LOCATION = {Oxford},
  PUBLISHER = {Blackwell},
  BOOKTITLE = {Derivation and Explanation in the {M}inimalist {P}rogram},
  DATE = {2002},
  PAGES = {184--226},
  TITLE = {Resumptives, Successive Cyclicity, and the Locality of Operations},
}

@ARTICLE{mcclure11,
  AUTHOR = {McClure, Scott},
  DATE = {2011},
  JOURNALTITLE = {Semantics and Pragmatics},
  PAGES = {1--7},
  TITLE = {Modification in non-combining idioms},
  VOLUME = {4},
}

@INCOLLECTION{mcnally16,
  AUTHOR = {McNally, Louise},
  EDITOR = {Aloni, Maria and Dekker, Paul},
  LOCATION = {Cambridge},
  PUBLISHER = {Cambridge University Press},
  BOOKTITLE = {Cambridge Handbook of Semantics},
  DATE = {2016},
  PAGES = {442--466},
  TITLE = {Modification},
}

@INPROCEEDINGS{mcnallyboleda04,
  AUTHOR = {McNally, Louise and Boleda, Gemma},
  EDITOR = {Cabredo Hofherr, Patricia and Bonami, Olivier},
  BOOKTITLE = {Empirical Issues in Formal Syntax and Semantics},
  DATE = {2004},
  PAGES = {179--196},
  TITLE = {Relational Adjectives as Properties of Kinds},
  VOLUME = {5},
}

@Phdthesis{Megerdoomian2002,
  AUTHOR = {Megerdoomian, Karine},
  INSTITUTION = {University of Southern California},
  DATE = {2002},
  TITLE = {Beyond Words and Phrases: {A} Unified Theory of Predicate Composition},
}

@BOOK{Merchant:01,
  AUTHOR = {Merchant, Jason},
  LOCATION = {Oxford},
  PUBLISHER = {Oxford University Press},
  DATE = {2001},
  TITLE = {The Syntax of Silence: {S}luicing, Islands, and the Theory of Ellipsis},
}

@ARTICLE{Mitrovic:Sauerland:16,
  AUTHOR = {Mitrović, Moreno and Sauerland, Uli},
  DATE = {2016},
  DOI = {10.1556/064.2016.63.4.5},
  JOURNALTITLE = {Acta Linguistica Hungarica},
  NUMBER = {4},
  PAGES = {471--494},
  TITLE = {Two Conjunctions Are Better than One},
  URLDATE = {2019-06-25},
  VOLUME = {63},
}

@INCOLLECTION{Mittwoch:98,
  AUTHOR = {Mittwoch, Anita},
  EDITOR = {Rothstein, Susan},
  LOCATION = {Dordrecht, Boston, London},
  PUBLISHER = {Kluwer Academic Publishers},
  BOOKTITLE = {Events and Grammar},
  DATE = {1998},
  PAGES = {309--332},
  TITLE = {Cognate Objects as Reflections of {D}avidsonian Event Arguments},
}

@INCOLLECTION{mittwoch98,
  AUTHOR = {Mittwoch, Anita},
  EDITOR = {Rothstein, Susan},
  LOCATION = {Dordrecht},
  PUBLISHER = {Kluwer},
  BOOKTITLE = {Events and Grammar},
  DATE = {1998},
  PAGES = {309--332},
  TITLE = {Cognate objects as reflections of {D}avidsonian event arguments},
}

@INCOLLECTION{MohammadKarimi1992,
  AUTHOR = {Mohammad, Jan and Karimi, Simin},
  PUBLISHER = {Fresno, CA: California State University},
  BOOKTITLE = {Proceedings of the {Western Conference on Linguistics (WECOL) 5}},
  DATE = {1992},
  PAGES = {195--212},
  TITLE = {Light verbs are taking over: {C}omplex verbs in {Persian}},
}

@Phdthesis{Moltmann:92,
  AUTHOR = {Moltmann, Friederike},
  INSTITUTION = {MIT},
  LOCATION = {Cambridge MA},
  DATE = {1992},
  TITLE = {Coordination and Comparatives},
}

@ARTICLE{Moltmann:95,
  AUTHOR = {Moltmann, Friederike},
  DATE = {1995},
  JOURNALTITLE = {Linguistics and Philosophy},
  NUMBER = {3},
  PAGES = {223--280},
  TITLE = {Exception Sentences and Polyadic Quantification},
  VOLUME = {18},
}

@INCOLLECTION{Montague:PTQ,
  AUTHOR = {Montague, Richard},
  EDITOR = {Thomason, Richmond H.},
  LOCATION = {Yale},
  PUBLISHER = {Yale University Press},
  BOOKTITLE = {Formal Philosophy. {S}elected Papers of {R}ichard {M}ontague},
  DATE = {1974},
  PAGES = {247--270},
  TITLE = {The Proper Treatment of Quantification in Ordinary {E}nglish},
}

@BOOK{morzyckibook,
  AUTHOR = {Morzycki, Marcin},
  LOCATION = {Cambridge},
  PUBLISHER = {Cambridge University Press},
  DATE = {2015},
  TITLE = {Modification},
}

@ARTICLE{MuellerGereon07,
  AUTHOR = {Müller, Gereon},
  DATE = {2007},
  JOURNALTITLE = {University of Pennsylvania Working Papers in Linguistics},
  NUMBER = {1},
  TITLE = {Extended exponence by Enrichment: {Argument} Encoding in {German}, {Archi}, and {Timucua}},
  VOLUME = {13},
}

@ARTICLE{Muller2010,
  AUTHOR = {Müller, Stefan},
  PUBLISHER = {Cambridge University Press},
  DATE = {2010},
  JOURNALTITLE = {Journal of Linguistics},
  NUMBER = {3},
  PAGES = {601--655},
  TITLE = {Persian complex predicates and the limits of inheritance-based analyses},
  VOLUME = {46},
}

@ARTICLE{NewPallierFerrandMatos2001,
  AUTHOR = {New, B. and Pallier, C. and Ferrand, L. and Matos, R.},
  DATE = {2001},
  JOURNALTITLE = {L'Ann{é}e Psychologique},
  PAGES = {447--462},
  TITLE = {Une base de donn{é}es lexicales du fran{ç}ais contemporain sur internet: {LEXIQUE}},
  VOLUME = {101},
}

@INCOLLECTION{nicolas95,
  AUTHOR = {Nicolas, Tim},
  EDITOR = {Everaert, Martin and {van der Linden}, Erik-Jan and Schenk, André and Schreuder, Robert},
  LOCATION = {Hillsdale},
  PUBLISHER = {L.\ Erlbaum Associates},
  BOOKTITLE = {Idioms: {S}tructural and psychological perspectives},
  CHAPTER = {9},
  DATE = {1995},
  PAGES = {233--252},
  TITLE = {Semantics of idiom modification},
}

@INPROCEEDINGS{Niehren:al:97,
  AUTHOR = {Niehren, Joachim and Pinkal, Manfred and Ruhrberg, Peter},
  URL = {https://hal.inria.fr/file/index/docid/536822},
  BOOKTITLE = {Proceedings of the {International Conference on Automated Deduction}, {T}ownsville, {A}ustralia},
  DATE = {1997},
  TITLE = {On Equality Up-to Constraints over Finite Trees, Context Unification and One-Step Rewriting},
  URLDATE = {2019-05-10},
}

@ARTICLE{Nouwen:03,
  AUTHOR = {Nouwen, Rick},
  DATE = {2003},
  JOURNALTITLE = {Journal of Semantics},
  PAGES = {73--113},
  TITLE = {Complement Anaphora and Interpretation},
  VOLUME = {20},
}

@Phdthesis{Noyer92,
  AUTHOR = {Noyer, Rolf},
  INSTITUTION = {MIT},
  DATE = {1992},
  TITLE = {Features, positions and affixes in autonomous morphological structure},
}

@ARTICLE{Nunberg:al:94,
  AUTHOR = {Nunberg, Geoffrey and Sag, Ivan A. and Wasow, Thomas},
  DATE = {1994},
  JOURNALTITLE = {Language},
  PAGES = {491--538},
  TITLE = {Idioms},
  VOLUME = {70},
}

@MISC{Park:al:18,
  AUTHOR = {Park, Sang-Hee and Koenig, Jean-Pierre and Chaves, Rui P.},
  URL = {http://phiz.c.u-tokyo.ac.jp/~hpsg2018/park_et_al.pdf},
  NOTE = {Abstract to a talk at \emph{HPSG 2018}},
  TITLE = {Scope Ambiguities and {L}exical {R}esource {S}emantics: {T}he Case of Gapping},
  URLDATE = {2020-02-01},
}

@INCOLLECTION{Partee:Rooth:83,
  AUTHOR = {Partee, Barbara H. and Rooth, Mats},
  EDITOR = {Bäuerle, Rainer and Schwarze, Christoph and von Stechow, Arnim},
  LOCATION = {Berlin},
  PUBLISHER = {Walter de Gruyter},
  BOOKTITLE = {Meaning, Use and Interpretation of Language},
  DATE = {1983},
  PAGES = {361--383},
  TITLE = {Generalized Conjunction and Type Ambiguity},
}

@BOOK{Penka:11,
  AUTHOR = {Penka, Doris},
  LOCATION = {Oxford},
  PUBLISHER = {Oxford University Press},
  DATE = {2011},
  NUMBER = {32},
  SERIES = {Oxford Studies in Theoretical Linguistics},
  TITLE = {Negative Indefinites},
}

@ARTICLE{Penka:12,
  AUTHOR = {Penka, Doris},
  DATE = {2012},
  JOURNALTITLE = {Journal of Semantics},
  PAGES = {373--402},
  TITLE = {Negative Features on Negative Indefinites: {E}vidence from Split Scope},
  VOLUME = {29},
}

@ARTICLE{Penka:Stechow:01,
  AUTHOR = {Penka, Doris and von Stechow, Arnim},
  DATE = {2001},
  JOURNALTITLE = {Linguistische Berichte},
  PAGES = {263--286},
  TITLE = {{Negative Indefinita unter Modalverben}},
}

@ARTICLE{Penka:Zeijlstra:11,
  AUTHOR = {Penka, Doris and Zeijlstra, Hedde},
  EDITOR = {Penka, Doris and Zeijlstra, Hedde},
  BOOKTITLE = {Special Issue on Negation and Polarity},
  DATE = {2011},
  JOURNALTITLE = {Natural Language and Linguistic Theory},
  NUMBER = {4},
  PAGES = {1--16},
  TITLE = {Negation and Polarity: {A}n Introduction},
  VOLUME = {28},
}

@INPROCEEDINGS{Penn:Richter:04,
  AUTHOR = {Penn, Gerald and Richter, Frank},
  EDITOR = {Müller, Stefan},
  LOCATION = {Stanford},
  PUBLISHER = {CSLI Publications},
  URL = {http://web.stanford.edu/group/cslipublications/cslipublications/HPSG/2004/penn-richter.pdf},
  BOOKTITLE = {Proceedings of the 11th {International Conference} on {H}ead-{D}riven {P}hrase {S}tructure {G}rammar 2004, {L}euven},
  DATE = {2004},
  PAGES = {423--443},
  TITLE = {{L}exical {R}esource {S}emantics: {F}rom Theory to Implementation},
  URLDATE = {2020-02-01},
}

@INPROCEEDINGS{Penn:Richter:05,
  AUTHOR = {Penn, Gerald and Richter, Frank},
  EDITOR = {Christiansen, Henning and Skadhauge, Peter Rossen and Villadsen, J{ø}rgen},
  PUBLISHER = {Springer},
  BOOKTITLE = {Constraint Solving and Language Processing. {F}irst International Workshop, {CSLP} 2004, {R}oskilde, {D}enmark, {S}eptember 1--3, 2004, Revised Selected and Invited Papers},
  DATE = {2005},
  PAGES = {48--73},
  SERIES = {Lecture Notes in Computer Science},
  TITLE = {The Other Syntax: {A}pproaching Natural Language Semantics Through Logical Form Composition},
  VOLUME = {3438},
}

@INPROCEEDINGS{Petkevic15,
  AUTHOR = {Petkevi{č}, Vladim{ı́}r and Rosen, Alexandr and Skoumalov{á}, Hana and V{ı́}tovec, P{ř}emysl},
  LOCATION = {Hissar, Bulgaria},
  BOOKTITLE = {Proceedings of the 5th {Workshop on Balto-Slavic Natural Language Processing}},
  DATE = {2015},
  PAGES = {9--16},
  TITLE = {Analytic Morphology -- {Merging} the Paradigmatic and Syntagmatic Perspective in a Treebank},
}

@INPROCEEDINGS{Pinkal:95,
  AUTHOR = {Pinkal, Manfred},
  EDITOR = {Dekker, Paul and Stok\-hof, Martin},
  PUBLISHER = {ILLC/Depart\-ment of Philosophy, University of Amsterdam},
  BOOKTITLE = {Proceedings of the 10th {A}msterdam {C}olloquium},
  DATE = {1996},
  PAGES = {587--606},
  TITLE = {Radical Underspecification},
}

@INCOLLECTION{Pinkal:99,
  AUTHOR = {Pinkal, Manfred},
  EDITOR = {Bunt, Harry and Muskens, Reinhard},
  LOCATION = {Dordrecht},
  PUBLISHER = {Kluwer Academic Publishers},
  BOOKTITLE = {Computing Meaning},
  DATE = {1999},
  PAGES = {33--55},
  SERIES = {Studies in Linguistics and Philosophy},
  TITLE = {On Semantic Underspecification},
}

@ARTICLE{Plenat87,
  AUTHOR = {Pl{é}nat, Marc},
  DATE = {1987},
  JOURNALTITLE = {{ITL} Review of Applied Linguistics},
  PAGES = {93--150},
  TITLE = {{Morphologie} du pass{é} simple et du pass{é} compos{é} des verbes de l' ``autre'' conjugaison},
  VOLUME = {77--78},
}

@ARTICLE{Plessis:77,
  AUTHOR = {du Plessis, Hans},
  DATE = {1977},
  JOURNALTITLE = {Linguistic Inquiry},
  NUMBER = {4},
  PAGES = {723--726},
  TITLE = {\emph{Wh}-Movement in {A}frikaans},
  VOLUME = {8},
}

@INCOLLECTION{poesio94,
  AUTHOR = {Poesio, Massimo},
  EDITOR = {Harvey, Mandy and Santelmann, Lynn},
  LOCATION = {Ithaca},
  PUBLISHER = {CLC Publications},
  BOOKTITLE = {Proceedings of {SALT} 4},
  DATE = {1994},
  PAGES = {282--299},
  TITLE = {Weak definites},
}

@BOOK{Pollard87,
  AUTHOR = {Pollard, Carl and Sag, Ivan A.},
  LOCATION = {Stanford},
  PUBLISHER = {CSLI Publications},
  DATE = {1987},
  TITLE = {Information-based syntax and semantics},
}


@BOOK{Pollard94,
  IDS = {PollardSag1994},
  AUTHOR = {Pollard, Carl and Sag, Ivan A.},
  LOCATION = {Stanford},
  PUBLISHER = {CSLI Publications; The University of Chicago Press},
  DATE = {1994},
  TITLE = {Head-driven Phrase Structure Grammar},
}

@INCOLLECTION{Popova13,
  AUTHOR = {Popova, Gergana and Spencer, Andrew},
  EDITOR = {Chumakina, Marina and Corbett, Greville G.},
  LOCATION = {Oxford},
  PUBLISHER = {Oxford University Press},
  BOOKTITLE = {Periphrasis: {T}he role of syntax and morphology in paradigms},
  DATE = {2013},
  PAGES = {191--225},
  TITLE = {Relatedness in periphrasis: {{A}} paradigm-based perspective},
}

@BOOK{Potts:05,
  AUTHOR = {Potts, Christopher},
  LOCATION = {Oxford},
  PUBLISHER = {Oxford University Press},
  DATE = {2005},
  SERIES = {Oxford Studies in Theoretical Linguistics},
  TITLE = {The Logic of Conventional Implicatures},
}


@INPROCEEDINGS{pozniak2015processing,
  AUTHOR = {Pozniak, C{é}line and Hemforth, Barbara},
  LOCATION = {Poster presentation, CUNY, Los Angeles},
  DATE = {2015},
  TITLE = {Processing subject and object relative clauses in {French and Mandarin Chinese}},
}

@UNPUBLISHED{Prince93,
  AUTHOR = {Prince, Alan and Smolensky, Paul},
  INSTITUTION = {Rutgers University and University of Colorado},
  DATE = {1993},
  TITLE = {Optimality Theory: {C}onstraint interaction in {Generative Grammar}},
}

@ARTICLE{Puskas:12,
  AUTHOR = {Puskás, Genoveva},
  DATE = {2012},
  JOURNALTITLE = {Natural Language and Linguistic Theory},
  NUMBER = {2},
  PAGES = {611--649},
  TITLE = {Licensing Double Negation in {NC} and non-{NC} languages},
  VOLUME = {30},
}

@INPROCEEDINGS{Richter:16,
  AUTHOR = {Richter, Frank},
  EDITOR = {Arnold, Doug and Butt, Miriam and Crysmann, Berthold and King, Tracy Holloway and Müller, Stefan},
  LOCATION = {Stanford, CA},
  PUBLISHER = {CSLI Publications},
  URL = {http://cslipublications.stanford.edu/HPSG/2016/headlex2016-richter.pdf},
  BOOKTITLE = {Proceedings of the Joint 2016 Conference on {Head-Driven Phrase Structure Grammar} and {Lexical Functional Grammar}, {Polish Academy of Sciences}, {W}arsaw, {P}oland},
  DATE = {2016},
  PAGES = {599--619},
  TITLE = {Categorematic unreducible polyadic quantifiers in {Lexical Resource Semantics}},
}

@INCOLLECTION{Richter:Sailer:01.1,
  AUTHOR = {Richter, Frank and Sailer, Manfred},
  EDITOR = {Meurers, W. Detmar and Kiss, Tibor},
  LOCATION = {Stanford},
  PUBLISHER = {CSLI Publications},
  BOOKTITLE = {Constraint-Based Approaches to {G}ermanic Syntax},
  DATE = {2001},
  PAGES = {257--300},
  TITLE = {On the Left Periphery of {G}erman Finite Sentences},
}

@INCOLLECTION{Richter:Sailer:04,
  AUTHOR = {Richter, Frank and Sailer, Manfred},
  EDITOR = {Beckmann, Arne and Preining, Norbert},
  LOCATION = {Vienna},
  PUBLISHER = {Kurt Gödel Society Wien},
  BOOKTITLE = {{ESSLLI} 2003 -- Course Material {I}},
  DATE = {2004},
  ISBN = {3-901546-00-6},
  PAGES = {87--143},
  SERIES = {Collegium Logicum},
  TITLE = {Basic Concepts of {Lexical Resource Semantics}},
  VOLUME = {5},
}

@INPROCEEDINGS{Richter:Sailer:06,
  AUTHOR = {Richter, Frank and Sailer, Manfred},
  EDITOR = {Müller, Stefan},
  LOCATION = {Stanford},
  PUBLISHER = {CSLI Publications},
  URL = {http://cslipublications.stanford.edu/HPSG/7/richter-sailer.pdf},
  BOOKTITLE = {Proceedings of the 13th {International Conference} on {H}ead-{D}riven {P}hrase {S}tructure {G}rammar, {V}arna 2006},
  DATE = {2006},
  PAGES = {305--325},
  TITLE = {Modeling Typological Markedness in Semantics: {T}he Case of Negative Concord},
  URLDATE = {2020-02-01},
}

@INPROCEEDINGS{Richter:Soehn:06,
  AUTHOR = {Richter, Frank and Soehn, Jan-Philipp},
  EDITOR = {Müller, Stefan},
  LOCATION = {Stanford},
  PUBLISHER = {CSLI Publications},
  URL = {http://web.stanford.edu/group/cslipublications/cslipublications/HPSG/2006/richter-soehn.pdf},
  BOOKTITLE = {The Proceedings of the 13th {International Conference on Head-Driven Phrase Structure Grammar}},
  DATE = {2006},
  PAGES = {421--440},
  TITLE = {\emph{Braucht niemanden zu scheren}: A Survey of {NPI} Licensing in {G}erman},
  URLDATE = {2020-02-01},
}

@BOOK{rizzi1990,
  AUTHOR = {Rizzi, Luigi},
  PUBLISHER = {Cambridge: MIT Press},
  DATE = {1990},
  TITLE = {Relativized minimality.},
}

@Phdthesis{Rosen01,
  AUTHOR = {Rosen, Alexandr},
  INSTITUTION = {Univerzita Karlova v Praze},
  DATE = {2001},
  TITLE = {A constraint-based approach to dependency syntax applied to some issues in {Czech} word order},
}

@BOOK{Rosenbach2002,
  AUTHOR = {Rosenbach, Anette},
  PUBLISHER = {Berlin: Walter de Gruyter},
  DATE = {2002},
  TITLE = {Genitive variation in {E}nglish: {C}onceptual factors in synchronic and diachronic studies},
}

@Phdthesis{Ross:67,
  AUTHOR = {Ross, John Robert},
  INSTITUTION = {MIT},
  DATE = {1967},
  NOTE = {Published as \cite{Ross:86}},
  TITLE = {Constraints on Variables in Syntax},
}

@BOOK{Ross:86,
  AUTHOR = {Ross, John Robert},
  LOCATION = {Norwood, New Jersey},
  PUBLISHER = {Ablex Publishing},
  DATE = {1986},
  TITLE = {Infinite Syntax},
}

@Phdthesis{Ruys:93,
  AUTHOR = {Ruys, Eddy},
  INSTITUTION = {University of Utrecht},
  DATE = {1993},
  TITLE = {The Scope of Indefnites},
}

@ARTICLE{Sabato:Winter:12,
  AUTHOR = {Sabato, Sivan and Winter, Yoad},
  DATE = {2012},
  JOURNALTITLE = {Linguistics and Philosophy},
  NUMBER = {3},
  PAGES = {191--241},
  TITLE = {Relational Domains and the Interpretation of Reciprocals},
  VOLUME = {35},
}

@INCOLLECTION{Sadler01,
  AUTHOR = {Sadler, Louisa and Spencer, Andrew},
  EDITOR = {Booij, Geert and van Marle, Jaap},
  LOCATION = {Dordrecht},
  PUBLISHER = {Kluwer},
  BOOKTITLE = {Yearbook of Morphology 2000},
  DATE = {2001},
  PAGES = {71--96},
  TITLE = {Syntax as an exponent of morphological features},
}

@ARTICLE{SafaviEtal2016,
  AUTHOR = {Safavi, Molood S. and Husain, Samar and Vasishth, Shravan},
  DATE = {2016},
  DOI = {10.3389/fpsyg.2016.00403},
  JOURNALTITLE = {Frontiers in Psychology},
  PAGES = {403},
  TITLE = {Dependency Resolution Difficulty Increases with Distance in {P}ersian Separable Complex Predicates: {E}vidence for Expectation and Memory-Based Accounts},
  VOLUME = {7},
}

@ARTICLE{sag2010,
  AUTHOR = {Sag, Ivan A.},
  PUBLISHER = {JSTOR},
  DATE = {2010},
  JOURNALTITLE = {Language},
  PAGES = {486--545},
  TITLE = {English filler-gap constructions},
}

@INCOLLECTION{Sag12,
  AUTHOR = {Sag, Ivan A.},
  EDITOR = {Boas, Hans and Sag, Ivan A.},
  LOCATION = {Stanford},
  PUBLISHER = {CSLI Publications},
  BOOKTITLE = {Sign-Based Construction Grammar},
  DATE = {2012},
  PAGES = {69--202},
  TITLE = {Sign-Based Construction Grammar: {{An}} Informal Synopsis},
}

@INPROCEEDINGS{Sag94,
  AUTHOR = {Sag, Ivan A. and Fodor, Janet Dean},
  BOOKTITLE = {Proceedings of {{WCCFL XIII}}},
  DATE = {1994},
  PAGES = {365--384},
  TITLE = {Extraction without traces},
}

@INCOLLECTION{Sag11,
  AUTHOR = {Sag, Ivan A. and Wasow, Thomas},
  EDITOR = {Borsley, Robert D. and Börjars, Kersti},
  LOCATION = {Oxford},
  PUBLISHER = {Wiley-Blackwell},
  BOOKTITLE = {Non-Transformational Syntax: {{Formal}} and Explicit Models of Grammar},
  DATE = {2011},
  PAGES = {359--377},
  TITLE = {Performance-Compatible Competence Grammar},
}

@INPROCEEDINGS{Sailer:04.cssp,
  AUTHOR = {Sailer, Manfred},
  EDITOR = {Bonami, Olivier and Cabredo Hofherr, Patricia},
  URL = {http://www.cssp.cnrs.fr/eiss5/sailer/index_en.html},
  BOOKTITLE = {Empirical Issues in Formal Syntax and Semantics},
  DATE = {2004},
  PAGES = {197--214},
  TITLE = {Local Semantics in {HPSG}},
  VOLUME = {5},
}

@INPROCEEDINGS{Sailer:04.sub,
  AUTHOR = {Sailer, Manfred},
  EDITOR = {Meier, Cécile and Weisgerber, Matthias},
  LOCATION = {Konstanz},
  URL = {http://www.ub.uni-konstanz.de/kops/volltexte/2004/1383},
  BOOKTITLE = {Proceedings of {S}inn und {B}edeutung 8},
  DATE = {2004},
  PAGES = {233--248},
  TITLE = {Past Tense Marking in {A}frikaans},
  URLDATE = {2020-02-01},
}

@INPROCEEDINGS{Sailer:05.hpsg,
  AUTHOR = {Sailer, Manfred},
  EDITOR = {Müller, Stefan},
  LOCATION = {Stanford},
  PUBLISHER = {CSLI Publications},
  URL = {http://cslipublications.stanford.edu/HPSG/5/sailer.pdf},
  BOOKTITLE = {Proceedings of the 11th {International Conference} on {H}ead-{D}riven {P}hrase {S}tructure {G}rammar, {L}euven 2004},
  DATE = {2004},
  PAGES = {223--243},
  TITLE = {Propositional Relative Clauses in {G}erman},
  URLDATE = {2019-07-02},
}

@INCOLLECTION{Sailer:05cssp,
  AUTHOR = {Sailer, Manfred},
  EDITOR = {Bonami, Olivier and Cabredo Hofherr, Patricia},
  LOCATION = {Paris},
  PUBLISHER = {CNRS},
  URL = {http://www.cssp.cnrs.fr/eiss6/sailer-eiss6.pdf},
  BOOKTITLE = {Empirical Issues in Formal Syntax and Semantics},
  DATE = {2006},
  PAGES = {375--403},
  TITLE = {\emph{Don't Believe} in Underspecified Semantics. {Neg} Raising in Lexical Resource Semantics},
  URLDATE = {2020-02-01},
  VOLUME = {6},
}

@MISC{Sailer:habil,
  AUTHOR = {Sailer, Manfred},
  DATE = {2009},
  NOTE = {Habilitation thesis, Universität Göttingen},
  TITLE = {A Representational Theory of Negative Polarity Item Licensing},
}

@INCOLLECTION{Sailer:10,
  IDS = {sailer10},
  AUTHOR = {Sailer, Manfred},
  EDITOR = {Müller, Stefan},
  LOCATION = {Stanford},
  PUBLISHER = {CSLI Publications},
  URL = {cslipublications.stanford.edu/HPSG/2010/sailer.pdf},
  BOOKTITLE = {Proceedings of the 17th {International Conference} on {H}ead-{D}riven {P}hrase {S}tructure {G}rammar, {P}aris, 2010},
  DATE = {2010},
  PAGES = {191--211},
  TITLE = {The Family of {E}nglish Cognate Object Constructions},
  URLDATE = {2019-07-02},
}

@INCOLLECTION{Sailer:16,
  AUTHOR = {Sailer, Manfred},
  EDITOR = {Aloni, Maria and Dekker, Paul},
  LOCATION = {Cambridge},
  PUBLISHER = {Cambridge University Press},
  BOOKTITLE = {Cambridge Handbook of Formal Semantics},
  DATE = {2016},
  PAGES = {629--663},
  TITLE = {The Syntax-semantics Interface},
}

@UNPUBLISHED{sailer17,
  AUTHOR = {Sailer, Manfred},
  DATE = {2017},
  NOTE = {Paper presented at {EW-HPSG}, {P}aris, March 2017},
  TITLE = {The multi-dimensional semantics of kinegrams},
}

@ARTICLE{Sailer:18,
  AUTHOR = {Sailer, Manfred},
  DATE = {2018},
  DOI = {10.1515/ling-2017-0041},
  JOURNALTITLE = {Linguistics},
  NUMBER = {2},
  PAGES = {401--433},
  TITLE = {\emph{Doing the Devil}: {D}eriving the {PPI}-hood of a Negation-ex\-press\-ing Multi-dimensional Idiom},
  VOLUME = {52},
}


@ARTICLE{Samvelian2001,
  AUTHOR = {Samvelian, Pollet},
  LANGUAGE = {French},
  DATE = {2001},
  JOURNALTITLE = {Bulletin de la Société de Linguistique de Paris},
  NUMBER = {1},
  PAGES = {349--388},
  TITLE = {Le statut syntaxique des objets nus en persan},
  VOLUME = {96},
}

@BOOK{Samvelian2012,
  AUTHOR = {Samvelian, Pollet},
  PUBLISHER = {Paris: Herm{è}s sciences--Lavoisier},
  DATE = {2012},
  TITLE = {Grammaire des prédicats complexes : les constructions nom-verbe},
}

@INPROCEEDINGS{SamFag2013,
  AUTHOR = {Samvelian, Pollet and Faghiri, Pegah},
  LOCATION = {Atlanta},
  PUBLISHER = {Association for Computational Linguistics},
  BOOKTITLE = {Proceedings of the {9th Workshop on Multiword Expressions (MWE 2013), NAACL-HLT}},
  DATE = {2013-06},
  PAGES = {11--20},
  TITLE = {Introducing {PersPred}, a Syntactic and Semantic Database for {P}ersian Complex Predicates},
}

@ARTICLE{SamFag2014,
  AUTHOR = {Samvelian, Pollet and Faghiri, Pegah},
  DATE = {2014},
  JOURNALTITLE = {Semantics-Syntax Interface},
  NUMBER = {1},
  PAGES = {43--74},
  TITLE = {{P}ersian complex predicates: {H}ow compositional are they?},
  VOLUME = {1},
}

@INCOLLECTION{SamFagBLS,
  AUTHOR = {Samvelian, Pollet and Faghiri, Pegah},
  LOCATION = {Berkeley},
  PUBLISHER = {Linguistic Society of America},
  BOOKTITLE = {Proceedings of the 39th {A}nnual {M}eeting of {B}erkeley {L}inguistic {S}ociety (2013)},
  DATE = {2016},
  DOI = {10.3765/bls.v39i1.3882},
  PAGES = {212--226},
  TITLE = {Re-thinking compositionality in {P}ersian Complex Predicates},
}

@INPROCEEDINGS{Sauerland:03,
  AUTHOR = {Sauerland, Uli},
  EDITOR = {Publications, CLC},
  URL = {http://semanticsarchive.net/Archive/TM0YjdiO/salt03paper.pdf},
  BOOKTITLE = {Salt 13},
  DATE = {2003},
  PAGES = {258--275},
  TITLE = {A New Semantics for Number},
  URLDATE = {2020-02-01},
  VOLUME = {13},
}

@INCOLLECTION{schenk95,
  AUTHOR = {Schenk, Andr{é}},
  EDITOR = {Everaert, Martin and van der Linden, Erik-Jan and Schenk, André and Schreuder, Robert},
  LOCATION = {Hillsdale},
  PUBLISHER = {L.\ Erlbaum Associates},
  BOOKTITLE = {Idioms: {S}tructural and psychological perspectives},
  CHAPTER = {10},
  DATE = {1995},
  PAGES = {253--271},
  TITLE = {The syntactic behavior of idioms},
}

@INCOLLECTION{Spencer:03:Morphology,
  AUTHOR = {Spencer, Andrew},
  EDITOR = {Aronoff, Mark and Ress‐Miller, Janie},
  LOCATION = {Oxford},
  PUBLISHER = {Blackwell},
  BOOKTITLE = {The Handbook of Linguistics},
  DATE = {2003},
  PAGES = {213--237},
  TITLE = {Morphology},
}

@ARTICLE{Spencer2012,
  AUTHOR = {Spencer, Andrew},
  DATE = {2012},
  DOI = {10.3366/word.2012.0021},
  JOURNALTITLE = {Word Structure},
  NUMBER = {1},
  PAGES = {88--108},
  TITLE = {{Identifying} stems},
  VOLUME = {5},
}

@INCOLLECTION{stathi07,
  AUTHOR = {Stathi, Katerina},
  EDITOR = {Fellbaum, Christiane},
  LOCATION = {London},
  PUBLISHER = {Continuum},
  BOOKTITLE = {Idioms and Collocations: {C}orpus-based Linguistic and Lexicographic Studies},
  DATE = {2007},
  PAGES = {81--108},
  TITLE = {A corpus-based analysis of adjectival modification in {G}erman idioms},
}

@INCOLLECTION{Stechow:93,
  AUTHOR = {von Stechow, Arnim},
  EDITOR = {Jacobs, Joachim and von Stechow, Arnim and Sternefeld, Wolfgang and Vennemann, Theo},
  LOCATION = {Berlin and New York},
  PUBLISHER = {de Gruyter},
  BOOKTITLE = {{Syntax. Ein internationales Handbuch zeitgenössischer Forschung}},
  DATE = {1993},
  PAGES = {1--88},
  TITLE = {{Die Aufgaben der Syntax}},
  VOLUME = {1},
}

@ARTICLE{Steele95,
  AUTHOR = {Steele, Susan},
  DATE = {1995},
  JOURNALTITLE = {Language},
  PAGES = {260--309},
  TITLE = {Towards a Theory of Morphological Information},
  VOLUME = {71},
  NUMBER = {2}
}

@ARTICLE{Sternefeld:98,
  AUTHOR = {Sternefeld, Wolfgang},
  DATE = {1998},
  ISSUE = {3},
  JOURNALTITLE = {Natural Language Semantics},
  PAGES = {303--337},
  TITLE = {Reciprocity and Cumulative Predication},
  VOLUME = {6},
}

@ARTICLE{Stichauer18,
  AUTHOR = {Štichauer, Pavel},
  DATE = {2018},
  DOI = {10.1007/s11525-017-9313-z},
  JOURNALTITLE = {Morphology},
  NUMBER = {1},
  PAGES = {1--23},
  TITLE = {Lexical splits within periphrasis: {{Mixed}} perfective auxiliation systems in {Italo-Romance}},
  VOLUME = {28},
}

@BOOK{StumpFinkel2013,
  AUTHOR = {Stump, Gregory T. and Finkel, Raphael A.},
  LOCATION = {Cambridge},
  PUBLISHER = {Cambridge University Press},
  DATE = {2013},
  DOI = {10.1017/CBO9781139248860},
  ISBN = {9781107029248},
  SERIES = {Cambridge Studies in Linguistics},
  TITLE = {{Morphological} Typology: {From} Word to Paradigm},
}

@INCOLLECTION{Stump93,
  AUTHOR = {Stump, Gregory T.},
  EDITOR = {Booij, Geert E. and van Marle, Jaap},
  LOCATION = {Dordrecht},
  PUBLISHER = {Kluwer},
  BOOKTITLE = {Yearbook of Morphology 1992},
  DATE = {1993},
  PAGES = {129--180},
  TITLE = {Position classes and morphological theory},
}

@BOOK{Stump01,
  AUTHOR = {Stump, Gregory T.},
  LOCATION = {Cambridge},
  PUBLISHER = {Cambridge University Press},
  DATE = {2001},
  NUMBER = {93},
  SERIES = {Cambridge Studies in Linguistics},
  TITLE = {Inflectional Morphology. {A} Theory of Paradigm Structure},
}

@ARTICLE{Stump2006,
  IDS = {Stump06},
  AUTHOR = {Stump, Gregory T.},
  PUBLISHER = {Johns Hopkins University Press},
  DATE = {2006},
  DOI = {10.1353/lan.2006.0110},
  JOURNALTITLE = {Language},
  NUMBER = {2},
  PAGES = {279--322},
  TITLE = {{Heteroclisis} and Paradigm Linkage},
  VOLUME = {82},
}


@INCOLLECTION{Stump13b,
  AUTHOR = {Stump, Gregory T.},
  EDITOR = {Chumakina, Marina and Corbett, Greville G.},
  PUBLISHER = {British Academy and Oxford University Press},
  BOOKTITLE = {Periphrasis},
  DATE = {2013},
  PAGES = {105--138},
  TITLE = {Periphrasis in the {Sanskrit} verb system},
}

@BOOK{Stump16,
  AUTHOR = {Stump, Gregory T.},
  LOCATION = {Cambridge},
  PUBLISHER = {Cambridge University Press},
  DATE = {2016},
  TITLE = {Inflectional paradigms},
}

@ARTICLE{Stump17,
  AUTHOR = {Stump, Gregory T.},
  DATE = {2017},
  JOURNALTITLE = {Acta Linguistica Academica},
  NUMBER = {1},
  PAGES = {79--124},
  TITLE = {Rule conflation in an inferential-realizational theory of morphotactics},
  VOLUME = {64},
}

@BOOK{Stump13,
  AUTHOR = {Stump, Gregory T. and Finkel, Raphael A.},
  LOCATION = {Cambridge},
  PUBLISHER = {Cambridge University Press},
  DATE = {2013},
  TITLE = {Morphological Typology: {{From}} Word to Paradigm},
}

@INCOLLECTION{Stump11,
  AUTHOR = {Stump, Gregory T. and Hippisley, Andrew},
  EDITOR = {Korn, Agnes and Haig, Geoffrey and Karimi, Simin and Samvelian, Pollet},
  LOCATION = {Wiesbaden},
  PUBLISHER = {Ludwig Riechert Verlag},
  BOOKTITLE = {Topics in {Iranian} linguistics},
  DATE = {2011},
  PAGES = {103--116},
  TITLE = {Valence sensitivity in {Pamirian} past-tense inflection: {{A}} realizational analysis},
}

@INCOLLECTION{deSwart:01ni,
  AUTHOR = {de Swart, Henriëtte},
  EDITOR = {Bok-Bennema, Rijneke and de Jonge, Bob and Kampers-Manhe, Brigitte and Molendijk, Arie},
  LOCATION = {Amsterdam},
  PUBLISHER = {Editions Rodopi},
  BOOKTITLE = {Adverbial Modification},
  DATE = {2001},
  PAGES = {109--124},
  TITLE = {N{é}gation et coordination: la conjonction \textit{ni}},
}

@BOOK{deSwart:10,
  AUTHOR = {de Swart, Henriëtte},
  LOCATION = {Dordrecht},
  PUBLISHER = {Springer},
  DATE = {2010},
  SERIES = {Studies in Natural Language and Linguistic Theory},
  TITLE = {Expression and Interpretation of Negation},
  VOLUME = {77},
}

@ARTICLE{Szabolcsi:Haddican:04,
  AUTHOR = {Szabolcsi, Anna and Haddican, Bill},
  DATE = {2004},
  DOI = {10.1093/jos/21.3.219},
  JOURNALTITLE = {Journal of Semantics},
  NUMBER = {3},
  PAGES = {219--249},
  TITLE = {Conjunction Meets Negation: {A} Study in Cross-linguistic Variation},
  VOLUME = {21},
}

@INCOLLECTION{Thornton2011,
  AUTHOR = {Thornton, Anna M.},
  PUBLISHER = {Oxford University Press},
  BOOKTITLE = {Morphological Autonomy: {Perspectives} From {R}omance Inflectional Morphology},
  DATE = {2011-08},
  DOI = {10.1093/acprof:oso/9780199589982.003.0017},
  PAGES = {358--381},
  TITLE = {{Overabundance} (Multiple Forms Realizing the Same Cell): {A} Non-canonical Phenomenon in {Italian} Verb Morphology},
}

@ARTICLE{Thornton12,
  AUTHOR = {Thornton, Anna M.},
  DATE = {2012},
  JOURNALTITLE = {Word Structure},
  PAGES = {183--207},
  TITLE = {Reduction and maintenance of overabundance. {A} case study on {I}talian verb paradigms},
  VOLUME = {5},
}

@INCOLLECTION{Thornton19,
  AUTHOR = {Thornton, Anna M.},
  PUBLISHER = {Oxford University Press},
  BOOKTITLE = {Oxford Research Encyclopedia of Linguistics},
  DATE = {2019},
  TITLE = {Overabundance in Morphology},
}

@INCOLLECTION{Toman96,
  AUTHOR = {Toman, Jindřich},
  EDITOR = {Halpern, Aaron L. and Zwicky, Arnold M.},
  LOCATION = {Stanford},
  PUBLISHER = {CSLI Publications},
  BOOKTITLE = {Approaching second: {Second} position clitics and related phenomena},
  DATE = {1996},
  PAGES = {505--510},
  TITLE = {A note on clitics and prosody},
}

@ARTICLE{Tonhauser:al:13,
  AUTHOR = {Tonhauser, Judith and Beaver, David and Roberts, Craige and Simons, Mandy},
  DATE = {2013},
  JOURNALTITLE = {Language},
  NUMBER = {1},
  PAGES = {66--109},
  TITLE = {Toward a Taxonomy of Projective Content},
  VOLUME = {89},
}

@ARTICLE{traxler2002,
  AUTHOR = {Traxler, Matthew J and Morris, Robin K. and Seely, Rachel E.},
  PUBLISHER = {Elsevier},
  DATE = {2002},
  JOURNALTITLE = {Journal of Memory and Language},
  NUMBER = {1},
  PAGES = {69--90},
  TITLE = {Processing subject and object relative clauses: {Evidence} from eye movements},
  VOLUME = {47},
}

@INCOLLECTION{Tseng09,
  AUTHOR = {Tseng, Jesse L.},
  PUBLISHER = {Linguistic Society of Korea},
  BOOKTITLE = {Current Issues in Unity and Diversity of Languages},
  DATE = {2009},
  PAGES = {749--762},
  TITLE = {A formal model of grammaticalization in {Slavic} past tense constructions},
}

@INCOLLECTION{Tseng07,
  AUTHOR = {Tseng, Jesse L. and Kupść, Anna},
  EDITOR = {Kosta, Peter and Schürcks, Lilia},
  LOCATION = {Berne},
  PUBLISHER = {Peter Lang},
  BOOKTITLE = {Linguistic Investigations into Formal Description of {Slavic} Languages},
  DATE = {2007},
  PAGES = {427--439},
  TITLE = {A cross-linguistic approach to {Slavic} past tense and conditional constructions},
}

@Phdthesis{Vahedi-Langrudi:1996,
  AUTHOR = {Vahedi-Langrudi, Mohammad-Mehdi},
  INSTITUTION = {University of Ottawa},
  DATE = {1996},
  TITLE = {The syntax, Semantics and Argument Structure of Complex Predicates in Modern {Farsi}},
}

@BOOK{Gelderen:11,
  AUTHOR = {van Gelderen, Elly},
  LOCATION = {Oxford},
  PUBLISHER = {Oxford University Press},
  DATE = {2011},
  TITLE = {The Linguistic Cycle: {L}anguage Change and the Language Faculty},
}

@ARTICLE{Gelderen:13,
  AUTHOR = {van Gelderen, Elly},
  DATE = {2013},
  JOURNALTITLE = {Language and Linguistics Compass},
  PAGES = {233--250},
  TITLE = {The Linguistic Cycle and the Language Faculty},
  VOLUME = {7},
}

@ARTICLE{VeigaCandeiasPerdigao2013,
  AUTHOR = {Veiga, Arlindo and Candeias, Sara and Perdigão, Fernando},
  PUBLISHER = {Springer-Verlag},
  DATE = {2013},
  DOI = {10.1007/s13173-012-0088-0},
  ISSN = {0104-6500},
  JOURNALTITLE = {Journal of the Brazilian Computer Society},
  NUMBER = {2},
  PAGES = {127--134},
  TITLE = {{Generating} a pronunciation dictionary for {European} {Portuguese} using a joint-sequence model with embedded stress assignment},
  VOLUME = {19},
}

@ARTICLE{Vicente:09,
  AUTHOR = {Vicente, Luis},
  DATE = {2009},
  DOI = {10.1111/j.1467-9612.2009.00126.x},
  JOURNALTITLE = {Syntax},
  NUMBER = {2},
  PAGES = {158--191},
  TITLE = {An Alternative to Remnant Movement for Partial Predicate Fronting},
  VOLUME = {12},
}

@INPROCEEDINGS{Vincent96,
  AUTHOR = {Vincent, Nigel and Börjars, Kersti},
  EDITOR = {Butt, Miriam and King, Tracy Holloway},
  LOCATION = {Stanford},
  PUBLISHER = {CSLI Publications},
  BOOKTITLE = {Proceedings of the first {{LFG}} conference},
  DATE = {1996},
  TITLE = {Suppletion and syntactic theory},
}

@ARTICLE{WaltherSagot2011,
  AUTHOR = {Walther, G{é}raldine and Sagot, Beno{ı̂}t},
  BOOKTITLE = {{Vers la morphologie et au-del{à}}},
  DATE = {2011},
  JOURNAL = {Traitement Automatique des Langues},
  NUMBER = {2},
  PAGES = {91--122},
  TITLE = {{Mod{é}lisation} et impl{é}mentation de ph{é}\-no\-m{è}nes flexionnels non-canoniques},
  VOLUME = {52},
}

@BOOK{wasow2002,
  IDS = {wasow2002postverbal},
  AUTHOR = {Wasow, Thomas},
  PUBLISHER = {CSLI Publications},
  ADDRESS = {Stanford},
  DATE = {2002},
  TITLE = {Postverbal behavior},
}

@BOOK{Winter:01,
  AUTHOR = {Winter, Yoad},
  LOCATION = {Cambridge, MA},
  PUBLISHER = {MIT Press},
  DATE = {2001},
  TITLE = {Flexibility Principles in Boolean Semantics: {{C}}oordination, plurality and scope in natural language},
}

@INPROCEEDINGS{Winter:16,
  AUTHOR = {Winter, Yoad},
  EDITOR = {Pi{ñ}{ó}n, Christopher},
  LOCATION = {Paris},
  PUBLISHER = {CSSP},
  URL = {http://www.cssp.cnrs.fr/eiss11/},
  URLDATE = {2021-02-23},
BOOKTITLE = {Empirical Issues in Syntax and Semantics 11},
  DATE = {2016},
  PAGES = {245--274},
  TITLE = {The Reciprocity-Symmetry Generalization: {P}rotopredicates and the Organization of Lexical Meanings},
}

@ARTICLE{Wunderlich95,
  AUTHOR = {Wunderlich, Dieter and Fabri, Ray},
  DATE = {1995},
  JOURNALTITLE = {Zeitschrift für Sprachwissenschaft},
  NUMBER = {2},
  PAGES = {236--294},
  TITLE = {{Minimalist} {Morphology}: An approach to inflection},
  VOLUME = {14},
}

@ARTICLE{yamashita2001,
  AUTHOR = {Yamashita, Hiroko and Chang, Franklin},
  PUBLISHER = {Elsevier},
  DATE = {2001},
  JOURNALTITLE = {Cognition},
  NUMBER = {2},
  PAGES = {B45--B55},
  TITLE = {``{L}ong before short'' preference in the production of a head-final language},
  VOLUME = {81},
}

@BOOK{Zeijlstra:diss,
  AUTHOR = {Zeijlstra, Hedde},
  INSTITUTION = {Universiteit van Amsterdam},
  LOCATION = {Utrecht},
  PUBLISHER = {LOT},
  DATE = {2004},
  TITLE = {Sentential Negation and Negative Concord},
}

@INPROCEEDINGS{Zeijlstra:04,
  AUTHOR = {Zeijlstra, Hedde},
  EDITOR = {Meier, Cécile and Weisgerber, Matthias},
  LOCATION = {Konstanz},
  URL = {http://www.ub.uni-konstanz.de/kops/volltexte/2004/1383},
  BOOKTITLE = {Proceedings of {S}inn und {B}edeutung 8},
  DATE = {2004},
  PAGES = {333--348},
  TITLE = {Syntactic vs.\ Semantic Negation},
}

@INPROCEEDINGS{Zeijlstra:07,
  AUTHOR = {Zeijlstra, Hedde},
  BOOKTITLE = {Proceedings of {SALT} 17},
  DATE = {2007},
  DOI = {10.3765/salt.v17i0.2961},
  PAGES = {317--332},
  TITLE = {Modal Concord},
}

@INCOLLECTION{Zeijlstra:15,
  AUTHOR = {Zeijlstra, Hedde},
  EDITOR = {Kosta, Peter and Franks, Steven L. and Radeva-Bork, Teodora and Schürcks, Lilia},
  LOCATION = {Amsterdam and Philadelphia},
  PUBLISHER = {Benjamins},
  BOOKTITLE = {Minimalism and Beyond: {R}adicalizing the Interfaces},
  DATE = {2014},
  PAGES = {109--129},
  TITLE = {On the Uninterpretability of Interpretable Features},
}

@ARTICLE{Zeijlstra:16,
  AUTHOR = {Zeijlstra, Hedde},
  DATE = {2016},
  DOI = {10.1146/annurev-linguist-030514-125126},
  JOURNALTITLE = {Annual Review of Linguistics},
  NUMBER = {2},
  PAGES = {17.1--17.22},
  TITLE = {Negation and Negative Dependencies},
}

@ARTICLE{Zeijlstra:17,
  AUTHOR = {Zeijlstra, Hedde},
  DATE = {2018},
  PAGES = {417--433},
  VOLUME = {37},
  DOI = {10.1007/s11245-017-9461-0},
  JOURNALTITLE = {Topoi},
  TITLE = {Does Neg-Raising Involve Neg-Raising?},
}

@INPROCEEDINGS{Zwicky85,
  AUTHOR = {Zwicky, Arnold M.},
  BOOKTITLE = {{Proceedings of Berkeley Linguistics Society 11}},
  DATE = {1985},
  PAGES = {372--386},
  TITLE = {How to describe inflection},
}

@INPROCEEDINGS{Zwicky86,
  AUTHOR = {Zwicky, Arnold M.},
  BOOKTITLE = {{{Proceedings of the Berkeley Linguistics Society}} 12},
  DATE = {1986},
  PAGES = {305--314},
  TITLE = {The General Case: Basic Form vs. Default Form},
}

@ARTICLE{Bird:Klein:94,
  AUTHOR =	 {Bird, Steven and Klein, Ewan},
  TITLE =	 {Phonological Analysis in Typed Feature Systems},
  YEAR =	 1994,
  JOURNAL =	 {Computational Linguistics},
  VOLUME =	 20,
  NUMBER =	 3,
  PAGES =	 {455--491}
}

@COMMENT{BibDesk URL Groups{ <?xml version="1.0" encoding="UTF-8"?> <!DOCTYPE plist PUBLIC "-//Apple//DTD PLIST 1.0//EN" "http://www.apple.com/DTDs/PropertyList-1.0.dtd"> <plist version="1.0"> <array> <dict> <key>URL</key> <string>file://localhost/Users/olivier/Fichiers/Recherche/Publis/2010/Budapest/a0poster/poster-budapest.tex</string> <key>group name</key> <string>poster-budapest.tex</string> </dict> </array> </plist> }}
