@book{langsci-current-book, editor = {Katrin Pfadenhauer and Sofia RÃ¼diger and Valentina Serreli}, title = {{Global and local perspectives on language contact}}, year = {2024}, series = {Contact and Multilingualism}, number = {7}, location = {Berlin}, publisher = {Language Science Press}, options = {dataonly=true} } 
