@book{langsci-current-book, editor = {Anne Reath Warren and Jonas Yassin Iversen and Bogl√°rka Straszer}, title = {{Teacher education for working in linguistically diverse classrooms}}, subtitle = {{Nordic perspectives}},year = {2025}, series = {Current Issues in Bilingualism}, number = {5}, location = {Berlin}, publisher = {Language Science Press}, options = {dataonly=true} } 
