@incollection{aikhenvald_serial_2006,
	ids = {Aikhenvald2006},
	address = {Oxford},
	series = {Explorations in {Linguistic} {Typology}},
	title = {Serial verbs constructions in a typological perspective},
	number = {2},
	booktitle = {Serial verb constructions: {A} cross-linguistic typology},
	publisher = {Oxford University Press},
	author = {Aikhenvald, Alexandra Y.},
	editor = {Alexandra Y. Aikhenvald and {Robert M. W. Dixon}},
	year = {2006},
	pages = {1--68},
}

@book{aikhenvald_manambu_2008,
    ids = {Aikhenvald2008},
	address = {Oxford},
	title = {The {Manambu} language of {East} {Sepik}, {Papua} {New} {Guinea}},
	publisher = {Oxford University Press},
	author = {Aikhenvald, Alexandra Y.},
	year = {2008},
}

@article{allen_different_2020,
    ids = {AllenO’Connell2020},
	title = {A different paradigm for the initial colonisation of {Sahul}},
	volume = {55},
	doi = {10.1002/arco.5207},
	number = {1},
	journal = {Archaeology in Oceania},
	author = {Allen, Jim and O’Connell, James F.},
	year = {2020},
	pages = {1--14},
}

@incollection{andersen_determining_1982,
    ids = {Andersen1982},
	address = {Rowley},
	title = {Determining the linguistic attributes of language attrition},
	booktitle = {The loss of language skills},
	publisher = {Newbury House},
	author = {Andersen, Roger W.},
	editor = {{Richard D. Lambert} and {Barbara F. Freed}},
	year = {1982},
	pages = {83--118},
}

@book{barlow_ulwa_2015,
    ids = {Barlow2015},
	address = {Honolulu},
	title = {Ulwa ({East} {Sepik}, {Papua} {New} {Guinea})},
	url = {https://hdl.handle.net/10125/37432},
	publisher = {Kaipuleohone: The University of Hawai‘i Digital Ethnographic Archive},
	author = {Barlow, Russell},
	year = {2015},
}

@book{barlow_documentation_2018,
    ids = {Barlow2018b},
	address = {London},
	title = {Documentation of {Ulwa}, an endangered language of {Papua} {New} {Guinea}},
	url = {http://hdl.handle.net/2196/00-0000-0000-000F-CB61-A},
	publisher = {SOAS, Endangered Languages Archive},
	author = {Barlow, Russell},
	year = {2018},
}

@phdthesis{barlow_grammar_2018,
    ids = {Barlow2018a},
	address = {Honolulu},
	type = {Doctoral dissertation},
	title = {A grammar of {Ulwa}},
	url = {http://hdl.handle.net/10125/62506},
	school = {University of Hawai‘i at Mānoa},
	author = {Barlow, Russell},
	year = {2018},
}

@article{barlow_agent_2019,
    ids = {Barlow2019a},
	title = {Agent demotion through inverted word order: {Syntactic} passives in {Ulwa}},
	volume = {43},
	doi = {10.1075/sl.19010.bar},
	number = {4},
	journal = {Studies in Language},
	author = {Barlow, Russell},
	year = {2019},
	pages = {1015--1037},
}

@article{barlow_syntactic_2019,
    ids = {Barlow2019b},
	title = {A syntactic motivation for valency reduction: {Antipassive} constructions in {Ulwa}},
	volume = {58},
	doi = {10.1353/ol.2019.0001},
	number = {1},
	journal = {Oceanic Linguistics},
	author = {Barlow, Russell},
	year = {2019},
	pages = {1--30},
}

@article{barlow_notes_2020,
    ids = {Barlow2020a},
	title = {Notes on {Mwakai}, {East} {Sepik} {Province}, {Papua} {New} {Guinea}},
	volume = {38},
	url = {https://langlxmelanesia.com/llm-vol_-38-2020},
	journal = {Language and Linguistics in Melanesia},
	author = {Barlow, Russell},
	year = {2020},
	pages = {37--99},
}

@book{barlow_sketch_2020,
    ids = {Barlow2020b},
	address = {Canberra},
	title = {A sketch grammar of {Pondi}},
	doi = {10.22459/SGP.2020},
	publisher = {Asia-Pacific Linguistics (College of Asia and the Pacific, the Australian National University)},
	author = {Barlow, Russell},
	year = {2020},
}

@article{barlow_ambakich_2021,
    ids = {Barlow2021},
	title = {Ambakich phonological sketch},
	volume = {13},
	url = {https://izumi-syuppan.co.jp/web_LLO/vol-13},
	journal = {Language and Linguistics in Oceania},
	author = {Barlow, Russell},
	year = {2021},
	pages = {32--88},
}

@incollection{bee_toward_1962,
    ids = {BeePence1962},
	address = {Sydney},
	series = {Oceania {Linguistic} {Monographs}},
	title = {Toward standardization of a survey word list for {Papua} and {New} {Guinea}},
	number = {6},
	booktitle = {Studies in {New} {Guinea} linguistics by members of the {Summer} {Institute} of {Linguistics} ({New} {Guinea} branch)},
	publisher = {University of Sydney},
	author = {Bee, Darlene and Pence, Alan R.},
	editor = {{James C. Dean}},
	year = {1962},
	pages = {64--75},
}

@book{berlin_basic_1969,
    ids = {BerlinKay1969},
	address = {Berkeley},
	title = {Basic color terms: {Their} universality and evolution},
	publisher = {University of California Press},
	author = {Berlin, Brent and Kay, Paul},
	year = {1969},
}

@book{blust_austronesian_2013,
    ids = {Blust2013},
	address = {Canberra},
	series = {Asia-{Pacific} {Linguistics}},
	title = {The {Austronesian} languages: {Revised} edition},
	url = {http://hdl.handle.net/1885/10191},
	number = {A-PL 008},
	publisher = {Research School of Pacific and Asian Studies, the Australian National University},
	author = {Blust, Robert},
	year = {2013},
}

@incollection{bourke_history_2009,
    ids = {Bourke2009},
	address = {Canberra},
	title = {History of agriculture in {Papua} {New} {Guinea}},
	doi = {10.22459/FAPNG.08.2009},
	booktitle = {Food and agriculture in {Papua} {New} {Guinea}},
	publisher = {ANU E Press},
	author = {Bourke, R. Michael},
	editor = {{R. Michael Bourke} and {Tracy Harwood}},
	year = {2009},
	pages = {10--26},
}

@unpublished{butler_preliminary_1981,
    ids = {Butler1981b},
	address = {Pioneer Bible Translators},
	type = {Unpublished {MS}},
	title = {Preliminary notes on {Banaro} grammar},
	author = {Butler, William},
	year = {1981},
}

@unpublished{butler_tentative_1981,
    ids = {Butler1981a},
	address = {Pioneer Bible Translators},
	type = {Unpublished {MS}},
	title = {A tentative phonology of {Banaro}},
	author = {Butler, William},
	year = {1981},
}

@incollection{campbell_structural_1989,
    ids = {CampbellMuntzel1989},
	address = {Cambridge},
	series = {Studies in the {Social} and {Cultural} {Foundations} of {Language}},
	title = {The structural consequences of language death},
	doi = {10.1017/CBO9780511620997.016},
	number = {7},
	booktitle = {Investigating obsolescence: {Studies} in language contraction and death},
	publisher = {Cambridge University Press},
	author = {Campbell, Lyle and Muntzel, Martha C.},
	editor = {{Nancy Dorian}},
	year = {1989},
	pages = {181--196},
}

@book{capell_linguistic_1954,
    ids = {Capell1954},
	address = {Nouméa},
	series = {South {Pacific} {Commission} {Technical} {Paper}},
	title = {A linguistic survey of the south-western {Pacific}},
	number = {No. 70},
	publisher = {South Pacific Commission},
	author = {Capell, Arthur},
	year = {1954},
}

@book{capell_linguistic_1962,
    ids = {Capell1962},
	address = {Nouméa},
	series = {South {Pacific} {Commission} {Technical} {Paper}},
	title = {A linguistic survey of the south-western {Pacific}: {New} and revised edition},
	number = {No. 136},
	publisher = {South Pacific Commission},
	author = {Capell, Arthur},
	year = {1962},
}

@incollection{clark_birds_2011,
    ids = {Clark2011},
	address = {Canberra},
	series = {Pacific {Linguistics}},
	title = {Birds},
	url = {http://hdl.handle.net/1885/106908},
	number = {621},
	booktitle = {The lexicon of {Proto} {Oceanic}: {The} culture and environment of ancestral {Oceanic} society, volume 4: {Animals}},
	publisher = {Research School of Pacific and Asian Studies, the Australian National University},
	author = {Clark, Ross},
	editor = {{Malcolm Ross} and {Andrew Pawley} and {Meredith Osmond}},
	year = {2011},
	pages = {271--370},
}

@unpublished{comrie_leipzig_2008,
    ids = {ComrieEtAl2008},
	address = {Leipzig: Department of Linguistics of the Max Planck Institute for Evolutionary Anthropology and Department of Linguistics of the University of Leipzig},
	title = {The {Leipzig} {Glossing} {Rules}: {Conventions} for interlinear morpheme-by-morpheme glosses: {Revised} edition},
	url = {https://www.eva.mpg.de/lingua/resources/glossing-rules.php},
	author = {Comrie, Bernard and Haspelmath, Martin and Bickel, Balthasar},
	year = {2008},
}

@incollection{comrie_relativization_2013,
    ids = {ComrieKuteva2013},
	address = {Leipzig},
	title = {Relativization on subjects},
	url = {http://wals.info/chapter/122},
	booktitle = {The world atlas of language structures online},
	publisher = {Max Planck Institute for Evolutionary Anthropology},
	author = {Comrie, Bernard and Kuteva, Tania},
	editor = {{Matthew S. Dryer} and {Martin Haspelmath}},
	year = {2013},
}

@article{dahl_typology_1979,
    ids = {Dahl1979},
	title = {Typology of sentence negation},
	volume = {17},
	doi = {10.1515/ling.1979.17.1-2.79},
	number = {1},
	journal = {Linguistics},
	author = {Dahl, Östen},
	year = {1979},
	pages = {79--106},
}

@book{daniels_grammatical_2020,
    ids = {Daniels2020},
	address = {Berlin},
	series = {Studies in {Language} {Change}},
	title = {Grammatical reconstruction: {The} {Sogeram} languages of {New} {Guinea}},
	doi = {10.1515/9783110616217},
	number = {16},
	publisher = {De Gruyter Mouton},
	author = {Daniels, Don},
	year = {2020},
}

@book{de_vries_korowai_1997,
    ids = {deVriesvanEnk1997},
	address = {New York},
	series = {Oxford {Studies} in {Anthropological} {Linguistics}},
	title = {The {Korowai} of {Irian} {Jaya}: {Their} language in its cultural context},
	number = {9},
	publisher = {Oxford University Press},
	author = {de Vries, Lourens and van Enk, Gerrit J.},
	year = {1997},
}

@article{dixon_ergativity_1979,
    ids = {Dixon1979},
	title = {Ergativity},
	volume = {55},
	doi = {10.2307/412519},
	number = {1},
	journal = {Language},
	author = {Dixon, Robert M. W.},
	year = {1979},
	pages = {59--138},
}

@article{donohue_papuan_2007,
    ids = {Donohue2007},
	title = {The {Papuan} language of {Tambora}},
	volume = {46},
	doi = {10.1353/ol.2008.0014},
	number = {2},
	journal = {Oceanic Linguistics},
	author = {Donohue, Mark},
	year = {2007},
	pages = {520--537},
}

@incollection{dryer_descriptive_2006,
    ids = {Dryer2006},
	address = {Berlin},
	series = {Trends in {Linguistics}. {Studies} and {Monographs}},
	title = {Descriptive theories, explanatory theories, and basic linguistic theory},
	doi = {10.1515/9783110197693.207},
	number = {167},
	booktitle = {Catching language: {The} standing challenge of grammar writing},
	publisher = {Mouton de Gruyter},
	author = {Dryer, Matthew S.},
	editor = {{Felix K. Ameka} and {Alan Dench} and {Nicholas Evans}},
	year = {2006},
	pages = {207--234},
}

@book{eberhard_ethnologue_2022,
    ids = {EberhardEtAl2022},
	address = {Dallas},
	title = {Ethnologue: {Languages} of the world. {Twenty}-fifth edition.},
	url = {http://www.ethnologue.com},
	publisher = {SIL International},
	editor = {Eberhard, David M. and Simons, Gary F. and Fennig, Charles D.},
	year = {2022},
}

@incollection{evans_insubordination_2007,
    ids = {Evans2007},
	address = {Oxford},
	title = {Insubordination and its uses},
	booktitle = {Finiteness: {Theoretical} and empirical foundations},
	publisher = {Oxford University Press},
	author = {Evans, Nicholas},
	editor = {{Irina Nikolaeva}},
	year = {2007},
	pages = {366--431},
}

@book{foley_papuan_1986,
    ids = {Foley1986},
	address = {Cambridge},
	title = {The {Papuan} languages of {New} {Guinea}},
	publisher = {Cambridge University Press},
	author = {Foley, William A.},
	year = {1986},
}

@book{foley_yimas_1991,
    ids = {Foley1991},
	address = {Stanford},
	title = {The {Yimas} language of {New} {Guinea}},
	publisher = {Stanford University Press},
	author = {Foley, William A.},
	year = {1991},
}

@article{foley_grammatical_1999,
    ids = {Foley1999},
	title = {Grammatical relations, information structure, and constituency in {Watam}},
	volume = {38},
	doi = {10.2307/3623395},
	number = {1},
	journal = {Oceanic Linguistics},
	author = {Foley, William A.},
	year = {1999},
	pages = {115--138},
}



@incollection{foley_linguistic_2005,
    ids = {Foley2005},
	address = {Canberra},
	series = {Pacific {Linguistics}},
	title = {Linguistic prehistory in the {Sepik}-{Ramu} {Basin}},
	url = {http://hdl.handle.net/1885/146735},
	number = {572},
	booktitle = {Papuan pasts: {Studies} in the cultural, linguistic and biological history of the {Papuan}-speaking peoples},
	publisher = {Research School of Pacific and Asian Studies, the Australian National University},
	author = {Foley, William A.},
	editor = {{Andrew Pawley} and {Robert Attenborough} and {Jack Golson} and {Robin Hide}},
	year = {2005},
	pages = {109--144},
}

@incollection{foley_languages_2018,
    ids = {Foley2018},
	address = {Berlin},
	series = {The {World} of {Linguistics}},
	title = {The languages of the {Sepik}-{Ramu} {Basin} and environs},
	doi = {10.1515/9783110295252-003},
	number = {4},
	booktitle = {The languages and linguistics of the {New} {Guinea} area: {A} comprehensive guide},
	publisher = {De Gruyter Mouton},
	author = {Foley, William A.},
	editor = {{Bill Palmer}},
	year = {2018},
	pages = {197--432},
}

@incollection{foley_language_2020,
    ids = {Foley2020},
	address = {Oxford},
	title = {Language diversity, geomorphological change, and population movements in the {Sepik}-{Ramu} basin of {Papua} {New} {Guinea}},
	doi = {10.1093/oso/9780198723813.003.0008},
	booktitle = {Language dispersal, diversification, and contact: {A} global perspective},
	publisher = {Oxford University Press},
	author = {Foley, William A.},
	editor = {{Mily Crevels} and {Pieter Muysken}},
	year = {2020},
	pages = {142--155},
}

@incollection{greenberg_indo-pacific_1971,
    ids = {Greenberg1971},
	address = {The Hague},
	series = {Current {Trends} in {Linguistics}},
	title = {The {Indo}-{Pacific} hypothesis},
	doi = {10.1515/9783111418827},
	number = {8},
	booktitle = {Linguistics in {Oceania}},
	publisher = {Mouton},
	author = {Greenberg, Joseph H.},
	editor = {, J. Donald Bowen},
	year = {1971},
}

@article{haberland_sago_1966,
    ids = {Haberland1966},
	title = {Sago und “{Austronesier}”: {Bemerkungen} zur {Kulturhistorischen} {Methode}},
	volume = {12},
	url = {https://www.jstor.org/stable/40341484},
	journal = {Paideuma: Mitteilungen zur Kulturkunde},
	author = {Haberland, Eike},
	year = {1966},
	pages = {81--101},
}

@book{hammarstrom_glottolog_2022,
    ids = {HammarströmEtAl2022},
	address = {Leipzig},
	title = {Glottolog 4.6},
	doi = {10.5281/zenodo.6578297},
	publisher = {Max Planck Institute for Evolutionary Anthropology},
	editor = {Hammarström, Harald and Forkel, Robert and Haspelmath, Martin and Bank, Sebastian},
	year = {2022},
}

@article{haspelmath_serial_2016,
    ids = {Haspelmath2016},
	title = {The serial verb construction: {Comparative} concept and cross-linguistic generalization},
	volume = {17},
	doi = {10.1177/2397002215626895},
	journal = {Language and Linguistics},
	author = {Haspelmath, Martin},
	year = {2016},
	pages = {291--319},
}

@phdthesis{hatfield_grammar_2016,
    ids = {Hatfield2016},
	address = {Buffalo},
	type = {Doctoral dissertation},
	title = {A grammar of {Mehek}},
	url = {https://eric.ed.gov/?id=ED589163},
	school = {University of Buffalo, State University of New York},
	author = {Hatfield, Adam},
	year = {2016},
}

@phdthesis{heaton_typology_2017,
    ids = {Heaton2017},
	address = {Honolulu},
	type = {Doctoral dissertation},
	title = {A typology of antipassives, with special reference to {Mayan}},
	url = {http://hdl.handle.net/10125/62499},
	school = {University of Hawai‘i at Mānoa},
	author = {Heaton, Raina},
	year = {2017},
}

@article{hopper_transitivity_1980,
    ids = {HopperThompson1980},
	title = {Transitivity in grammar and discourse},
	volume = {56},
	doi = {10.2307/413757},
	number = {2},
	journal = {Language},
	author = {Hopper, Paul and Thompson, Sandra A.},
	year = {1980},
	pages = {251--299},
}

@book{janzen_sos_2018,
    ids = {JanzenCorbalan2018},
	title = {Sos {Kundi} – {English} – {Tok} {Pisin} dictionary},
	url = {https://www.webonary.org/soskundi},
	publisher = {SIL International},
	editor = {Janzen, Correna and Corbalan, Elvira},
	year = {2018},
}

@article{keenan_noun_1977,
    ids = {KeenanComrie1977},
	title = {Noun phrase accessibility and universal grammar},
	volume = {8},
	url = {https://www.jstor.org/stable/4177973},
	number = {1},
	journal = {Linguistic Inquiry},
	author = {Keenan, Edward L. and Comrie, Bernard},
	year = {1977},
	pages = {63--99},
}

@article{killian_deictic_2022,
    ids = {KillianBarlow2022},
	title = {Deictic marking in adpositions in {Ap} {Ma} and {Waran}},
	volume = {2},
	doi = {10.6092/issn.2785-0943/13575},
	number = {1},
	journal = {Linguistic Typology at the Crossroads},
	author = {Killian, Don and Barlow, Russell},
	year = {2022},
	pages = {37--64},
}




@book{kulick_grammar_2019,
    ids = {KulickTerrill2019},
	address = {Berlin},
	series = {Pacific {Linguistics}},
	title = {A grammar and dictionary of {Tayap}: {The} life and death of a {Papuan} language},
	doi = {10.1515/9781501512209},
	number = {661},
	publisher = {De Gruyter Mouton},
	author = {Kulick, Don and Terrill, Angela},
	year = {2019},
}

@unpublished{laycock_notebook_1970,
    ids = {Laycock1970},
	address = {Pacific and Regional Archive for Digital Sources in Endangered Cultures (PARADISEC)},
	title = {Notebook {D6}: {Selected} research papers of {Don} {Laycock} on languages in {Papua} {New} {Guinea}},
	doi = {10.4225/72/56F2B482900D8},
	author = {Laycock, Donald C.},
	year = {1970},
}

@unpublished{laycock_notebook_1971,
    ids = {Laycock1971a},
	address = {Pacific and Regional Archive for Digital Sources in Endangered Cultures (PARADISEC)},
	title = {Notebook {D23}: {Selected} research papers of {Don} {Laycock} on languages in {Papua} {New} {Guinea}},
	doi = {10.4225/72/56F2B4E751BAF},
	author = {Laycock, Donald C.},
	year = {1971},
}

@unpublished{laycock_notebook_1971-1,
    ids = {Laycock1971e},
	address = {Pacific and Regional Archive for Digital Sources in Endangered Cultures (PARADISEC)},
	title = {Notebook {D25}: {Selected} research papers of {Don} {Laycock} on languages in {Papua} {New} {Guinea}},
	doi = {10.4225/72/56F2B4F2BB09C},
	author = {Laycock, Donald C.},
	year = {1971},
}

@unpublished{laycock_notebook_1971-2,
    ids = {Laycock1971b},
	address = {Pacific and Regional Archive for Digital Sources in Endangered Cultures (PARADISEC)},
	title = {Notebook {D34}: {Selected} research papers of {Don} {Laycock} on languages in {Papua} {New} {Guinea}},
	doi = {10.4225/72/56F2B51B75A17},
	author = {Laycock, Donald C.},
	year = {1971},
}

@unpublished{laycock_notebook_1971-3,
    ids = {Laycock1971d},
	address = {Pacific and Regional Archive for Digital Sources in Endangered Cultures (PARADISEC)},
	title = {Notebook {D35}: {Selected} research papers of {Don} {Laycock} on languages in {Papua} {New} {Guinea}},
	doi = {10.4225/72/56F2B52172E4E},
	author = {Laycock, Donald C.},
	year = {1971},
}

@unpublished{laycock_notebook_1971-4,
    ids = {Laycock1971c},
	address = {Pacific and Regional Archive for Digital Sources in Endangered Cultures (PARADISEC)},
	title = {Notebook {D36}: {Selected} research papers of {Don} {Laycock} on languages in {Papua} {New} {Guinea}},
	doi = {10.4225/72/56F2B52794742},
	author = {Laycock, Donald C.},
	year = {1971},
}


 

@incollection{laycock_sepik-ramu_1975,
    ids = {LaycockZ’graggen1975},
	address = {Canberra},
	series = {Pacific {Linguistics}},
	title = {The {Sepik}-{Ramu} phylum},
	url = {http://hdl.handle.net/1885/145150},
	number = {C-38},
	booktitle = {New {Guinea} area languages and language study, volume 1: {Papuan} languages and the {New} {Guinea} linguistic scene},
	publisher = {Research School of Pacific Studies, the Australian National University},
	author = {Laycock, Donald C. and Z’graggen, John A.},
	editor = {{Stephen A. Wurm}},
	year = {1975},
	pages = {731--764},
}

@article{lee_assessing_2016,
    ids = {LeeVanWay2016},
	title = {Assessing levels of endangerment in the {Catalogue} of {Endangered} {Languages} ({ELCat}) using the {Language} {Endangerment} {Index} ({LEI})},
	volume = {45},
	doi = {10.1017/S0047404515000962},
	number = {2},
	journal = {Language in Society},
	author = {Lee, Nala H. and Van Way, John R.},
	year = {2016},
	pages = {271--292},
}

@incollection{lee_language_2018,
    ids = {LeeVanWay2018},
	address = {London},
	title = {The {Language} {Endangerment} {Index}},
	doi = {10.4324/9781315686028-5},
	booktitle = {Cataloguing the world’s endangered languages},
	publisher = {Routledge},
	author = {Lee, Nala H. and Van Way, John R.},
	editor = {{Lyle Campbell} and {Anna Belew}},
	year = {2018},
	pages = {66--78},
}

@article{lewis_assessing_2010,
    ids = {LewisSimons2010},
	title = {Assessing endangerment: {Expanding} {Fishman}’s {GIDS}},
	volume = {55},
	url = {https://www.lingv.ro/RRL-2010.html},
	number = {2},
	journal = {Revue roumaine de linguistique},
	author = {Lewis, M. Paul and Simons, Gary F.},
	year = {2010},
	pages = {103--120},
}

@book{laycock_sepik_1973,
    ids = {Laycock1973},
	address = {Canberra},
	series = {Pacific {Linguistics}},
	title = {Sepik languages: {Checklist} and preliminary classification},
	url = {http://hdl.handle.net/1885/146478},
	number = {B-25},
	publisher = {Research School of Pacific Studies, the Australian National University},
	author = {Laycock, Donald C.},
	year = {1973},
}

@unpublished{lincoln_gitua_1977,
    ids = {Lincoln1977},
	type = {Unpublished {MS}},
	title = {Gitua – {English} vocabulary. {Preliminary} version},
	url = {http://hdl.handle.net/10524/18938},
	author = {Lincoln, Peter C.},
	year = {1977},
}

@incollection{longacre_sentences_2007,
    ids = {Longacre2007},
	address = {Cambridge},
	title = {Sentences as combinations of clauses},
	doi = {10.1017/CBO9780511619434.007},
	booktitle = {Language typology and syntactic description, volume {II}: {Complex} construction, second edition},
	publisher = {Cambridge University Press},
	author = {Longacre, Robert},
	editor = {{Timothy Shopen}},
	year = {2007},
	pages = {372--420},
}

@incollection{maddieson_consonant_2013,
    ids = {Maddieson2013},
	address = {Leipzig},
	title = {Consonant inventories},
	url = {http://wals.info/chapter/1},
	booktitle = {The world atlas of language structures online},
	publisher = {Max Planck Institute for Evolutionary Anthropology},
	author = {Maddieson, Ian},
	editor = {{Matthew S. Dryer} and {Martin Haspelmath}},
	year = {2013},
}

@incollection{maddieson_vowel_2013,
    ids = {Maddieson2013b},
	address = {Leipzig},
	title = {Vowel quality inventories},
	url = {http://wals.info/chapter/2},
	booktitle = {The world atlas of language structures online},
	publisher = {Max Planck Institute for Evolutionary Anthropology},
	author = {Maddieson, Ian},
	editor = {{Matthew S. Dryer} and {Martin Haspelmath}},
	year = {2013},
}

@incollection{maddieson_consonant-vowel_2013,
    ids = {Maddieson2013c},
	address = {Leipzig},
	title = {Consonant-vowel ratio},
	url = {http://wals.info/chapter/3},
	booktitle = {The world atlas of language structures online},
	publisher = {Max Planck Institute for Evolutionary Anthropology},
	author = {Maddieson, Ian},
	editor = {{Matthew S. Dryer} and {Martin Haspelmath}},
	year = {2013},
}

@book{malchukov_studies_2010,
    ids = {MalchukovEtAl2010},
	address = {Berlin},
	title = {Studies in ditransitive constructions: {A} comparative handbook},
	doi = {10.1515/9783110220377},
	publisher = {De Gruyter Mouton},
	editor = {Malchukov, Andrej and Haspelmath, Martin and Comrie, Bernard},
	year = {2010},
}

@book{mcelhanon_trans-new_1970,
    ids = {McElhanonVoorhoeve1970},
	address = {Canberra},
	series = {Pacific {Linguistics}},
	title = {The {Trans}-{New} {Guinea} {Phylum}: {Explorations} in deep-level genetic relationships},
	url = {http://hdl.handle.net/1885/146444},
	number = {B-16},
	publisher = {Research School of Pacific Studies, the Australian National University},
	author = {McElhanon, Kenneth A. and Voorhoeve, C. L.},
	year = {1970},
}

@unpublished{mcelvenny_biwat_2005,
    ids = {McElvenny2005},
	address = {Pacific and Regional Archive for Digital Sources in Endangered Cultures (PARADISEC)},
	title = {Biwat ({Papua} {New} {Guinea})},
	doi = {10.4225/72/56E82555997E4},
	author = {McElvenny, James},
	year = {2005},
}

@unpublished{mcelvenny_notes_2006,
    ids = {McElvenny2006},
	address = {University of Sydney},
	type = {Unpublished {MS}},
	title = {Notes on the {Mudukumo} language of the {Yuat} {River}, {East} {Sepik} {Province}, {PNG}},
	author = {McElvenny, James},
	year = {2006},
}

@book{mead_sex_1935,
    ids = {Mead1935},
	address = {New York},
	title = {Sex and temperament in three primitive societies},
	publisher = {William Morrow \& Company},
	author = {Mead, Margaret},
	year = {1935},
}

@book{moran_phoible_2019,
    ids = {MoranMcCloy2019},
	address = {Jena},
	title = {{PHOIBLE} 2.0},
	url = {http://phoible.org},
	publisher = {Max Planck Institute for the Science of Human History},
	author = {Moran, Steven and McCloy, Daniel},
	year = {2019},
}

@book{naess_prototypical_2007,
    ids = {Næss2007},
	address = {Amsterdam},
	series = {Typological {Studies} in {Language}},
	title = {Prototypical transitivity},
	doi = {10.1075/tsl.72},
	number = {72},
	publisher = {John Benjamins},
	author = {Næss, Åshild},
	year = {2007},
}

@incollection{naess_how_2009,
    ids = {Næss2009},
	address = {Amsterdam},
	series = {Typological {Studies} in {Language}},
	title = {How transitive are {EAT} and {DRINK} verbs?},
	doi = {10.1075/tsl.84.03nae},
	number = {84},
	booktitle = {The linguistics of eating and drinking},
	publisher = {John Benjamins},
	author = {Næss, Åshild},
	editor = {{John Newman}},
	year = {2009},
	pages = {27--43},
}

@book{national_statistic_office_papua_2014,
    ids = {NationalStatisticOffice2014},
	address = {Port Moresby},
	title = {Papua {New} {Guinea} 2011 {National} population and housing census: {Ward} population profile: {Momase} region},
	url = {https://www.nso.gov.pg/download/51/population-housing/2962/census-figures-by-wards-momase-region.pdf},
	publisher = {National Statistic Office},
	author = {{National Statistic Office}},
	year = {2014},
}

@article{nichols_transitivizing_2004,
    ids = {NicholsEtAl2004},
	title = {Transitivizing and detransitivizing languages},
	volume = {8},
	doi = {10.1515/lity.2004.005},
	number = {2},
	journal = {Linguistic Typology},
	author = {Nichols, Johanna and Peterson, David A. and Barnes, Jonathan},
	year = {2004},
	pages = {149--211},
}

@incollection{palmer_language_2018,
    ids = {Palmer2018},
	address = {Berlin},
	series = {The {World} of {Linguistics}},
	title = {Language families of the {New} {Guinea} area},
	doi = {10.1515/9783110295252-001},
	number = {4},
	booktitle = {The languages and linguistics of the {New} {Guinea} {Area}: {A} comprehensive guide},
	publisher = {De Gruyter Mouton},
	author = {Palmer, Bill},
	year = {2018},
	pages = {1--20},
}

@techreport{patrol_reports_19481953_1950,
    ids = {PatrolReports1950},
	title = {1948–1953. {District}: {East} {Sepik}. {Station}: {Angoram}. {Volume} {No}: 2. {Accession} {No}: 496},
	url = {https://library.ucsd.edu/dc/object/bb7715246r},
	institution = {National Archives and Public Records Services of Papua New Guinea},
	author = {{Patrol Reports}},
	year = {1950},
}

@techreport{patrol_reports_19691970_1969,
    ids = {PatrolReports1969},
	title = {1969–1970. {District}: {East} {Sepik}. {Station}: {Angoram}. {Volume} {No}: 15. {Accession} {No}: 496},
	url = {https://library.ucsd.edu/dc/object/bb8295461n},
	institution = {National Archives and Public Records Services of Papua New Guinea},
	author = {{Patrol Reports}},
	year = {1969},
}

@book{pawley_dictionary_2011,
    ids = {PawleyBulmer2011},
	address = {Canberra},
	series = {Pacific {Linguistics}},
	title = {A dictionary of {Kalam} with ethnographic notes},
	url = {http://hdl.handle.net/1885/209981},
	number = {630},
	publisher = {College of Asia and the Pacific, the Australian National University},
	author = {Pawley, Andrew and Bulmer, Ralph},
	year = {2011},
}

@book{potter_sociolinguistic_2008,
    ids = {PotterEtAl2008},
	series = {{SIL} {Electronic} {Survey} {Report}},
	title = {The sociolinguistic situation of the {Ambakich} language},
	url = {https://www.sil.org/resources/archives/8990},
	number = {2008-012},
	publisher = {SIL International},
	author = {Potter, Margaret and Lambrecht, Philip and Alemán, Laura and Janzen, Correna},
	year = {2008},
}

@book{retsema_mungkip_2009,
    ids = {RetsemaEtAl2009},
	series = {{SIL} {Electronic} {Survey} {Reports}},
	title = {Mungkip: {An} endangered language},
	url = {https://www.sil.org/resources/archives/9185},
	number = {2009-015},
	publisher = {SIL International},
	author = {Retsema, Thom and Potter, Margaret and Gray, Rachel},
	year = {2009},
}

@article{riesenfeld_tobacco_1951,
    ids = {Riesenfeld1951},
	title = {Tobacco in {New} {Guinea} and the other areas of {Melanesia}},
	volume = {81},
	doi = {10.2307/2844017},
	number = {1},
	journal = {The Journal of the Royal Anthropological Institute of Great Britain and Ireland},
	author = {Riesenfeld, Alphonse},
	year = {1951},
	pages = {69--112},
}

@incollection{ross_pronouns_2005,
    ids = {Ross2005},
	address = {Canberra},
	series = {Pacific {Linguistics}},
	title = {Pronouns as a preliminary diagnostic for grouping {Papuan} languages},
	url = {http://hdl.handle.net/1885/146735},
	number = {572},
	booktitle = {Papuan pasts: {Studies} in the cultural, linguistic and biological history of the {Papuan}-speaking peoples},
	publisher = {Research School of Pacific and Asian Studies, the Australian National University},
	author = {Ross, Malcolm},
	editor = {{Andrew Pawley} and {Robert Attenborough} and {Jack Golson} and {Robin Hide}},
	year = {2005},
	pages = {15--66},
}

@incollection{siewierska_passive_2013,
    ids = {Siewierska2013},
	address = {Leipzig},
	title = {Passive constructions},
	url = {http://wals.info/chapter/107},
	booktitle = {The world atlas of language structures online},
	publisher = {Max Planck Institute for Evolutionary Anthropology},
	author = {Siewierska, Anna},
	editor = {{Matthew S. Dryer} and {Martin Haspelmath}},
	year = {2013},
}

@incollection{silverstein_hierarchies_1976,
    ids ={Silverstein1976},
	address = {Canberra},
	series = {Linguistic {Series}},
	title = {Hierarchies of features and ergativity},
	number = {22},
	booktitle = {Grammatical categories in {Australian} languages},
	publisher = {Australian Institute of Aboriginal Studies},
	author = {Silverstein, Michael},
	year = {1976},
	pages = {112--171},
}

@book{stanhope_language_1980,
    ids = {Stanhope1980},
	address = {Canberra},
	series = {Pacific {Linguistics}},
	title = {The language of the {Rao} people, {Grengabu}, {Madang} {Province}, {Papua} {New} {Guinea}},
	url = {http://hdl.handle.net/1885/144501},
	number = {D-18},
	publisher = {Research School of Pacific Studies, the Australian National University},
	author = {Stanhope, John M.},
	year = {1980},
}

@article{storey_counting_2008,
    ids = {StoreyEtAl2008},
	title = {Counting your chickens: {Density} and distribution of chicken remains in {Archaeological} sites of {Oceania}},
	volume = {18},
	doi = {10.1002/oa.947},
	number = {3},
	journal = {International Journal of Osteoarchaeology},
	author = {Storey, Alice A. and Ladefoged, Thegn and Matisoo-Smith, Elizabeth A.},
	year = {2008},
	pages = {240--261},
}

@article{swadesh_lexico-statistic_1952,
    ids ={Swadesh1952},
	title = {Lexico-statistic dating of prehistoric ethnic contacts: {With} special reference to {North} {American} {Indians} and {Eskimos}},
	volume = {96},
	url = {https://www.jstor.org/stable/3143802},
	number = {4},
	journal = {Proceedings of the American Philosophical Society},
	author = {Swadesh, Morris},
	year = {1952},
	pages = {452--463},
}

@book{swadesh_origin_1971,
    ids = {Swadesh1971},
	address = {Chicago},
	title = {The origin and diversification of language},
	publisher = {Aldine-Atherton},
	author = {Swadesh, Morris},
	editor = {{Joel F. Sherzer}},
	year = {1971},
}

@techreport{unesco_language_2003,
    ids = {UNESCO2003},
	address = {Paris},
	title = {Language vitality and endangerment. {Document} submitted to the {International} {Expert} {Meeting} on {UNESCO} {Programme} {Safeguarding} of {Endangered} {Languages}},
	url = {https://ich.unesco.org/doc/src/00120-EN.pdf},
	author = {UNESCO, Ad Hoc Expert Group on Endangered Languages},
	month = mar,
	year = {2003},
}

@incollection{usher_keram_nodate,
	ids = {UsherNoDate},
	title = {Keram {River}},
	url = {https://sites.google.com/site/newguineaworld/families/keram-and-ramu-rivers/keram-river},
	booktitle = {New {Guinea} world},
	author = {Usher, Timothy},
	editor = {Timothy Usher and Edgar Suter},
}

@article{usher_keram_nodate-1,
    ids = {UsherBarlow},
	title = {The {Keram} language family of {New} {Guinea}},
	author = {Usher, Timothy and Barlow, Russell}
}

@book{volker_papua_2008,
    ids = {Volker2008},
	address = {Melbourne},
	title = {Papua {New} {Guinea} {Tok} {Pisin} {English} dictionary},
	publisher = {Oxford University Press},
	author = {Volker, Craig Alan},
	year = {2008},
}

@book{vormann_monumbo-sprache_1914,
    ids = {VormannScharfenberger1914},
	address = {Wien},
	series = {Anthropos},
	title = {Die {Monumbo}-{Sprache}: {Grammatik} und {Wörterverzeichnis}, mit {Einleitung} und {Anhang} von {P}. {Ferd}. {Hestermann}, {S}.{V}.{D}.},
	number = {1},
	publisher = {Mechitharisten-Buchdruckerei},
	author = {Vormann, Franz and Scharfenberger, Wilhelm},
	year = {1914},
}

@unpublished{wade_botinenglish_1983,
    ids = {Wade1983},
	address = {Pioneer Bible Translators},
	type = {Unpublished {MS}},
	title = {Botin/{English} dictionary},
	author = {Wade, Martha},
	year = {1983},
}

@phdthesis{wade_stratificational_1984,
    ids = {Wade1984},
	address = {Arlington},
	type = {Master’s thesis},
	title = {Some stratificational insights concerning {Botin} ({Kambot}), a {Papuan} language},
	school = {University of Texas at Arlington},
	author = {Wade, Martha},
	year = {1984},
}

@book{wilkinson_malay-english_1959,
    ids = {Wilkinson1959},
	address = {London},
	title = {A {Malay}-{English} dictionary: {Romanised}},
	publisher = {Macmillan},
	author = {Wilkinson, Richard James},
	year = {1959},
}

@incollection{wurm_trans_1975,
    ids = {WurmEtAl1975},
	address = {Canberra},
	series = {Pacific {Linguistics}},
	title = {The {Trans} {New} {Guinea} {Phylum} in general},
	url = {http://hdl.handle.net/1885/145150},
	number = {C-38},
	booktitle = {New {Guinea} area languages and language study, {Volume} 1: {Papuan} languages and the {New} {Guinea} linguistic scene},
	publisher = {Research School of Pacific Studies, the Australian National University},
	author = {Wurm, Stephen A. and Voorhoeve, C. L. and McElhanon, Kenneth},
	editor = {{Stephen A. Wurm}},
	year = {1975},
	pages = {299--322},
}

@phdthesis{zgraggen_classificatory_1969,
    ids = {Z’graggen1969},
	address = {Canberra},
	type = {Doctoral dissertation},
	title = {Classificatory and typological studies in languages of the western {Madang} district, {New} {Guinea}},
	url = {http://hdl.handle.net/1885/130077},
	school = {The Australian National University},
	author = {Z’graggen, John A.},
	year = {1969},
}

@book{zgraggen_classificatory_1971,
    ids = {Z’graggen1971},
	address = {Canberra},
	series = {Pacific {Linguistics}},
	title = {Classificatory and typological studies in languages of the {Madang} district},
	url = {http://hdl.handle.net/1885/146580},
	number = {C-19},
	publisher = {Pacific Linguistics, the Australian National University},
	author = {Z’graggen, John A.},
	year = {1971},
}

@unpublished{zgraggen_comparative_1972,
    ids = {Z’graggen1972},
	address = {Alexishafen: Anthropos Institute},
	type = {Unpublished {MS}},
	title = {Comparative wordlist of the {Ramu} language group, {New} {Guinea}},
	author = {Z’graggen, John A.},
	year = {1972},
}

@article{foley_languages_2000,
    ids = {Foley2000},
	title = {The languages of {New} {Guinea}},
	volume = {29},
	doi = {10.1146/annurev.anthro.29.1.357},
	journal = {Annual Review of Anthropology},
	author = {Foley, William A.},
	year = {2000},
	pages = {357--404},
}

@incollection{kibrik_andrej_a_transitivity_1996,
    ids = {Kibrik1996},
	address = {München},
	series = {{LINCOM} {Studies} in {Caucasian} {Linguistics}},
	title = {Transitivity in lexicon and grammar},
	number = {2},
	booktitle = {Godoberi},
	publisher = {LINCOM EUROPA},
	author = {{Kibrik, Andrej A.}},
	editor = {{Alexandr E. Kibrik}},
	year = {1996},
	pages = {108--147},
}
