@Comment % -*- coding: utf-8 -*-
@Comment ::Revues::

@string{LP = "Linguistics \& Philosophy"}

@Comment ::Dico sémantique::

@string{dicosem = "Dictionnaire de s\'emantique"}
@string{dicosemedlong = "Dani\`ele Godard and Laurent Roussarie and Francis Corblin"}
@string{dicosemed = "Dani\`ele Godard and Laurent Roussarie and Francis Corblin"}
@string{dicosempub = "GDR S\'emantique \& Mod\'elisation, CNRS"}
@string{dicosemurl = "http://www.semantique-gdr.net/dico/"}
@string{dicosemurlt = "(\texttt{www.semantique-gdr.net/dico/})"}
@string{dicosemnote = ""}




@ARTICLE{Abusch:94,
author = {Abusch, Dorit},
year =  1994,
title = {The Scope of Indefinites},
journal = {Natural Language Semantics},
volume = 2,
number = 2,
pages = "83--136",
keywords = {indefinites}
}

@Article{Amsili:07,
  author = 	 {Pascal Amsili},
  title = 	 {L'annulation des implicatures et des pr\'esuppositions},
  journal = 	 {Revue de S\'emantique et Pragmatique},
  year = 	 2007,
  volume = 	 {21--22},
  pages = 	 "193--206"
}

@Book{Asher:11,
  author = 	 {Nicholas Asher},
  title = 	 {Lexical Meaning in Context},
subtitle = {A Web of Words},
  publisher = 	 {Cambridge University Press},
  year = 	 2011,
  address = 	 {Cambridge}}

@BOOK{Aus:65Fr,
author={John L. Austin},
title={How to Do Things with Words},
year=1965,
address={Oxford},
publisher={Oxford University Press},
note={Trad. fr. \emph{Quand dire, c'est faire}, Paris~: Seuil, 1970.} 
}

@BOOK{Aus:65Frb,
author={John L. Austin},
title={How to Do Things with Words},
year=1965,
address={Oxford},
publisher={Oxford University Press},
OPTrelated = {Aus:70Fr},  
OPTrelatedtype = {translatedas},
addendum={Trad. fr. \emph{Quand dire, c'est faire}, Paris~: Seuil, 1970.} 
}
@Comment related-fileds don't work here :-(

@BOOK{Aus:70Fr,
author={John L. Austin},
title={Quand dire, c'est faire},
year=1970,
address={Paris},
publisher={Seuil}
}


@BOOK{Bach:89,
author={Emmon Bach},
title = {Informal Lectures on Formal Semantics},
publisher = {SUNY Press},
address = {Albany, N.Y.},
year = 1989
} 

@ARTICLE{BarwiseCooper:81,
author = {Jon Barwise and Robin Cooper},
year = 1981,
title = {Generalized quantifiers and natural language},
journal = {Linguistics \& Philosophy},
volume = 4,
pages = "159--219"
}

@INCOLLECTION{Beav:96,
author = {David I. Beaver},
title = {Presupposition},
editor = {Johan van Benthem and Alice ter Meulen},
booktitle = {Handbook of Logic and Language},
publisher = {North-Holland/Elsevier},
address = {Amsterdam},
pages = "939--1008",
year = 1997, 
}

@INCOLLECTION{BeavGeurts:12,
author = {David I. Beaver and Bart Geurts},
title = {Presuppositions},
year = 2012,
pages = "2432--2460",
booktitle = {Semantics. {An} International Handbook of Natural Language Meaning},
volume = 3,
editor = {C. Maienborn and K. von Heusinger and P. Portner},
publisher = {Mouton de Gruyter},
address = {Berlin, New York}
}

@INCOLLECTION{BeavGeurts:12x,
author = {David I. Beaver and Bart Geurts},
title = {Presuppositions},
year = 2012,
pages = "2432--2460",
crossref = "HSK33.3",
OPTxref = "HSK33.3"
}

@Booklet{BFKamp:01e,
title =  {Indefinites and binding: From specifity to incorporation},
author =  {Bende-Farkas, \'Agnes and Hans Kamp},
howpublished = {Lecture Notes, 13th European Summer School in Logic, Language and Information (ESSLLI 2001)},
address =  {Helsinki},
month =  8,
year =  2001,
keywords = {indefinites, incorporation}
}

@book{BlackburnBos:2005,
  author =        {Blackburn, Patrick and Bos, Johan},
  title =         {Representation and Inference for Natural Language},
subtitle = {A First Course in Computational Semantics},
  publisher =     {CSLI Publications},
  address = {Stanford},
  year =          2005  
}

@PhdThesis{Bourmayan:13,
  author = 	 {Anouch Bourmayan},
  title = 	 {Les objets implicites en fran\c{c}ais},
subtitle = {Une approche pragmatique},
  school = 	 {EHESS},
  year = 	 2013}

@BOOK{Cann:94,
author = {Cann, Ronnie},
year = 1994,
title = {Formal Semantics},
subtitle = {An Introduction},
address = {Cambridge}, 
series = {Cambridge Textbooks in Linguistics},
publisher = {Cambridge University Press},
}

@BOOK{Carnap:47,
author = {Rudolf Carnap},
title = {Meaning and Necessity},
address =  {Chicago},
publisher = {University of Chicago Press},
year = 1947
}

@BOOK{ChierchiaMcCG:90,
author = {Gennaro Chierchia and McConnell-Ginet, Sally},
title = {Meaning and Grammar},
subtitle = {An Introduction to Semantics},
publisher = {MIT Press},
address = {Cambridge, MA},
year = 1990
}

@BOOK{Chom:57,
author = {Noam Chomsky},
title = {Syntactic Structures},
year = 1957,
publisher = {Mouton \& Co.},
address = {La Haye},
addendum = {Trad. fr. \emph{Structures syntaxiques}, Paris~: Seuil, 1969.},
OPTnote = {(Trad. fr. \emph{Structures syntaxiques}, Paris~: Seuil, 1969.)}
}


@BOOK{Chom:57Fr,
author = {Noam Chomsky},
title = {Structures syntaxiques},
year = 1969,
publisher = {Seuil},
address = {Paris},
note = {(Trad. de \emph{Syntactic Structures}, La Haye~: Mouton \& Co., 1957.)}
}

@InCollection{Chom:70,
  author = 	 {Chomsky, Noam},
  title = 	 {Remarks on nominalization},
  booktitle = 	 {Reading in {E}nglish Transformational Grammar},
  publisher = {Ginn},
  year = 	 1970,
  editor = 	 {Roderick A. Jacobs and Peter S. Rosenbaum},
  pages = 	 "184--221",
  address = 	 {Waltham}}

@BOOK{Chom:81,
author = {Noam Chomsky},
title = {Lectures on Government and Binding},
year = 1981,
publisher = {Foris},
address = {Dordrecht},
addendum = {Trad. fr. \emph{Théorie du gouvernement et du liage : {L}es conférences de Pise}, Paris~: Seuil, 1991.},
}

@ARTICLE{Cohen:02,
author = {Ariel Cohen},
title = {Genericity},
journal = {Linguistische Berichte},
volume = 10,
pages = "59--89",
year = 2002,
keywords = {genericity}
}

@PhdThesis{Cooper:75,
  author = 	 {Robin Cooper},
  title = 	 {Montague's Semantic Theory and Transformational Syntax},
  school = 	 {University of Massachusetts},
  year = 	 1975,
  address = 	 {Amherst}}

@Book{Cooper:83,
  author = 	 {Robin Cooper},
  title = 	 {Quantification and Syntactic Theory},
  publisher = 	 {Reidel},
  year = 	 1983,
  address = 	 {Dordrecht}}

@BOOK{Corb:13,
author = {Corblin, Francis},
year = 2013,
title = {Cours de s\'emantique},
subtitle =  {Introduction},
publisher = {Armand Colin}, 
series = {Cursus},
address = {Paris}
}

@BOOK{Cruse:86,
author = {Cruse, D. A.},
year = 1986, 
title = {Lexical Semantics}, 
series = {Cambridge Textbooks in Linguistics},
address = {Cambridge}, 
publisher = {Cambridge University Press}
} 

@BOOK{Davis:91,
editor = {Steven Davis},
title = {Pragmatics: {A} Reader},
publisher = {Oxford University Press},
address = {New York},
year = 1991
}

@BOOK{DavisGillon:04,
editor = {Steven Davis and Brendan S. Gillon},
title = {Semantics: {A} Reader},
publisher = {Oxford University Press},
address = {New York},
year = 2004
}

@INCOLLECTION{Sorin:06g,
author = {Dobrovie-Sorin, Carmen},
title = {G{\'e}n{\'e}ricit{\'e}},
year = 2006,
booktitle = dicosem,
editor = dicosemed,
publisher = dicosempub,
OPTaddress = dicosemurl,
url = dicosemurl # "index.php/Généricité"
}

@Book{SorinBeyssade:05,
author = {Dobrovie-Sorin, Carmen and Beyssade, Claire},
title = {D{\'e}finir les ind{\'e}finis},
publisher = {CNRS Editions},
year = 2005,
series = {Sciences du langage},
address = {Paris}
}

@BOOK{DWP:81,
author = {David R. Dowty and Robert E. Wall and Stanley Peters},
title = {Introduction to {Montague} Semantics},
publisher = {D. Reidel},
address = {Dordrecht},
year = 1981
}

@BOOK{Dow:79,
author={David R. Dowty},
title={Word Meaning and {Montague} Grammar},
year=1979,
publisher={Reidel},
address={Dordrecht}
}

@InCollection{Dowty:81,
  author = 	 {David R. Dowty},
  title = 	  {Quantification and the lexicon: {A} reply to {Fodor} and {Fodor}},
  booktitle = 	 {The Scope of Lexical Rules},
  publisher = {Foris},
  year = 	 1981,
  editor = 	 {Teun Hoekstra and Harry van der Hulst and Michael Moortgat},
  pages = 	 "79--106",
  address = 	 {Dordrecht}}

@BOOK{Ducrot:72,
author = {Oswald Ducrot},
title = {Dire et ne pas dire},
publisher = {Hermann},
address = {Paris},
year = 1972
}

@BOOK{Ducrot:84,
author = {Oswald Ducrot},
title = {Le dire et le dit},
publisher = {Editions de Minuit},
address = {Paris},
year = 1984
}

@INPROCEEDINGS{Farkas:02salt,
author = {Donka F. Farkas},
title = {Varieties of indefinites},
booktitle = {Proceedings of Semantics and Linguistic Theory ({SALT}) 12},
publisher = {CLC Publications},
address = {Cornell University, Ithaca, NY},
editor = {Brendan Jackson},
year = 2002,
pages = "59--84",
keywords = {indefinites}
}

@ARTICLE{Farkas:02spec,
author = {Donka F. Farkas},
title = {Specificity Distinctions},
journal = {Journal of Semantics},
volume = 19,
number = 1,
pages = "1--31",
year = 2002,
keywords = {specificity}
}

@INPROCEEDINGS{Farkas:81,
author = {Donka F. Farkas},
title = {Quantifier scope and syntactic islands},
booktitle = {Papers from the Seventeenth Regional Meeting of the {C}hicago {L}inguistics {S}ociety ({CLS} 17)},
pages = "59--66",
year = 1981,
editor = {Roberta A. Hendrick and Carrie S. Masek and Mary F. Miller},
address = {Chicago}
}

@INPROCEEDINGS{Fil:86,
author={Charles Fillmore},
title={Pragmatically Controlled Zero Anaphora},
year=1986,
booktitle={Proceedings of the Twelfth Annual Meeting of the {B}erkeley {L}inguistics {S}ociety},
pages = "95--107"
}

@PhdThesis{vFintel:94,
  author = 	 {{von Fintel}, Kai},
  title = 	 {Restrictions on Quantifier Domains},
  school = 	 {University of Massachusetts},
  year = 	 1994,
  address = 	 {Amherst}}

@Article{FodorFodor:80,
  author = 	 {Jerry A. Fodor and Janet D. Fodor},
  title = 	 {Functional structure, quantifiers and meaning postulates},
  journal = 	 {Linguistic Inquiry},
  year = 	 1980,
  volume = 	 11,
  pages = 	 "759--769"}

@ARTICLE{FodorSag:82,
author = {Fodor, Janet D. and Ivan Sag},
year = 1982,
title ={Referential and quantificational indefinites},
journal = {Linguistics \& Philosophy},
volume = 5,
pages = "355--398",
keywords = {indefinites}
}

@ARTICLE{Frege:COfr,
author = {Gottlob Frege}, 
year = 1892, 
title = {{\"U}ber {B}egriff und {G}egenstand}, 
journal = {Vierteljahreszeitschrift f\"ur wissenschaftliche Philosophie},  
volume = 16, 
pages = "192--205",
addendum = {Trad.\ fr.\ Concept et objet, \emph{in} \emph{Ecrits logiques et philosophiques}, 127--154, Paris~: Seuil, 1971.} 
}

@ARTICLE{Frege:SuB,
author =  {Gottlob Frege},
title = {{\"U}ber {S}inn und {B}edeutung},
journal = {Zeitschrift f\"ur Philosophie und philosophische Kritik},
volume = 100,
pages = "22--50",
year = 1892,
addendum = {Trad.\ fr.\ Sens et d{\'e}notation, \emph{in} \emph{Ecrits logiques et philosophiques}, 102--126, Paris~: Seuil, 1971.} 
}

@Book{Gallin:75,
  author = 	 {Daniel Gallin},
  title = 	 {Intensional and Higher-Order Modal Logic},
  publisher = 	 {North-Holland},
  year = 	 1975,
  address = 	 {Amsterdam}}

@BOOK{Gamut:1,
author = {L. T. F. Gamut},
year = 1991,
maintitle = {Logic, Language, and Meaning},
volume = 1,
title = {Introduction to Logic},
address = {Chicago},
publisher = {University of Chicago Press},
sorttitle = {1}
}


@BOOK{Gamut:2,
author = {L. T. F. Gamut},
year = 1991,
maintitle = {Logic, Language, and Meaning},
volume = 2,
title = {Intensional Logic and Logical Grammar},
address = {Chicago},
publisher = {University of Chicago Press},
sorttitle = {2}
}

@BOOK{Gzdr:79,
author = {Gerald Gazdar},
title = {Pragmatics, Implicature, Presupposition and Logical Form},
publisher = {Academic Press},
address = {London},
year = 1979
}

@ARTICLE{Gzdr:80,
author = {Gerald Gazdar},
title = {A cross-categorial semantics for coordination},
journal = {Linguistics \& Philosophy},
volume = 3, 
pages = "407--409",
year = 1980
}

@InCollection{Gillon:04x,
  author = 	 {Brendan S. Gillon},
  title = 	 {Ambiguity, Indeterminacy, Deixis, and Vagueness},
subtitle = {Evidence and Theory},
  booktitle = {Semantics: {A} Reader},
  crossref =  "DavisGillon:04",
  year = 	 2004,
  pages = 	 "157--187"}

@Article{Gillon:12,
  author = 	 {Brendan S. Gillon},
  title = 	 {Implicit complements},
subtitle = {A dilemma for model theoretic semantics},
  journal = 	 LP,
  year = 	 2012,
  volume = 	 35,
  pages = 	 "313--359"}

@INCOLLECTION{Godard:06,
  author = {Godard, Dani{\`e}le},
  title = {Compositionalit{\'e}~: {Q}uestions linguistiques},
  year = 2006,
booktitle = dicosem,
editor = dicosemed,
publisher = dicosempub,
OPTaddress = dicosemurlt,
url = dicosemurl # "index.php/Compositionalité:_questions_linguistiques"
}

@INCOLLECTION{Grc:75,
author = {H. P. Grice},
title = {Logic and Conversation},
booktitle = {Speech Acts},
series = {Syntax and Semantics},
number = 3, 
publisher = {Academic Press},
year = {1975},
editor = {Peter Cole and Jerry Morgan},
address = {New York},
pages = "41--58"
} 

@ARTICLE{GroeSto:91,
author = {Jeroen Groenendijk and Martin Stokhof},
title = {Dynamic Predicate Logic},
journal = {Linguistics \& Philosophy},
volume = 14,
number = 1, 
year = 1991,
pages =  "39--100"
}

@Book{Haspelmath:97,
  author = 	 {Haspelmath, Martin},
  title = 	 {Indefinite Pronouns},
  publisher = 	 {Oxford University Press},
  year = 	 1997,
  address = 	 {Oxford}}

@PHDTHESIS{Heim:82,
author={Irene Heim},
title = {The Semantics of Definite and Indefinite Noun Phrases in {English}},
school = {University of Massachussetts},
year = 1982,
address = {Amherst}
}

@INPROCEEDINGS{Heim:83b,
author = {Heim, Irene},
year = 1983,
title = {On the Projection Problem for Presuppositions},
editor = {Michael Barlow and Daniel Flickinger and Michael T. Wescoat},
booktitle = {Second Annual West Coast Conference on Formal Linguistics (WCCFL 2)},
pages = {114--126},
address = {Stanford University}
}

@ARTICLE{Heim:92,
author = {Heim, Irene},
year = 1992,
title = {Presuppositions projection and the semantics of attitude verbs},
journal = {Journal of Semantics}, 
volume = 9,
number = 3,
pages = "183--221"
}


@INCOLLECTION{Heim:83a,
author = {Heim, Irene},
year = 1983,
title = {File Change Semantics and the Familiarity Theory of Definiteness},
editor = {Rainer B\"auerle and Christoph Schwarze and Arnim von Stechow},
booktitle = {Meaning, Use and Interpretation of Language},
publisher = {De Gruyter}, 
address = {Berlin}, 
pages = "164--190"
}

@BOOK{HeimKratzer:97,
author = {Irene Heim and Angelika Kratzer},
title = {Semantics in Generative Grammar},
publisher = {Blackwell Publishers},
series = {Blackwell Textbooks in Linguistics},
number = 13,
address = {Oxford},
year = 1997
}

@PhdThesis{Hendriks:93,
  author = 	 {Herman Hendriks},
  title = 	 {Studied Flexibility},
subtitle = {Categories and Types in Syntax and Semantics},
  school = 	 {Universiteit van Amsterdam},
  year = 	 1993}

@InCollection{Heusinger:00,
  author = 	 {{von Heusinger}, Klaus},
  title = 	 {The reference of indefinites},
  booktitle = 	 {Reference and Anaphoric Relations},
  publisher = {Kluwer},
  year = 	 2000,
  editor = 	 {Klaus von Heusinger and Urs Egli},
  pages = 	 "247--265",
  address = 	 {Dordrecht}}

@ARTICLE{Hintikka:61,
author = {Jaako Hintikka},
title = {Modality and quantification},
journal = {Theoria},
year = 1961,
volume = 27,
pages = "110--128"
}

@PhdThesis{Horn:72,
  author = 	 {Laurence R. Horn},
  title = 	 {On the Semantic Properties of Logical Operators in {E}nglish},
  school = 	 {UCLA},
  year = 	 1972}

@INCOLLECTION{Horn:04,
author = {Laurence R. Horn},
year = 2004,
title = {Implicature},
pages = "3--28",
booktitle = {The Handbook of Pragmatics},
editor = {Laurence R. Horn and Gregory Ward},
publisher = {Blackwell},
address = {Malden, MA}
}


@Book{Horn:89,
  author = 	 {Laurence R. Horn},
  title = 	 {A Natural History of Negation},
  publisher = 	 {University of Chicago Press},
  year = 	 1989,
  address = 	 {Chicago}
}

@Book{Jkdf:77,
  author = 	 {Jackendoff, Ray},
  title = 	 {{X}-bar-{S}yntax},
subtitle = {A Study of Phrase Structure},
  publisher = 	 {MIT Press},
  year = 	 1977,
  address = 	 {Cambridge, MA}}

@ARTICLE{KeenanStavi:86,
author = {Keenan, Edward L. and Jonathan Stavi},
year = 1986,
title = {A Semantic Characterization of Natural Language Determiners},
journal = {Linguistics \& Philosophy},
volume= 9,
pages = "253--326"
}

@BOOK{Kleiber:99,
author = {Georges Kleiber},
year = 1999,
title = {Probl{\`e}mes de s{\'e}mantique},
subtitle = {La polys{\'e}mie en questions},
publisher = {Presses Universitaires du Septentrion}, 
series = {Sens et structures},
address = {Villeneuve d'Ascq}
}

@Article{Krfk:93,
author = {Krifka, Manfred},
title = {Focus and Presupposition in Dynamic Interpretation},
journal = {Journal of Semantics},
year = 1993,
volume = 10,
pages = "269--300"
}

@INCOLLECTION{Krfk:11x,
author = {Manfred Krifka},
title = {Varieties of semantic evidence},
year = 2011,
pages = "242--268",
crossref= "HSK33.1",
OPTxref= "HSK33.1"
}


@BOOK{Generic,
editor = {Carlson, Greg N. and Pelletier, Francis Jeffry}, 
year = 1995,
title = {The Generic Book},
booktitle = {The Generic Book},
address = {Chicago}, 
publisher = {University of Chicago Press}
}

@INCOLLECTION{Generic:Intro,
author = {Manfred Krifka and  Francis Jeffry Pelletier and  Greg  Carlson and Alice ter Meulen and Gennaro Chierchia and Godehard Link},
year = 1995, 
title = {Genericity: {An} Introduction}, 
crossref = "Generic",
pages = "1-124"
}

@INCOLLECTION{Kmp:75,
author = {Hans Kamp},
title = {Two theories about adjectives},
editor = {Edward L. Keenan},
booktitle = {Formal Semantics of Natural Language},
pages = "123--155",
year = 1975,
publisher = {Cambridge University Press},
address = {Cambridge, UK}
}

@INCOLLECTION{KampPrsp:01,
author = {Hans Kamp},
title = {The Importance of Presupposition},
editor = {Christian Rohrer and Antje Ro{\ss}deutscher and Hans Kamp},
booktitle = {Linguistic Form and its Computation},
publisher = {CSLI Publications}, 
address = {Stanford},
year = 2001
}


@ARTICLE{Kripke:63af,
author = {Saul A. Kripke},
title = {Semantical Considerations on Modal Logic},
year = 1963,
journal = {Acta Philosophica Fennica},
volume = 16,
pages = "83--94"
}

@INCOLLECTION{Kripke:72,
author = {Saul A. Kripke},
title = {Naming and Necessity},
editor = {Donald Davidson and Gilbert Harman},
booktitle = {Semantics of Natural Language},
series = {Synthese Library},
number = 40,
publisher = {D. Reidel Publishing Company},
address = {Dordrecht, Holland},
pages = "253--355",
year = 1972
}

@ARTICLE{Ladusaw:80,
author = {Ladusaw, William A.},
year = 1980,
title = {On the Notion \emph{Affective} in the Analysis of Negative-Polarity Items},
journal = {Journal of Linguistic Research},
volume = 1,
number = 2, 
pages = "1--16",
keywords = {NPI}
}

@BOOK{Levinson:83,
author = {Levinson, Stephen C.},
year = 1983, 
title = {Pragmatics}, 
address = {Cambridge}, 
series = {Cambridge Textbooks in Linguistics},
publisher = {Cambridge University Press}
}

@ARTICLE{Lewis:70,
author = {David Lewis},
title = {General Semantics},
pages = "18--67",
journal = {Synthese},
volume = 22,
number = "1--2",
year = 1970
}


@INCOLLECTION{Lewis:72,
author = {David Lewis},
title = {General Semantics},
pages = "169--218",
editor = {Donald Davidson and Gilbert Harman},
booktitle = {Semantics of Natural Language},
publisher = {D. Reidel Publishing Company},
series = {Synthese Library},
number = 40,
address = {Dordrecht, Holland},
year = 1972
}

@INCOLLECTION{Lewis:75,
author = {David Lewis},
title = {Adverbs of Quantification},
editor = {Edward L. Keenan},
booktitle = {Formal Semantics of Natural Language},
pages = "3--15",
year = 1975,
publisher = {Cambridge University Press},
address = {Cambridge, UK}
}

@INCOLLECTION{Lewis:79,
author = {David Lewis},
title = {Scorekeeping in a Language Game},
year = 1979,
editor = {Rainer B\"auerle and Urs Egli and Arnim von Stechow}, 
booktitle = {Semantics from Different Points of View}, 
publisher = {Springer Verlag},
address = {Berlin},
pages = "172--187"
}


@Book{Linsky:67,
author = 	 {Leonard Linsky},
  title = 	 {Referring},
  publisher = 	 {Routledge {and} Kegan Paul},
  year = 	 1967,
  address = 	 {London}}


@Book{LBdG:03,
author = {Thierry Lucas and Isabelle Berlanger and De Greef, Isabelle},
title = {Initiation {\`a} la logique formelle},
publisher = {De Boeck},
year = 2003,
address = {Bruxelles}
}

@BOOK{Lyons:77Fr,
author = {John Lyons},
title = {Semantics {I}},
year = 1977,
publisher = {Cambridge University Press},
address= {Cambridge},
addendum = {Trad. fr. \emph{El{\'e}ments de s{\'e}mantique} (Langue et langage 29), Paris~: Larousse, 1977}
}

@PhdThesis{May:77,
  author = 	 {Robert May},
  title = 	 {The Grammar of Quantification},
  school = 	 {MIT},
  year = 	 1977,
  OPTtype = 	 {Doctoral dissertation},
  address = 	 {Cambridge, MA.}}

@Article{McNally:98,
  author = 	 {Louise McNally},
  title = 	 {Existential Sentences without Existential Quantification},
  journal = 	 {Linguistics \& Philosophy},
  year = 	 1998,
  volume = 	 21,
  number = 4,
  pages = 	 "353--392"
}

@PhdThesis{McNally:92phd,
  author = 	 {Louise McNally},
  title = 	 {An Interpretation for the {E}nglish Existential Construction},
  school = 	 {University of California, Santa Cruz},
  year = 	 1992}

@ARTICLE{Milsark:77,
author = {Milsark, Gary},
year = 1977, 
title = {Toward an explanation of certain peculiarities of the existential construction in {E}nglish},
journal = {Linguistic Analysis},
volume =  3, 
pages = "1--30"
}

@BOOK{MoeReb:94,
author = {Jacques Moeschler and Anne Reboul},
year = 1994, 
title = {Dictionnaire encyclop{\'e}dique de pragmatique}, 
address = {Paris}, 
publisher = {Seuil}
}

@INCOLLECTION{Montague:EFL,
author = {Richard Montague},
title = {{E}nglish as a formal language},
editor = {Bruno Visentini and others},
booktitle = {Linguaggi nella Societ{\`a} e nella Tecnica},
address = {Milan},
publisher = {Edizioni di Comunit{\`a}},
pages = "189--224",
year = 1970
}

@ARTICLE{Montague:UG,
author = {Richard Montague},
title = {Universal Grammar},
journal = {Theoria},
volume = 36,
pages = "373--398",
year = 1970
}

@INCOLLECTION{PTQ,
author = {Richard Montague},
title = {The Proper Treatment of Quantification in Ordinary {E}nglish},
editor = {K. Jaako J. Hintikka and Julius M. E. Moravcsik and Patrick Suppes},
booktitle = {Approaches to Natural Language},
address = {Dordrecht},
publisher = {Reidel},
pages = "221--242",
url = {http://www.blackwellpublishing.com/content/BPL_Images/Content_store/Sample_chapter/0631215417/Portner.pdf},
year = 1973
}


@BOOK{Montague:74,
author = {Richard Montague},
OPTeditor = {R. H. Thomason},
title = {Formal Philosophy},
subtitle = {Selected Papers of {R}ichard {M}ontague}, 
OPTsubtitle = {{E}dited and with an introduction by {R}ichmond {H.} {T}homason},
editor = {Richmond H. Thomason},
introduction = {Richmond H. Thomason},
OPTtitle = {Formal Philosophy: Selected Papers of Richard Montague},
OPTnote = {Edited and with an introduction by Richmond H. Thomason},
address = {New Haven},
publisher = {Yale University Press},
year = 1974
} 


@Article{Partee:75,
  author = 	 {Partee, Barbara H.},
  title = 	 {Montague grammar and transformational grammar},
  journal = 	 {Linguistic Inquiry},
  year = 	 1975,
  volume = 	 6,
  pages = 	 "203--300"}

@INCOLLECTION{Part:84c,
author={Partee, Barbara H.},
title = {Compositionality},
booktitle = {Varieties in Formal Semantics},
editor = {Fred Landman and Frank Veltman},
year = 1984,
publisher = {Foris},
address = {Dordrecht},
pages = "281--311",
number = 3,
series = {GRASS}
}

@INCOLLECTION{PartRooth:83,
author = {Barbara H. Partee and Mats Rooth}, 
title = {Generalized conjunction and type ambiguity}, 
booktitle={Meaning, Use, and Interpretation of Language},
editor={Rainer Bau{\"e}rle and Christoph Schwarze and von Stechow, Arnim},
publisher={Walter de Gruyter},
address={Berlin},
pages = "361--383",
year=1983
}

@ARTICLE{Partee:73JoP,
author =  {Partee, Barbara H.},
title = {Some structural analogies between tenses and pronouns in {E}nglish},
journal =  {Journal of Philosophy},
volume = 70,
year = 1973,
pages = "601--609"
}

@INCOLLECTION{Partee:87,
author = {Partee, Barbara H.},
year = 1987,
title = {Noun phrase interpretation and type-shifting principle},
editor = {Jeroen Groenendijk and Dick de Jongh and Martin Stokhof},
booktitle = {Studies in Discourse Representation Theory and the Theory of Generalized Quantifiers},
address = {Dordrecht},
publisher = {Foris}, 
pages = "115--144"
}

@BOOK{PtMW:90,
author = {Barbara H. Partee and Alice {ter Meulen} and Robert E. Wall},
title = {Mathematical Methods in Linguistics},
publisher = {Kluwer Academic Publishers},
address = {Dordrecht},
year = 1990
}

@Book{Portner:09,
  author = {Paul Portner},
  title = 	 {Modality},
  publisher = 	 {Oxford University Press},
  year = 	 2009,
  series = 	 {Oxford Surveys in Semantics and Pragmatics},
  number = 1, 
  address = 	 {New York}}

@Book{Potts:05,
  author = 	 {Potts, Christopher},
  title = 	 {The Logic of Conventional Implicatures},
  publisher = 	 {Oxford University Press},
  year = 	 2005,
  series = 	 {Oxford Studies in Theoretical Linguistics},
  number = 7,
  address = 	 {Oxford}
}

@BOOK{Prior:67,
author = {Arthur Prior},
title = {Past, Present and Future},
publisher = {Oxford University Press},
address = {Oxford},
year = 1967
}

@BOOK{Pust:95,
author={James Pustejovsky},
title={The Generative Lexicon},
year=1995,
publisher={MIT Press},
address={Cambridge, Mass.}
}

@ARTICLE{Reinhart:97,
author = {Tanya Reinhart},
title = {Quantifier-Scope: {H}ow labor is divided between {QR} and choice functions}, 
journal = {Linguistics \& Philosophy}, 
volume = 20,
number = 4,
pages = "335--397", 
year = 1997,
keywords = {indefinites}
}

@INPROCEEDINGS{Roberts:96,
author = {Roberts, Craige},
year = 1996,
title = {Information Structure in Discourse: {T}owards an Integrated Formal Theory of Pragmatics}, 
editor = {Jae-Hak Yoon and Andreas Kathol}, 
booktitle = {{OSU} Working Papers in Linguistics},
volume = 49, 
pages = "91--136"
} 

@INCOLLECTION{Rodman:76,
author = {Robert Rodman},
title = {Scope phenomena, ``movement transformations,'' and relative clauses},
editor = {Barbara H. Partee},
booktitle = {{M}ontague {G}rammar},
publisher = {Academic Press},
address = {New York},
year = 1976,
pages = "165--176",
keywords = {comparatives, degree}
}

@ARTICLE{Rus:05fr,
author = {Bertrand Russell},
title = {On denoting},
journal = {Mind},
volume = 14,
pages = "479--493",
year = 1905,
addendum = {Trad.\ fr.\ De la d\'enotation, \emph{in} \emph{Ecrits de logique philosophique}, 201--218, Paris~: PUF, 1989.} 
}

@ARTICLE{vdS:92,
author = {Rob A. {van der Sandt}},
title = {Presupposition projection as anaphora resolution},
journal = {Journal of Semantics},
volume = 9,
number = 4,
pages = "333--377",
year = 1992,
keywords = {presupposition}
}

@Book{Saussure:16,
  author = 	 {Saussure, Ferdinand de},
  title = 	 {Cours de linguistique g\'en\'erale},
  publisher = 	 {Payot},
  year = 	 1916,
  address = 	 {Lausanne}
}

@INCOLLECTION{Simons:12,
author = {Mandy Simons},
title = {Implicature},
year = 2012,
pages = "2460--2486",
booktitle = {Semantics. {An} International Handbook of Natural Language Meaning},
volume = 3,
editor = {C. Maienborn and K. von Heusinger and P. Portner},
publisher = {Mouton de Gruyter},
address = {Berlin, New York}
}

@INCOLLECTION{Simons:12x,
author = {Mandy Simons},
title = {Implicature},
year = 2012,
pages = "2460--2486",
crossref= "HSK33.3",
OPTxref= "HSK33.3"
}

@BOOK{Sea:69Fr,
author={John R. Searle},
title={Speech Acts},
year=1969,
address={London},
publisher={Cambridge University Press},
note={Trad. fr. \emph{Les actes de langage}, Paris~: Hermann, 1972.}
}

@BOOK{Sea:69Frb,
author={John R. Searle},
title={Speech Acts},
year=1969,
address={London},
publisher={Cambridge University Press},
addendum={Trad. fr. \emph{Les actes de langage}, Paris~: Hermann, 1972.}
}

@ARTICLE{Stlnk:73,
author = {Robert C. Stalnaker},
title = {Presuppositions},
journal =  {Journal of Philosophical Logic},
volume = 2,
year = 1973,
pages =  "447--457"
}

@INCOLLECTION{Stlnk:74,
author = {Robert C. Stalnaker},
title = {Pragmatic presuppositions},
booktitle = {Semantic and Philosophy},
editor = {Milton K. Munitz and Peter K. Unger},
pages = "197--213",
publisher = {New York University Press},
address = {New York},
year = 1974
}

@ARTICLE{Strawson:50fr,
author = {Peter F. Strawson},
title = {On referring},
journal = {Mind},
volume = 59,
pages = "320--344",
year = 1950,
addendum = {Trad.\ fr.\ De l'acte de r\'ef\'erence, \emph{in} \emph{Etudes de logique et de linguistique}, 9--38, Paris~: Seuil, 1977.} 
}

@INCOLLECTION{deSwart:11x,
author = {{de Swart}, Henri{\"e}tte},
title = {Mismatches and coercion},
year = 2011,
pages = "574--597",
crossref= "HSK33.1",
OPTxref= "HSK33.1"
}

@book{HSK33.1,
year = 2011,
booktitle = {Semantics. {An} International Handbook of Natural Language Meaning},
title = {Semantics. {An} International Handbook of Natural Language Meaning},
volume = 1,
editor = {Claudia Maienborn and Klaus von Heusinger and Paul Portner},
publisher = {Mouton de Gruyter},
address = {Berlin, New York}
}

@book{HSK33.2,
year = 2011,
booktitle = {Semantics. {An} International Handbook of Natural Language Meaning},
title = {Semantics. {An} International Handbook of Natural Language Meaning},
volume = 2,
editor = {Klaus von Heusinger and Claudia Maienborn and Paul Portner},
publisher = {Mouton de Gruyter},
address = {Berlin, New York}
}

@book{HSK33.3,
year = 2012,
booktitle = {Semantics. {An} International Handbook of Natural Language Meaning},
title = {Semantics. {An} International Handbook of Natural Language Meaning},
volume = 3,
editor = {Claudia Maienborn and Klaus von Heusinger and Paul Portner},
publisher = {Mouton de Gruyter},
address = {Berlin, New York}
}

@ARTICLE{Tarski:44,
author = {Tarski, Alfred},
year = 1944,
title = {The semantic conception of truth and the foundations of semantics},
journal = {Philosophy and Phenomenological Research},
volume = 4, 
pages = "341--376",
trad =  {Trad. fr. La conception s{\'e}mantique de la v{\'e}rit{\'e} et les fondements de la s{\'e}mantique, \emph{in} G.-G. Granger, 1974, \emph{Alfred Tarski. Logique, s\'emantique, m\'eta-math\'ematique}, vol. II, 265--305, Paris : Armand Colin}
}

@InCollection{Thomason:84,
  author = 	 {Richmond H. Thomason},
  title = 	 {Combinations of tense and modality},
  booktitle = 	 {Handbook of Philosophical Logic},
  volume = {II},
  publisher = {Reidel},
  year = 	 1984,
  editor = 	 {Dov M. Gabbay and Franz Guenthner},
  pages = 	 "135--165",
  address = 	 {Dordrecht}}

@INCOLLECTION{Westerstahl:89,
author = {Dag Westerst{\aa}hl},
title = {Quantifiers in formal and natural languages},
editor = {Gabbay, Dov M. and Guenthner, Franz},
booktitle = {Handbook of Philosophical Logic}, 
volume = {IV},
pages = "1--131",
address = {Dordrecht}, 
publisher = {Reidel},
year = 1989,
keywords = {GQT}
}

@ARTICLE{Westerstahl:85,
author = {Dag Westerst{\aa}hl},
title = {Logical constants in quantifier languages},
journal = LP,
year = 1985,
volume = 8,
pages = "387--413"
}

@Book{Russell:03,
  author = 	 {Bertrand Russell},
  title = 	 {The Principles of Mathematics},
  publisher = 	 {Cambridge University Press},
  year = 	 1903,
  address = 	 {Cambridge}}


@Book{PM:1,
author = 	 {Alfred N. Whitehead and Bertrand Russell},
  title = 	 {Principia Mathematica},
  publisher = 	 {Cambridge University Press},
  year = 	 1910,
  volume = 	 1,
  address = 	 {Cambridge}}

@Article{Zimmermann:89,
  author = 	 {Thomas Ede Zimmermann},
  title = 	 {Intensional {L}ogic and Two-Sorted Type Theory},
  journal = 	 {The Journal of Symbolic Logic},
  year = 	 1989,
  volume = 	 54,
  number = 	 1,
  pages = 	 "65--77"}

@Article{Winter:97,
  author = 	 {Winter, Yoad},
  title = 	 {Choice functions and the scopal semantics of indefinites},
  journal = 	 LP,
  year = 	 1997,
  volume = 	 20,
  number = 	 4,
  pages = 	 {399--467}}

@PhdThesis{Spector:06,
  author = 	 {Benjamin Spector},
  title = 	 {Aspects de la pragmatique des op\'erateurs logiques},
  school = 	 {Universit\'e Denis Diderot, Paris~7},
  year = 	 2006}

@Book{Jacobson:14,
  author = 	 {Pauline Jacobson},
  title = 	 {Compositional Semantics},
subtitle = {An Introduction to the Syntax/Semantics Interface},
  publisher = 	 {Oxford University Press},
  year = 	 2014,
  series = 	 {Oxford Textbooks in Linguistics},
  address = 	 {Oxford, UK}}

@BOOK{dSwrt:98nls,
author = {{de Swart}, Henri{\"e}tte},
year = 1998,
title = {Introduction to Natural Language Semantics},
address = {Stanford},
publisher = {CSLI Publications}
}

@BOOK{Corblin:87,
author = {Corblin, Francis},
year =  1987,
title = {Ind\'efini, d\'efini et d\'emonstratif},
subtitle = {Constructions linguistiques de la r\'ef\'erence},
address = {Gen\`eve}, 
publisher = {Droz}
}

@Unpublished{Partee:05,
  author = 	 {Partee, Barbara H.},
  title = 	 {Reflections of a Formal Semanticist as of {F}eb 2005},
  note = 	 {Ms.},
  OPTkey = 	 {},
  OPTmonth = 	 {},
url = {http://people.umass.edu/partee/docs/BHP_Essay_Feb05.pdf},
  year = 	 2005,
  OPTannote = 	 {}
}

@INCOLLECTION{ParteeHendriks:97,
author = {Barbara H. Partee and Herman L. W. Hendriks},
title = {Montague Grammar},
editor = {Johan van Benthem and Alice ter Meulen},
booktitle = {Handbook of Logic and Language},
publisher = {North-Holland/Elsevier},
address = {Amsterdam},
pages = "5--91",
year = 1997, 
}

@INCOLLECTION{Partee:96,
author = {Barbara H. Partee},
title = {The Development of Formal Semantics in Linguistic Theory}, 
booktitle = {Handbook of Contemporary Semantic Theory},
pages = "11-38",
publisher = {Blackwell},
year = 1996,
editor = {Shalom Lappin},
address = {Oxford}
}

@Book{Abbott:10,
  author = {Barbara Abbott},
  title = 	 {Reference},
  publisher = 	 {Oxford University Press},
  year = 	 2010,
  series = 	 {Oxford Surveys in Semantics and Pragmatics},
  number = 2,
  address = 	 {New York}
}

@Book{Quine:60fr,
  author = 	 {Willard Van Orman Quine},
  title = 	 {Word and Object},
  publisher = 	 {MIT Press},
  year = 	 1960,
  address = 	 {Cambridge},
addendum={Trad. fr. \emph{Le mot et la chose}, Paris~: Flammarion, 1977.} 
}

@Book{Partee:04,
  author = 	 {Barbara H. Partee},
  title = 	 {Compositionality in formal semantics},
subtitle = {Selected papers by {B}arbara {H.} {P}artee},
  publisher = 	 {Blackwell Publishing},
  year = 	 2004}

@BOOK{Galm:91,
author = {Michel Galmiche},
title = {S{\'e}mantique linguistique et logique},
OPTsubtitle = {Un exemple : la th\'eorie de {R.~Montague}},
publisher = {Presses Universitaires de France},
series = {Linguistique nouvelle},
address = {Paris},
year = 1991
}

@Article{TBRS:13,
  author = 	 {Judith Tonhauser and David I. Beaver and Craige Roberts and Mandy Simons},
  title = 	 {Toward a taxonomy of projective content},
  journal = 	 {Language},
  year = 	 2013,
  OPTkey = 	 {},
  volume = 	 89,
  number = 	 1,
  pages = 	 "66--109",
doi = {10.1353/lan.2013.0001},
  OPTmonth = 	 {},
  OPTnote = 	 {},
  OPTannote = 	 {}
}

@MvBOOK{Gutierrez:03,
editor = {Guti\'errez-Rexach, Javier},
maintitle = {Semantics}, 
mainsubtitle = {Critical Concepts in Linguistics},
volumes = 6,
publisher = {Routledge},
address = {London},
year = 2003
}

@BOOK{PortnerPartee:02,
editor = {Paul Portner and Barbara H. Partee},
title = {Formal Semantics: {T}he Essential Readings},
publisher = {Blackwell},
address = {Oxford},
year = 2002
}

@Book{Winter:16,
  author = {Yoad Winter},
  title = {Elements of Formal Semantics},
  year = 2016,
  subtitle = {An Introduction to the Mathematical Theory of Meaning in Natural Language},
  series = {Edinburgh Advanced Textbooks in Linguistics},
  publisher = {Edinburgh University Press},
  location = {Edinburgh}
}

@INCOLLECTION{KartPet:79,
author = {Karttunen, Lauri and Stanley Peters},
year = 1979,
title = {Conventional Implicature},
editor = {Choon-Kyu Oh and David A. Dineen},
series = {Syntax and Semantics},
number =  11,
booktitle = {Presupposition},
pages = "1--56",
publisher = {Academic Press}, 
address = {New York}
}

@INCOLLECTION{Jsh:87,
author={Aravind K. Joshi},
title={Introduction to {T}ree {A}djoining {G}rammar},
editor={Alexis Manaster-Ramer},
booktitle={The Mathematics of Language},
publisher={J. Benjamins},
year=1987
}

@BOOK{PolSag:94,
author={Carl Pollard and Ivan Sag},
title={Head-driven {P}hrase {S}tructure {G}rammar},
year=1994,
address = {Chicago},
publisher={University of Chicago Press}
}

@Book{Tesniere:59,
  author = 	 {Tesni\`ere, Lucien},
  title = 	 {\'El\'ements de syntaxe structurale},
  publisher = 	 {Klincksieck},
  year = 	 1959,
  address = 	 {Paris}}


 
@Book{Bresnan:82e,
  editor = 	 {Joan Bresnan},
  title = 	 {The mental representation of grammatical relations},
  publisher = 	 {MIT Press},
  year = 	 1982,
  address = 	 {Cambridge, MA}}


@Article{Lambek:58,
  author = 	 {Joachim Lambek},
  title = 	 {The mathematics of sentence structure},
  journal = 	 {American Mathematical Monthly},
  year = 	 1958,
  volume = 	 65,
  pages = 	 "154--170"}

@InCollection{Morrill:12,
  author = 	 {Glyn Morrill},
  title = 	 {Logical grammar},
  booktitle = 	 {Philosophy of linguistics},
  publisher = {North-Holland/Elsevier},
  year = 	 2012,
  editor = 	 {Ruth Kempson and Tim Fernando and Nicholas Asher},
  number = 	 14,
  series = 	 {Handbook of Philosophy of Science},
  pages = 	 "63--92",
  address = 	 {Oxford, UK}}


@Article{Church:40,
  author = 	 {Church, Alonzo},
  title = 	 {A formulation of the simple theory of types},
  journal = 	 {The Journal of Symbolic Logic},
  year = 	 1940,
  volume = 	 5,
  pages = 	 "56--68"}

@Online{lambdacalc,
  author = 	 {Lucas Champollion and Josh Tauberer and Maribel Romero and Dylan Bumford},
  title = 	 {The Lambda Calculator},
  year = 	 2015,
  url = 	 {http://lambdacalculator.com},
version = {2.1.0}}

