@book{langsci-current-book, author = {Jesse {Wichers Schreur}}, title = {{Intensive language contact in the Caucasus}}, subtitle = {{The case of Tsova-Tush}},year = {2025}, series = {Languages of the Caucasus}, number = {5}, location = {Berlin}, publisher = {Language Science Press}, options = {dataonly=true} } 
