
@incollection{holiskygagua,
	author       = {{Dee Ann} Holisky and Rusudan Gagua}, 
	title        = {Tsova-{T}ush ({B}atsbi)},
	booktitle    = {The {N}orth {E}ast {C}aucasian languages, {P}art 2},
	publisher    = {Caravan Books},
	series       = {The indigenous languages of the {C}aucasus},
	number       = {4},
	year         = {1994},
	editor       = {Rieks Smeets},
	pages        = {148--212},
	address      = {Delmar}
}

@incollection{haukharris,
	author       = {Bryn Hauk and Alice C. Harris}, 
	title        = {Batsbi},
	booktitle    = {The {C}aucasian languages: {A}n international handbook},
	publisher    = {De Gruyter Mouton},
	pubstate         = {forthcoming},
	editor       = {Yuri Koryakov and Yuri Lander and Timur Maisak},
	address      = {Berlin}
}

@incollection{desherieva,
	author       = {Tamara I. Desherieva},
	authortype   = {[{Дешериева}]},
	year         = {1999},
	title        = {Naxskie jazyki [{T}he {N}akh languages]},
	booktitle    = {Jazyki mira: {K}avkazskie jazyki},
	address      = {Moscow},
	pages        = {166--173}
}

@book{nichols11,
	author       = {Johanna Nichols},
	year         = {2011},
	title        = {Ingush Grammar},
	address      = {Berkeley, Los Angeles, London},
	publisher    = {University of California Press}
}


@Unpublished{komen,
	author       = {Erwin R. Komen},
	title        = {The {C}hechen relative clause},
	note         = {Paper presented at ``Conference on Caucasian Languages'', Max Planck Institute for Evolutionary Anthropology, Leipzig, Germany},
	year         = {2007}
}

@book{hewitt87,
	author       = {B. George Hewitt},
	year         = {1987},
	title        = {The typology of subordination in {G}eorgian and {A}bkhaz},
	address      = {Berlin},
	publisher    = {Mouton de Gruyter}
}

@incollection{daniellander,
	author      = {Michael Daniel and Yuri Lander},
	year        = {2011},
	title       = {The {C}aucasian languages},
	booktitle   = {The Languages and Linguistics of {E}urope: {A} Comprehensive Guide},
	series      = {The World of Linguistics},
	volume      = {1},
	editor      = {Johan {van der Auwera} and Bernd Kortmann},
	address     = {Berlin},
	publisher   = {Mouton de Gruyter},
	pages       = {125--157}
}

@book{hewitt04,
	author      = {B. George Hewitt},
	year        = {2004},
	title       = {Introduction to the study of the languages of the {C}aucasus},
	address     = {Munich},
	publisher   = {LINCOM Europa}
}

@incollection{gippertOGeo,
	author       = {Jost Gippert}, 
	title        = {Old {G}eorgian},
	booktitle    = {The {C}aucasian languages: {A}n international handbook},
	publisher    = {De Gruyter Mouton},
	pubstate         = {forthcoming},
	editor       = {Yuri Koryakov and Yuri Lander and Timur Maisak},
	address      = {Berlin}
}

@incollection{harris1994rel,
	author       = {Alice C. Harris},
	year         = {1994},
	title        = {On the history of relative clauses in {G}eorgian},
	booktitle    = {Non-{S}lavic languages of the {USSR}: {P}apers from the fourth conference},
	editor       = {Howard I. Aronson},
	pages        = {130--142},
	address      = {Columbus},
	publisher    = {Slavica}
}

@book{vogt,
	author       = {Hans Vogt},
	year         = {1971},
	title        = {Grammaire de la langue géorgienne [{G}rammar of the {G}eorgian language]},
	address      = {Oslo},
	publisher    = {Universitetsforlaget},
}

@book{tschenkeli,
	author       = {Kita Tschenkéli},
	year         = {1958},
	title        = {Einführung in die georgische {S}prache, {I}. [{I}ntroduction to the {G}eorgian language, {I}.]},
	address      = {Zürich},
	publisher    = {Amirani}
}

@book{ertelishvili,
	author       = {Parnaoz Ertelishvili},
	authortype   = {[\foreignlanguage{georgian}{ერთელიშვილი}]},
	year         = {1963},
	title        = {{r}tuli c'inadadebis ist'oriisatvis kartulši, 1: {hip'ot'aksis} sak'itxebi [{O}n the history of the complex sentence in {G}eorgian, 1: {Q}uestions of hypotaxis]},
	address      = {Tbilisi},
	publisher    = {Tbilisi State University}
}

@book{dzidziguri,
	author       = {Shota Dzidziguri},
	authortype   = {[\foreignlanguage{georgian}{ძიძიგური}]},
	year         = {1973},
	title        = {{k'}avširebi kartul enaši [{C}onjunctions in the {G}eorgian language]},
	address      = {Tbilisi},
	publisher    = {Tbilisi State University},
}

@incollection{nichols94Che,
	author       = {Johanna Nichols}, 
	title        = {Chechen},
	booktitle    = {The {N}orth {E}ast {C}aucasian languages, Part 2},
	publisher    = {Caravan Books},
	series       = {The indigenous languages of the {C}aucasus},
	number       = {4},
	year         = {1994},
	editor       = {Rieks Smeets},
	pages        = {1--78},
	address      = {Delmar}
}

@incollection{nichols94Ing,
	author       = {Johanna Nichols}, 
	title        = {Ingush},
	booktitle    = {The {N}orth {E}ast {C}aucasian languages, Part 2},
	publisher    = {Caravan Books},
	series       = {The indigenous languages of the {C}aucasus},
	number       = {4},
	year         = {1994},
	editor       = {Rieks Smeets},
	pages        = {79--146},
	address      = {Delmar}
}

@article{good,
	author       = {Jeff Good},
	year         = {2003},
	title        = {Clause combining in {C}hechen},
	journal      = {Studies in {L}anguage},
	volume       = {27},
	issue        = {1},
	pages        = {113–170},
}

@incollection{boeder95,
	author       = {Winfried Boeder},
	year         = {1995},
	title        = {Suffixaufnahme in {K}artvelian},
	booktitle    = {Double case: {A}greement by {S}uffixaufnahme},
	publisher    = {Oxford University Press},
	editor       = {Frans Plank},
	address      = {Oxford},
	pages        = {151--215}
}

@article{wier,
	author       = {Thomas R. Wier},
	year         = {2014},
	title        = {Nonconfigurationality and argumenthood in {G}eorgian},
	journal      = {Lingua},
	volume       = {145},
	issue        = {2014},
	pages        = {36--64}
}

@article{kobaidzevamling,
	author       = {Manana Kobaidze and Karina Vamling},
	year         = {1997},
	title        = {Case marking in infinitive (ad-form) clauses in {O}ld {G}eorgian},
	journal      = {Lund University Working Papers},
	volume       = {46},
	issue        = {1997},
	pages        = {167–183}
}

@book{chrelashvili02,
	author       = {Kote Chrelashvili},
	authortype   = {[\foreignlanguage{georgian}{ჭრელაშვილი}]},
	year         = {2002},
	title        = {{c'}ova-tušuri ena [{T}he {T}sova-{T}ush language]},
	address      = {Tbilisi},
	publisher    = {Tbilisi State University}
}

@book{chrelashvili07,
	author       = {Kote Chrelashvili},
	authortype   = {[{Чрелашвили}]},
	year         = {2007},
	title        = {Cova-tušinskij (bacbijskij) jazyk [{T}he {T}sova-{T}ush ({B}atsbi) language]},
	address      = {Moscow},
	publisher    = {Nauka}
}

@book{desheriev53,
	author       = {Yunus D. Desheriev},
	authortype   = {[{Дешериев}]},
	year         = {1953},
	title        = {Bacbijskij jazyk. {F}onetika, morfologija, sintaksis, leksika [{T}he {B}atsbi language: {P}honetics, morphology, syntax, lexicon]},
	address      = {Moscow},
	publisher    = {Akademija Nauk SSSR, Institut Jazykoznanija}
}

@book{kadagidze09,
	author       = {Elene Kadagidze},
	authortype   = {[\foreignlanguage{georgian}{ქადაგიძე}]},
	year         = {2009},
	title        = {{c'}ova-tušuri t'ekst'ebi [{T}sova-{T}ush texts]},
	address      = {Tbilisi},
	publisher    = {Tbilisi State University}
}

@book{kadkad84,
	author       = {Davit Kadagidze and Niko Kadagidze},
	authortype   = {[\foreignlanguage{georgian}{ქადაგიძე}]},
	year         = {1984},
	title        = {{c'}ova-tušur-kartul-rusul leksik'oni [{T}sova-{T}ush-{G}eorgian-{R}ussian dictionary]},
	address      = {Tbilisi},
	publisher    = {Mecniereba}
}

@book{MM1,
	author       = {Makvala Mikeladze and Arsen Bertlani and Ketevan Gigashvili and Mariam Tsiskarishvili},
	authortype   = {[\foreignlanguage{georgian}{მიქელაძე, ბერთლანი, გიგაშვილი, ცისკარიშვილი}]}, 
	year         = {2011},
	title        = {{c'}ovatušuri tekst'ebi, {I}. [{T}sova-{T}ush texts, {I}.]},
	address      = {Tbilisi},
	Publisher    = {Tbilisi State University}
}

@book{MM2,
	author       = {Makvala Mikeladze and Arsen Bertlani and Ketevan Gigashvili and Mariam Tsiskarishvili},
	
	year         = {2014},
	title        = {{c'}ovatušuri tekst'ebi, {II}. [{T}sova-{T}ush texts, {II}.]},
	address      = {Tbilisi},
	Publisher    = {Tbilisi State University}
}

@book{MM4,
	author       = {Makvala Mikeladze and Arsen Bertlani and Ketevan Gigashvili and Mariam Tsiskarishvili},
	
	year         = {2017},
	title        = {{c'}ovatušuri tekst'ebi, {IV}. [{T}sova-{T}ush texts, {IV}.]},
	address      = {Tbilisi},
	Publisher    = {Tbilisi State University}
}

@book{AM,
	author       = {Aleksi Mikeladze},
	authortype   = {[\foreignlanguage{georgian}{მიქელაძე}]}, 
	year         = {2015},
	title        = {{c'}ovatušuri tekst'ebi, {III}.: 100 leksi [{T}sova-{T}ush texts, {III}.: 100 poems]},
	address      = {Tbilisi},
	Publisher    = {Tbilisi State University}
}

@article{schiefner54,
	author       = {Anton Schiefner},
	year         = {1854},
	title        = {Kurze {C}harakteristik der {T}hush-{S}prache [{S}hort sketch of the {T}ush language]},
	journal      = {Mélange asiatiques},
	volume       = {2},
	pages        = {402--426}
}

@book{schiefner56,
	author       = {Anton Schiefner},
	year         = {1856},
	title        = {Versuch über die {T}husch-{S}prache oder die khistische {M}undart in {T}huschetien [{E}ssay on the {T}ush language or the {N}akh dialect in {T}usheti]},
	address      = {St. Petersburg},
	publisher    = {Eggers et Comp},
	note         = {[special print of Schiefner 1859]}
}

@article{schiefner59,
	author       = {Anton Schiefner},
	year         = {1859},
	title        = {Versuch über die {T}husch-{S}prache oder die khistische {M}undart in {T}huschetien [{E}ssay on the {T}ush language or the {N}akh dialect in {T}usheti]},
	journal      = {Mémoires de l’académie impériale des science de Saint-Pétersbourg},
	volume       = {VI},
	issue        = {IX},
	pages        = {1--160}
}

@unpublished{tsiskarovgram,
	author       = {Iov Tsiskarov},
	authortype   = {[{Цискаров}]},
	year         = {1848},
	title        = {Kratkaja tušino-covskaja grammatika [{S}hort {T}sova-{T}ush grammar][manuscript]},
	note         = {Institute of Oriental Manuscripts,  St.-Petersburg. Division II, inventory 2, item 20.}
}

@unpublished{tsiskarovgloss,
	author       = {Iov Tsiskarov},
	authortype   = {[{Цискаров}]},
	year         = {1848},
	title        = {[{T}sova-{T}ush glossary and texts][manuscript]},
	note         = {Institute of Oriental Manuscripts, St.-Petersburg. Division II, inventory 2, item 19.}
}

@unpublished{tsiskarovbible,
	author       = {Iov Tsiskarov},
	authortype   = {[{Цискаров}]},
	year         = {1849},
	title        = {[{N}ew {T}estament in {T}sova-{T}ush][manuscript]},
	note         = {Institute of Oriental Manuscripts, St.-Petersburg. Division II, inventory 2, item 21.}
}

@incollection{gippert08,
	author       = {Jost Gippert},
	year         = {2008},
	title        = {Endangered {C}aucasian languages in {G}eorgia. Linguistic parameters of language endangerment},
	booktitle    = {Lessons from documented endangered languages},
	editor       = {K. David Harrison and David S. Rood and Arienne Dwyer},
	pages        = {159--194},
	address      = {Amsterdam},
	publisher    = {John Benjamins}
}


@book{jamarishvili,
	author       = {Lela Jamarishvili},
	authortype   = {[\foreignlanguage{georgian}{ჯამარიშვილი}]},
	year         = {2019},
	title        = {{a}\u{g}saareba [{C}onfession]},
	address      = {Tbilisi},
	Publisher    = {Intelekti}
}

@phdthesis{hauk,
	author       = {Bryn Hauk},
	year         = {2020},
	title        = {Deixis and reference tracking in {T}sova-{T}ush},
	institution  = {University of Hawai‘i at Manoa}
}

@book{kartulidialekt,
	author       = {Ivane Gigineishvili and Varlam Topuria and Ivane Kavtaradze},
	authortype   = {[\foreignlanguage{georgian}{გიგინეიშვილი, თოფურია, ქავთარაძე}]},
	title        = {{k}artuli dalekt'ologia [{G}eorgian dialectology]},
	year         = {1961},
	address      = {Tbilisi},
	publisher    = {Tbilisi State University}
}

@book{uturgaidze60,
	author       = {Tedo Uturgaidze},
	authortype   = {[\foreignlanguage{georgian}{უთურგაიძე}]},
	title        = {{t}ušuri k'ilo (mimoxilva, t'ekst'ebi da leksik'oni) [{T}he {T}ush dialect ({O}verview, texts and dictionary)]},
	year         = {1960},
	address      = {Tbilisi},
    publisher    = {Tbilisi State University},
}

@book{mikeladze11,
	author       = {Makvala Mikeladze},
	authortype   = {[\foreignlanguage{georgian}{მიქელაძე}]},
	title        = {{c'}ovatušuri enis saxelta morpologia [{T}sova-{T}ush nominal morphology]},
	year         = {2011},
	address      = {Tbilisi},
	publisher    = {Saari}
}

@article{holisky87,
	author       = {Dee Ann Holisky},
	year         = {1987},
	title        = {The case of the intransitive subject in {T}sova-{T}ush ({B}atsbi)},
	journal      = {Lingua},
	volume       = {71},
	pages        = {103--132}
}

@book{khalilova09,
	author       = {Zaira Khalilova},
	title        = {A grammar of {K}hwarshi},
	year         = {2009},
	address      = {Utrecht},
	publisher    = {Landelijke Onderzoeksschool Taalwetenschap}
}

@book{forker20,
	author       = {Diana Forker},
	title        = {A grammar of {S}anzhi {D}argwa},
	year         = {2020},
	address      = {Berlin},
	publisher    = {Language Science Press}
}

@book{sanikidze10,
	author       = {Latavra Sanikidze},
	authortype   = {[\foreignlanguage{georgian}{სანიკიძე}]},
	title        = {{b}acburi (c'ova-tušuri) ena [{T}he {B}atsbi ({T}sova-{T}ush) language]},
	year         = {2010},
	address      = {Tbilisi},
	publisher    = {Tbilisi State University}
}

@incollection{aronson91,
	author       = {Howard I. Aronson},
	year         = {1991},
	title        = {Modern {G}eorgian},
	booktitle    = {The {K}artvelian languages},
	editor       = {Alice C. Harris},
	pages        = {219--312},
	address      = {Delmar},
	publisher    = {Caravan Books}
}

@book{hewitt95,
	author       = {B. George Hewitt},
	title        = {Georgian: {A} structural reference grammar},
	year         = {1995},
	address      = {Amsterdam},
	publisher    = {John Benjamins}
}

@incollection{dumezil36,
	author       = {Georges Dumézil},
	year         = {1936},
	title        = {Langues caucasiennes et basque [{C}aucasian languages and {B}asque]},
	booktitle    = {Germanen und {I}ndogermanen: {V}olkstum, {S}prache, {H}eimat, {K}ultur. {F}estschrift für {H}erman {H}irt. {V}ol. 2: {E}rgebnisse der {S}prachwissenschaft},
	editor       = {Helmut Arntz},
	pages        = {183--198},
	address      = {Heidelberg},
	publisher    = {Carl Winter}
}

@book{faehnrich12,
	author       = {Heinz Fähnrich},
	title        = {Die georgische {S}prache [{T}he {G}eorgian language]},
	year         = {2012},
	address      = {Leiden},
	publisher    = {Brill}
}

@incollection{dryer07,
	author       = {Matthew S. Dryer},
	year         = {2007},
	title        = {Noun phrase structure},
	booktitle    = {Language typology and syntactic description},
	volume       = {II: {C}omplex constructions},
	editor       = {Timothy Shopen},
	pages        = {151--205},
	location     = {Cambridge},
	publisher    = {Cambridge University Press}
}

@book{corbett91,
	author       = {Greville G. Corbett},
	title        = {Gender},
	year         = {1991},
	publisher    = {Cambridge University Press},
	address = {Cambridge},
}

@incollection{WS,
	author       = {Jesse {Wichers Schreur}},
	year         = {2021},
	title        = {Nominal borrowings in {T}sova-{T}ush ({N}akh-{D}aghestanian, {G}eorgia) and their gender assignment},
	booktitle    = {Language contact in the territory of the former {S}oviet {U}nion},
	editor       = {Diana Forker and Lenore A. Grenoble},
	address      = {Amsterdam},
	publisher    = {John Benjamins},
	pages        = {15--33},
}

@unpublished{gerardinclass,
	author       = {Hélène Gérardin},
	year         = {2020},
	title        = {Vers une classification typologique des verbes géorgiens [{T}owards a typological classification of {G}eorgian verbs]},
	note         = {Paper presented at the lecture series "Théories et données linguistiques", INALCO, 13 Nov 2020}
}

@unpublished{tetradze,
	author       = {Maka Tetradze},
	year         = {2017},
	title        = {Verbal aspect in {B}ats in view of {N}akh and {G}eorgian aspectual systems},
	note         = {Paper presented at the conference “Historical Linguistics of the Caucasus”, Paris, 12--14 April, 2017}
}

@article{holisky85,
	author       = {{Dee Ann} Holisky},
	year         = {1985},
	title        = {A stone’s throw from aspect to number in {T}sova-{T}ush},
	journal      = {International Journal of American Linguistics},
	volume       = {51},
	issue        = {4},
	pages        = {453--455}
}

@article{gagua62,
	author       = {Rusudan Gagua},
	authortype   = {[\foreignlanguage{georgian}{გაგუა}]},
	year         = {1962},
	title        = {{b}acburi zmnis asp'ekt'i da ricxvis gamoxat'vis sašualebani [{T}sova-{T}ush verbal aspect and means of expressing number]},
	journal      = {iberiul-k'avk'asiuri enatmecniereba [Ibero-Caucasian Linguistics]},
	volume       = {3},
	pages        = {261--266},
}

@incollection{polinskyintro,
	author       = {Maria Polinsky},
	year         = {2021},
	title        = {Introduction},
	booktitle    = {Oxford handbook of languages of the {C}aucasus},
	editor       = {Maria Polinsky},
	address      = {Oxford},
	publisher    = {Oxford University Press}
}

@book{tuite98,
	author       = {Kevin Tuite},
	title        = {Kartvelian morphosyntax: {N}umber agreement and morphosyntactic orientation in the {S}outh {C}aucasian languages},
	year         = {1998},
	address = {Munich},
	publisher    = {LINCOM Europa}
}

@article{chrelashvili82,
	author       = {Kote Chrelashvili},
	authortype   = {[{Чрелашвили}]},
	year         = {1982},
	title        = {Xronologičeskie tipy sprjaženija glagolov bacbijskogo jazyka i vopros "polipersonalizma" v plane strukturno-tipologičeskogo sopostavlenija s gruzinskim polipersonal'nym glagolom
	[{C}hronological types of the {B}ats conjugation and the problem of polypersonalism against the background of a structural-typological comparison with {G}eorgian polypersonal verbs]},
	journal      = {iberiul-k'avk'asiuri enatmecnierebis c'elic'deuli [Journal of Ibero-Caucasian Linguistics]},
	volume       = {9},
	pages        = {120--138},
}

@article{gagua52,
	author       = {Rusudan Gagua},
	authortype   = {[\foreignlanguage{georgian}{გაგუა}]},
	year         = {1952},
	title        = {{z}mnis cvla gramat'ik'uli k'las-k'at'egoriis mixedvit bacbur enaši
	[{V}erbal inflection with regard to the category of noun class in the {B}ats language]},
	journal      = {iberiul-k'avk'asiuri enatmecniereba [Ibero-Caucasian Linguistics]},
	volume       = {4},
	pages        = {129--134},
}

@article{chrelashvili84,
	author       = {Kote Chrelashvili},
	authortype   = {[\foreignlanguage{georgian}{ჭრელაშვილია}]},
	year         = {1984},
	title        = {{c'}ovatušuri zmnis u\u{g}vlilebis sist'ema [{T}sova-{T}ush verbal conjugation]},
	journal      = {Macne},
	volume       = {2},
	pages        = {106--113},
}

@incollection{forker18,
	author       = {Diana Forker},
	year         = {2018},
	title        = {Evidentiality in {N}akh-{D}aghestanian languages},
	booktitle    = {The {O}xford handbook of evidentiality},
	editor       = {Alexandra Y. Aikhenvald},
	publisher    = {Oxford University Press},
	address      = {Oxford},
	pages        = {490--509}
}

@phdthesis{verhees19,
	author       = {Samira Verhees},
	authortype   = {[{Ферхеес}]},
	year         = {2019},
	title        = {Èvidencial'nost' kak čast' vido-vremennoj sistemy glagola v naxsko-dagenstanskix jazykax [{E}videntiality as part of tense-aspect in {E}ast {C}aucasian languages]},
	institution  = {Higher School of Economics, Moscow}
}

@incollection{plungian16,
	author       = {Vladimir A. Plungian},
	authortype   = {[{Плунгян}]},
	year         = {2016},
	title        = {K tipologii perfekta v jazykax mira. {P}redislovije [{T}owards a typology
	of the perfect in the world’s languages: {I}ntroduction]},
	booktitle    = {Tipologija perfekta [{T}ypology of the perfect]},
	editor       = {Timur A. Maisak and Vladimir A. Plungian and Ksenia P. Semjonova},
	publisher    = {Nauka},
	address      = {St. Petersburg},
	pages        = {7--38}
}

@article{chrelashvili90,
	author       = {Kote Chrelashvili},
	authortype   = {[{Чрелашвили}]},
	year         = {1990},
	title        = {Dva tipa sprjaženija glagolov v bacbijskom jazyke [{T}wo types of conjugation in {T}sova-{T}ush]},
	journal      = {iberiul-k'avk'asiuri enatmecnierebis c'elic'deuli [Journal of Ibero-Caucasian Linguistics]},
	volume       = {16},
	pages        = {61--65},
}

@article{harris09,
	author       = {Alice C. Harris},
	year         = {2009},
	title        = {Exuberant Exponence in {B}atsbi},
	journal      = {Natural Language \& Linguistic Theory},
	volume       = {27},
	issue        = {2},
	pages        = {267--303},
}

@article{pieronietal20,
	author       = {Andrea Pieroni and Renata Sõukand and Rainer W. Bussman},
	year         = {2020},
	title        = {The inextricable link between food and linguistic diversity: {W}ild food plants among diverse minorities in {N}ortheast {G}eorgia, {C}aucasus},
	journal      = {Economic Botany},
	volume       = {74},
	issue        = {4},
	pages        = {379–-397},
}

@incollection{harris08,
	author       = {Alice C. Harris},
	year         = {2008},
	title        = {Explaining exuberant agreement},
	booktitle    = {Grammatical change and linguistic theory: {T}he {R}osendal papers},
	editor       = {Thórhallur Eythórsson},
	publisher    = {John Benjamins},
	address      = {Amsterdam},
	pages        = {265--283}
}

@article{harrissamuel,
	author       = {Alice C. Harris and Arthur G. Samuel},
	year         = {2011},
	title        = {Perception of exuberant exponence in {B}atsbi: {F}unctional or incidental?},
	journal      = {Language},
	volume       = {87},
	issue        = {3},
	pages        = {447--469},
}

@incollection{chrelashvili67,
	author       = {Kote Chrelashvili},
	authortype  = {[\foreignlanguage{georgian}{ჭრელაშვილი}]},
	year         = {1967},
	title        = {{g}ramat’ik’uli k’lasebis raodenobis šesaxeb c’ovatušur enaši [{O}n the number of grammatical classes in the {T}sova-{Tush} language]},
	booktitle    = {{o}rioni: {ak’ak’i} šaniʒes [{O}rion: {F}or {A}kaki {S}hanidze]},
	editor       = {G. Akhvlediani and
	A. Sharamidze and I. Imnaishvili and A. Urushadze and G. Shalamberidze and S. Dzidziguri and K. Chumburidze},
	publisher    = {Tbilisi State University},
	address      = {Tbilisi},
	pages        = {332--335}
}

@book{comrie85,
	author       = {Bernard Comrie},
	title        = {Tense},
	year         = {1985},
	publisher    = {Cambridge University Press},
    address = {Cambridge}
}

@incollection{outtier99,
	author       = {Bernard Outtier},
	year         = {1999},
	title        = {Contribution à la morphologie du verbe simple en {B}ac [{A} contribution to the morphology of the {T}sova-{T}ush simple verb]},
	booktitle    = {Studies in {C}aucasian linguistics: {S}elected papers of the {E}ighth {C}aucasian {C}olloquium},
	editor       = {Helma {van den Berg}},
	publisher    = {Research School of Asian, African and Amerindian Studies (CNWS)},
	address      = {Leiden},
	pages        = {250--253}
}

@article{kojima19,
	author       = {Yasuhiro Kojima},
	year         = {2019},
	title        = {The development of person agreement and the cliticization of personal pronouns in {B}atsbi},
	journal      = {STUF},
	volume       = {72},
	issue        = {2},
	pages        = {275–296},
}

@article{forker19,
	author       = {Diana Forker},
	year         = {2019},
	title        = {The impact of language contact on {H}inuq: {P}honology, morphology, syntax, and lexicon},
	journal      = {STUF: Language Typology and Universals},
	volume       = {72},
	issue        = {2},
	pages        = {221–253},
}

@incollection{bakkeretal08,
	author       = {Dik Bakker and Jorge G. Rendón and Ewald Hekking},
	year         = {2008},
	title        = {Spanish meets {G}uaraní, {O}tomí and {Q}uichua: {A} multilingual confrontation},
	booktitle    = {Aspects of language contact: {N}ew theoretical, methodological and empirical findings with special focus on romancisation processes},
	editor       = {Thomas Stolz and Dik Bakker and Rosa Salas Palomo},
	publisher    = {Mouton de Gruyter},
	address      = {Berlin},
	pages        = {165–238}
}

@incollection{harris11,
	author       = {Alice C. Harris},
	year         = {2011},
	title        = {Clitics and affixes in {B}atsbi},
	booktitle    = {Representing language: {E}ssays in honor of {J}udith {A}issen},
	editor       = {Rodrigo Gutiérrez-Bravo and Line Mikkelsen and Eric Potsdam},
	publisher    = {University of California, Santa Cruz: Linguistic Research Center},
	address      = {},
	pages        = {137–155}
}

@article{imnaishvili68,
	author       = {Davit Imnaishvili},
	authortype  = {[\foreignlanguage{georgian}{იმნაიშვილი}]},
	year         = {1968},
	title        = {{p'}iris k'at'egoriis sak'itxisatvis naxuri (čačnuri) ǯgupis enata zmnaši [{O}n the problem of the category of person in the verb of the {N}akh languages]},
	journal      = {iberiul-k'avk'asiuri enatmecniereba [Ibero-Caucasian Linguistics]},
	volume       = {16},
	issue        = {},
	pages        = {192–-217},
}


@incollection{comriepolinsky98,
	author       = {Bernard Comrie and Maria Polinsky},
	year         = {1998},
	title        = {The great {D}aghestanian case hoax},
	booktitle    = {Case, Typology and Grammar},
	editor       = {Anna Siewierska and Jae Jung Song},
	publisher    = {John Benjamins},
	address      = {Amsterdam},
	pages        = {95--114}
}

@article{helmbrecht96,
	author       = {Johannes Helmbrecht},
	year         = {1996},
	title        = {The syntax of personal agreement in {E}ast {C}aucasian languages},
	journal      = {STUF},
	volume       = {49},
	issue        = {2},
	pages        = {127–148},
}

@incollection{schulze11,
	author       = {Wolfgang Schulze},
	year         = {2011},
	title        = {The origins of personal agreement clitics in {C}aucasian {A}lbanian and {U}di},
	booktitle    = {Folia {C}aucasica. {F}estschrift für {P}rof. {J}ost {G}ippert zum 55. {G}eburtstag},
	editor       = {Manana Tandaschwili and Zakaria Pourtskhvanidze},
	publisher    = {Universität Frankfurt},
	address      = {Frankfurt am Main},
	pages        = {}
}

@article{creissels08,
	author       = {Denis Creissels},
	year         = {2008},
	title        = {Person variations in {A}khvakh verb morphology: {F}unctional motivation and origin of an uncommon pattern},
	journal      = {STUF},
	volume       = {61},
	issue        = {4},
	pages        = {309-–325},
}

@incollection{sumbatova11,
	author       = {Nina Sumbatova},
	year         = {2011},
	title        = {Person hierarchies and the problem of person marker origin in {D}argwa: {F}acts and diachronic problems},
	booktitle    = {Tense, aspect, modality and finiteness in {E}ast {C}aucasian languages},
	editor       = {Gilles Authier and Timur Maisak},
	publisher    = {Universitätsverlag Dr. N. Brockmeyer},
	address      = {Bochum},
	pages        = {131--160}
}

@article{magometov62,
	author       = {Aleksandr A. Magometov},
	authortype   = {[{Магометов}]},
	year         = {1962},
	title        = {Ličnoe sprjaženie v darginskom jazyke sravnitel'no so sprjaženiem v tabasaranskom i lakskom [{P}ersonal conjugation in {D}argwa in comparsion to conjugation in {T}abasaran and {L}ak]},
	journal      = {iberiul-k'avk'asiuri enatmecniereba [Ibero-Caucasian Linguistics]},
	volume       = {13},
	issue        = {},
	pages        = {313--343},
}

@incollection{croft88,
	author       = {William Croft},
	year         = {1988},
	title        = {Agreement vs. Case Marking and Direct Objects},
	booktitle    = {Agreement in Natural Language},
	editor       = {M. Barlow and C. A. Ferguson},
	publisher    = {Center for the Study of Language and Information},
	address      = {Stanford},
	pages        = {159--181}
}

@incollection{givon76,
	author       = {Talmy Givón},
	year         = {1976},
	title        = {Topic, Pronoun, and Grammatical Agreement},
	booktitle    = {Subject and	Topic},
	editor       = {C. Li},
	publisher    = {Academic Press},
	address      = {New York},
	pages        = {151--188}
}

@article{bellamyWS,
	author       = {Kate Bellamy and Jesse {Wichers Schreur}},
	year         = {2021},
	title        = {When semantics and phonology collide: {G}ender assignment in mixed {T}sova-{T}ush-{G}eorgian nominal constructions},
	journal      = {International Journal of Bilingualism},
	volume       = {26},
	issue        = {3},
	pages        = {257–-285},
}

@article{holiskykadagidze,
	author       = {{Dee Ann} Holisky and Elene Kadagidze},
	year         = {1989},
	title        = {“{T}he north wind and the sun” in {T}sova-{T}ush},
	journal      = {Georgica},
	volume       = {12},
	issue        = {},
	pages        = {17--20},
}

@incollection{kojima09,
	author       = {Yasuhiro Kojima},
	year         = {2009},
	title        = {A man coming from {S}hiraki: {A} {B}atsbi text},
	booktitle    = {Digitized language resources and language studies},
	editor       = {K. Matsumura},
	publisher    = {Graduate school of Humanities and Sociology, University of Tokyo},
	address      = {Tokyo},
	pages        = {131--148}
}

@book{dirr-tt,
	author       = {Adolf Dirr},
	year         = {1909},
	title        = {Wörter und {S}ätze in {T}sowa-{T}huschisch [{W}ords and phrases in {T}sova-{T}ush]},
	publisher    = {Phonogram Archive of the Austrian Academy of Sciences},
	location     = {Vienna},
	series       = {Phonograph recordings and protocols},
	number       = {Ph 1191--1192}
}

@book{himmelmannschultze,
	editor       = {Nikolaus P. Himmelmann and Eva F. Schultze-Berndt},
	title        = {Secondary predication and adverbial modification: {T}he typology of depictives},
	year         = {2005},
	address      = {Oxford},
	publisher    = {Oxford University Press}
}

@incollection{creissels14functive,
	author       = {Denis Creissels},
	year         = {2014},
	title        = {Functive-transformative marking in {A}khvakh and other {C}aucasian languages},
	booktitle    = {Jazyk. {K}onstanty. {P}eremennye: {P}amjati {A}leksandra {E}vgenʹeviča {K}ibrika [{L}anguage. {C}onstants. {V}ariables: {I}n honour of {A}lexander {K}ibrik]},
	editor       = {Michael Daniel and Vladimir A. Plungian and Ekatarina A. Ljutikova},
	publisher    = {Aletejja},
	address      = {St. Petersburg},
	pages        = {430--449}
}

@book{comrie76,
	author       = {Bernard Comrie},
	title        = {Aspect},
	year         = {1976},
	publisher    = {Cambridge University Press},
address = {Cambridge},
}

@article{chrelashvili87,
	author       = {Kote Chrelashvili},
	authortype   = {[{Чрелашвили}]},
	year         = {1987},
	title        = {Sintaksičeskie konstrukcii predloženii v bacbijskom jazyke
	[{S}yntactic constructions in the {B}ats language]},
	journal      = {iberiul-k'avk'asiuri enatmecnierebis c'elic'deuli [Journal of Ibero-Caucasian Linguistics]},
	volume       = {14},
	pages        = {204--211},
}

@article{holisky84,
	author       = {{Dee Ann} Holisky},
	year         = {1984},
	title        = {Anomalies in the use of the ergative case in {T}sova-{T}ush ({B}atsbi)},
	journal      = {Folia Slavica},
	volume       = {7},
	issue        = {1/2},
	pages        = {181--194},
}

@article{gagua87,
	author       = {Rusudan Gagua},
	authortype   = {[{Гагуа}]},
	year         = {1987},
	title        = {Osnovnye voprosy morfologii bacbijskogo glagola. 1. {K}auzativ [{M}ain questions of the {B}ats verbal morphology. 1. {F}ormation of the causative]},
	journal      = {IK'EC' },
	volume       = {14},
	issue        = {},
	pages        = {198--203},
}

@incollection{holisky94,
	author       = {{Dee Ann} Holisky},
	year         = {1994},
	title        = {Notes on auxiliary verbs in {T}sova-{T}ush ({B}atsbi)},
	booktitle    = {Non-{S}lavic languages of the {USSR}: {P}apers from the fourth conference},
	editor       = {Howard I. Aronson},
	publisher    = {Slavica},
	address      = {Chicago},
	pages        = {143--159}
}


@article{nichols03bipartite,
	author       = {Johanna Nichols},
	year         = {2003},
	title        = {A bipartite verb stem outlier in {E}urasia: {N}akh-{D}aghestanian},
	journal      = {Proceedings of the Annual Meeting of the Berkeley Linguistics Society},
    volume       = {29},
	pages        = {321--334}
}

@incollection{nichols13,
	author       = {Johanna Nichols},
	year         = {2013},
	title        = {Causativization and contact in {N}akh-{D}aghestanian},
	booktitle    = {Proceedings of the 37th Annual Meeting of the {B}erkeley {L}inguistics {S}ociety: {S}pecial Session on Languages of the {C}aucasus},
	editor       = {Chundra Cathcart and Shinae Kang and Clare S. Sandy},
	publisher    = {Berkeley Linguistics Society},
	address      = {Berkeley},
	pages        = {68--80}
}

@article{nicholsvalency,
	author       = {Johanna Nichols and David A. Peterson and Jonathan Barnes},
	year         = {2004},
	title        = {Transitivizing and
	detransitivizing languages},
	journal      = {Linguistic Typology},
	volume       = {8},
	issue        = {2},
	pages        = {149--211},
}

@article{nicholasjosephgreek,
	author       = {Nick Nicholas and Brian D. Joseph},
	year         = {2009},
	title        = {Verbal dvandvas in {M}odern {G}reek},
	journal      = {MIT Working Papers in Linguistics},
    volume       = {57},
	pages        = {}
}

@incollection{haukhakim,
	author       = {Bryn Hauk and Jacob Hakim},
	year         = {2019},
	title        = {Acoustic properties of singleton and geminate ejective stops in {T}sova‐{T}ush},
	booktitle    = {Proceedings of the 19th {I}nternational {C}ongress of {P}honetic {S}ciences, {M}elbourne, {A}ustralia 2019},
	editor       = {Sasha Calhoun and Paola Escudero and Marija Tabain and Paul Warren},
	publisher    = {Australasian Speech Science and Technology Association Inc.},
	address      = {Canberra},
	pages        = {3483-–3487}
}


@incollection{nichols00pharyng,
	author       = {Johanna Nichols},
	year         = {2000},
	title        = {The historical geography of pharyngeals and laterals in the {C}aucasus},
	booktitle    = {Proceedings of the 25th annual meeting of the {B}erkeley {L}inguistics {S}ociety: {S}pecial session on {C}aucasian, {D}ravidian, and {T}urkic linguistics},
	editor       = {},
	publisher    = {},
	address      = {},
	pages        = {1--13}
}


@Unpublished{kojima11pharyng,
	author       = {Yasuhiro Kojima},
	title        = {Pharyngeal and laryngeal consonants in {B}atsbi},
	note         = {Paper presented at “{C}onference on {C}aucasian {L}anguages”, {M}ax {P}lanck Institute for Evolutionary Anthropology, {L}eipzig, {G}ermany, {M}ay 2011},
	year         = {2007}
}

@book{klimov78struktur,
	editor       = {Giorgij A. Klimov},
	editortype   = {[Климов] ed.},
	title        = {Strukturnye obščnosti kavkazskix jazykov [{S}tructural similarities across {C}aucasian languages]},
	year         = {1978},
	address      = {Moscow},
	publisher    = {Nauka}
}


@article{gagua56vowel,
	author       = {Rusudan Gagua},
	authortype  = {[\foreignlanguage{georgian}{გაგუა}]},
	year         = {1956},
	title        = {{z}ogierti ponet'ik'uri p'rocesi bacburi enis xmovnebši. [{S}ome phonetic processes in the vowels of the {T}sova-{T}ush language]},
	journal      = {iberiul-k'avk'asiuri enatmecniereba [Ibero-Caucasian Linguistics]},
	volume       = {8},
	issue        = {},
	pages        = {469--476},
}

@phdthesis{molochieva10tam,
	author       = {Zarina Molochieva},
	year         = {2010},
	title        = {Tense, aspect, and mood in {C}hechen},
	institution  = {Universität Leipzig}
}

@article{brosset,
	author       = {Marie-Félicité Brosset},
	year         = {1849},
	title        = {Rapport sur une traduction thouche de l'{H}istoire-{S}ainte [{R}eport on a {T}ush translation of the {S}acred {H}istory]},
	journal      = {Bulletin historique-philologique},
	volume       = {6},
	issue        = {},
	pages        = {342--343},
}

@phdthesis{gagua43diss,
	author       = {Rusudan Gagua},
	authortype   = {[\foreignlanguage{georgian}{გაგუა}]},
	year         = {1943},
	title        = {{ʒ}iritadi da erttandebuliani brunvebi bacburši [{M}ain and single-postpositional cases in {T}sova-{T}ush]},
	institution  = {Tbilisi State University}
}

@article{gagua48erg,
	author       = {Rusudan Gagua},
	authortype   = {[\foreignlanguage{georgian}{გაგუა}]},  
	year         = {1948},
	title        = {{e}rgat'ivisa da inst'rument'alisis urtiertobisatvis bacbur enaši [{O}n the relationship between the ergative and the instrumental in {T}sova-{T}ush]},
	journal      = {iberiul-k'avk'asiuri enatmecniereba [Ibero-Caucasian Linguistics]},
	volume       = {2},
	issue        = {},
	pages        = {87--90},
}

@article{gagua83noun,
	author       = {Rusudan Gagua},
	authortype   = {[{Гагуа}]},
	year         = {1983},
	title        = {{O}snovnye voprosy fonetiki i morfologii bacbijskogo imeni [{M}ain questions on the phonetics and morphology of the {B}atsbi noun]},
	journal      = {iberiul-k'avk'asiuri enatmecnierebis c'elic'deuli [Journal of Ibero-Caucasian Linguistics]},
	volume       = {10},
	issue        = {},
	pages        = {173--262},
}

@article{sanikidze66redupl,
	author       = {Latavra Sanikidze},
	authortype  = {[\foreignlanguage{georgian}{სანიკიძე}]},
	year         = {1966},
	title        = {{p}uʒis gaork'eceba bacburši [{R}oot reduplication in {T}sova-{T}ush]},
	journal      = {iberiul-k'avk'asiuri enatmecniereba [Ibero-Caucasian Linguistics]},
	volume       = {15},
	issue        = {},
	pages        = {304--316},
}

@article{sanikidze76decl,
	author       = {Latavra Sanikidze},
	authortype  = {[\foreignlanguage{georgian}{სანიკიძე}]},
	year         = {1976},
	title        = {{z}og ertmarcvlian xmovanpuʒian arsebit saxelta bruneba bacburši [{T}he declension of some monosyllabic nouns of vocalic stem in the {B}atsbi language]},
	journal      = {iberiul-k'avk'asiuri enatmecnierebis c'elic'deuli [Journal of Ibero-Caucasian Linguistics]},
	volume       = {3},
	issue        = {},
	pages        = {192--20},
}

@article{sanikidze84q,
	author       = {Latavra Sanikidze},
	authortype   = {[\foreignlanguage{georgian}{სანიკიძე}]},
	year         = {1984},
	title        = {{k'}itxviti nac'ilak'ebi bacbur (c'ovatušur) enaši [{I}nterrogative particles in the {B}atsbi ({T}sova-{T}ush) language]},
	journal      = {iberiul-k'avk'asiuri enatmecnierebis c'elic'deuli [Journal of Ibero-Caucasian Linguistics]},
	volume       = {11},
	issue        = {},
	pages        = {95--10},
}

@incollection{harris13metath,
	author       = {Alice C. Harris},
	year         = {2013},
	title        = {Origins of metathesis in {B}atsbi},
	booktitle    = {In search of {U}niversal {G}rammar: {F}rom {O}ld {N}orse to {Z}oque},
	editor       = {Terje Lohndahl},
	publisher    = {John Benjamins},
	address      = {Amsterdam},
	pages        = {221--237}
}

@book{bertlani12phon,
	author       = {Arsen Bertlani},
	authortype  = {[\foreignlanguage{georgian}{ბერთლანი}]},
	title        = {{t}ušuri enis ponet'ik'a da ponologia [{T}sova-{T}ush phonetics and phonology]},
	year         = {2012},
	address      = {Tbilisi},
	publisher    = {Telavi University Press}
}

@book{gigashvili16cs,
	author       = {Ketevan Gigashvili},
	authortype   = {[\foreignlanguage{georgian}{გიგაშვილი}]},
	title        = {{k'}odis gadrtva da misi st'rukt'urul-punkciuri maxasiateblebi c'ovatušur-kartuli bilingvuri disk'ursis mixedvit [{C}ode-switching and its structural-functional features according to {T}sova-{T}ush-{G}eorgian bilingual discourse]},
	year         = {2016},
	address      = {Tbilisi},
	publisher    = {Saari}
}

@book{mikeladze08interf,
	author       = {Makvala Mikeladze},
	authortype   = {[\foreignlanguage{georgian}{მიქელაძე}]},
	title        = {{i}nt'erperent'uli p'rocesebi c'ovatušur enaši, {I} nac'ili: {leksik'a} da ponologia [{I}nterferential processes in {T}sova-{T}ush, part 1: {L}exicon and phonology]},
	year         = {2008},
	address      = {Telavi},
	publisher    = {Telavi State University}
}


@book{mikeladze13verb,
	author       = {Makvala Mikeladze},
	authortype   = {[\foreignlanguage{georgian}{მიქელაძე}]},
	title        = {{c'}ovatušuri zmnis morpologiis sak'itxebi [{O}n {T}sova-{T}ush verbal morphology]},
	year         = {2013},
	address      = {Tbilisi},
	publisher    = {Griponi}
}

@book{faehnrich01dict,
	author       = {Heinz Fähnrich},
	title        = {Batsisch ({Zowatuschisch}): {Deutsches} {W}örterbuch [{B}ats ({T}sova-{T}ush): {G}erman dictionary]},
	year         = {2001},
	address      = {Jena},
	publisher    = {Friedrich-Schiller-Universität}
}

@book{teldict1,
	author       = {Arsen Bertlani and Makvala Mikeladze and Ketevan Gigashvili},
	authortype   = {\foreignlanguage{georgian}{[ბერთლანი, მიქელაძე, გიგაშვილი]}},
	title        = {{c'}ovatušur-kartul-rusul-inglisur leksik'oni [{T}sova-{T}ush-{G}eorgian-{R}ussian-{E}nglish dictionary]. {P}art 1},
	year         = {2012},
	address      = {Tbilisi},
	publisher    = {Universali}
}

@book{teldict2,
	author       = {Arsen Bertlani and Makvala Mikeladze and Ketevan Gigashvili},
	title        = {{c'}ovatušur-kartul-rusul-inglisur leksik'oni [{T}sova-{T}ush-{G}eorgian-{R}ussian-{E}nglish dictionary]. {P}art 2},
	year         = {2013},
	address      = {Tbilisi},
	publisher    = {Saari}
}

@book{teldict3,
	author       = {Arsen Bertlani and Makvala Mikeladze and Ketevan Gigashvili},
	title        = {{c'}ovatušur-kartul-rusul-inglisur leksik'oni [{T}sova-{T}ush-{G}eorgian-{R}ussian-{E}nglish dictionary]. {P}art 3},
	year         = {2018},
	address      = {Tbilisi},
	publisher    = {Universali}
}

@book{shanidze53sapudz,
	author       = {Akaki Shanidze},
	authortype   = {[\foreignlanguage{georgian}{შანიძე}]},
	title        = {{k}artuli gramat'ik'is sapuʒvlebi [{F}oundations of {G}eorgian grammar]},
	year         = {1953},
	address      = {Tbilisi},
	publisher    = {Tbilisi State University}
}

@incollection{authier16wordform,
	author       = {Gilles Authier},
	year         = {2016},
	title        = {Tat},
	booktitle    = {An International Handbook of the Languages of {E}urope},
	editor       = {Peter O. Müller and Ingeborg Ohnheiser and Susan Olsen and Franz Rainer},
	publisher    = {De Gruyter},
	address      = {Berlin},
	volume       = {5: {Word}-Formation},
	pages        = {3112--3129}
}

@article{harris1982unaccusative,
	author       = {Alice C. Harris},
	year         = {1982},
	title        = {Georgian and the unaccusative hypothesis},
	journal      = {Language},
	volume       = {58},
	issue        = {2},
	pages        = {290--306},
}

@book{harris1981syntax,
	author       = {Alice C. Harris},
	title        = {Georgian syntax: {A} study in relational grammar},
	year         = {1981},
	address      = {Cambridge},
	publisher    = {Cambridge University Press}
}

@book{holisky1981medial,
	author       = {{Dee Ann} Holisky},
	title        = {Aspect and {G}eorgian medial verbs},
	year         = {1981},
	address      = {Delmar},
	publisher    = {Caravan Books}
}

@incollection{harris10unacc,
	author = {Alice C. Harris},
	year = {2010},
	title = {Origins of differential unaccusative/unergative case marking: {I}mplications for innateness},	
	address = {Cambridge},
	booktitle = {Hypothesis {A}/{Hypothesis} {B}: {Linguistic} explorations in honor of {David} {M}. {Perlmutter}},
	publisher = {MIT Press},
	pages = {203--220},
}

@book{abuladze1973dict,
	author       = {Ilia Abuladze},
	authortype   = {[\foreignlanguage{georgian}{აბულაძე}]},
	title        = {{ʒ}veli kartuli enis leksik'oni [{D}ictionary of the {O}ld {G}eorgian language]},
	year         = {1973},
	address      = {Tbilisi},
	publisher    = {Mecniereba}
}

@article{gigashvili2014bi,
	author       = {Ketevan Gigashvili},
	year         = {2014},
	title        = {The Principal Features of {T}sova-{T}ush--{G}eorgian Bilingualism},
	journal      = {International Proceedings of Economics Development and Research},
	volume       = {77},
	issue        = {},
	pages        = {24--29}
}

@article{gigashvili2014migration,
	author       = {Ketevan Gigashvili and George Gotsiridze},
	year         = {2014},
	title        = {About One Case of Linguistic Influence of Migration},
	journal      = {International Journal Advances in Social Science and Humanities},
	volume       = {2},
	issue        = {9},
	pages        = {5--14}
}

@article{Tsiskarov1846newspaper,
	author       = {Iov Tsiskarov},
	authortype   = {[{Цискаров}]},
	year         = {1846},
	title        = {Kartina {T}ušetii [{P}ortrait of {T}usheti]},
	journal      = {Kavkaz},
	volume       = {50},
	issue        = {14 Dec. 1846},
	pages        = {}
}

@incollection{nichols03cc,
	author       = {Johanna Nichols},
	year         = {2003},
	title        = {The {N}akh-{D}aghestanian consonant correspondences},
	booktitle    = {Current trends in {C}aucasian, {E}ast European and {I}nner {A}sian linguistics: {P}apers in honor of {H}oward {I}. {A}ronson},
	editor       = {Kevin Tuite and Dee Ann Holisky},
	publisher    = {John Benjamins},
	address      = {Amsterdam},
	pages        = {207–264}
}

@book{guldenstad1,
	author       = {Johann Anton Güldenstädt},
	title        = {Reisen durch {R}ußland und im Caucasischen {G}ebürge, {T}eil 1 [{T}ravels through {R}ussia and in the {C}aucasus mountains, {V}olume 1]},
	year         = {1787},
	address      = {St. Petersburg},
	publisher    = {Russian Imperial Academy of Sciences}
}

@book{guldenstad2,
	author       = {Johann Anton Güldenstädt},
	title        = {Reisen durch {R}ußland und im Caucasischen {G}ebürge, {T}eil 2 [{T}ravels through {R}ussia and in the {C}aucasus mountains, {V}olume 2]},
	year         = {1791},
	address      = {St. Petersburg},
	publisher    = {Russian Imperial Academy of Sciences}
}

@book{zisserman,
	author       = {Arnold L. Zisserman},
	authortype   = {[{Зиссерман}]},
	title        = {Dvadcat' pjat' let na {K}avkaze. 1842—1867 [{T}wenty-five years in the {C}aucasus. 1842—1867]},
	year         = {1879},
	address      = {St. Petersburg},
	publisher    = {Suvorina}
}

@book{klaproth,
	author       = {Julius Klaproth},
	title        = {Reise in den {K}aukasus und nach {G}eorgien unternommen in den {J}ahren 1807 und 1808 [{T}ravels into the {C}aucasus and to {G}eorgia, undertaken in 1807 and 1808]},
	year         = {1812},
	address      = {Halle},
	publisher    = {Buchhandlung des Waisenhauses}
}

@article{dirr1909names,
	author       = {Adolf Dirr},
	authortype   = {[{Дирр}]}, 
	year         = {1909},
	title        = {Sovermennyja nazvanija kavkazskix plemen [{C}ontemporary names of {C}aucasian tribes]},
	journal      = {Sbornik materialov dlja opisanija mestnostej i plemen Kavkaza [Collection of the Materials for Description of Places and Tribes of the Caucasus]},
	volume       = {40},
	issue        = {3},
	pages        = {1--28},
}


@book{desheriev1963comparative,
	author       = {Yunus D. Desheriev},
	authortype   = {[{Дешериев}]},
	title        = {Sravnitel'no-istoričeskaja grammatika naxskix jazykov i problemy proisxoždenija i istoričeskogo razvitija gorskix kavkazskix narodov [{A} historical-comparative grammar of the {N}akh languages and issues of the origins and the historical development of the mountainous {C}aucasian peoples]},
	year         = {1963},
	address      = {Grozny},
	publisher    = {Čečеno-ingušskoe knižnoe izdatel'stvo}
}

@book{suleymanov1976topo,
	author       = {Akhmad S. Suleymanov},
	authortype   = {[{Сулейманов}]},
	title        = {Toponimija {Č}ečеno-ingušetii v {IV} častjax [{T}oponomy of {C}hechnya-{I}ngushetia in four volumes] 1976--1985},
	year         = {1976},
	address      = {Grozny},
	publisher    = {Čečеno-ingušskoe knižnoe izdatel'stvo}
}

@book{wixman1980ethnic,
	author       = {Ronald Wixman},
	title        = {Language aspects of ethnic patterns and processes in the {N}orth {C}aucasus},
	year         = {1980},
	address      = {Chicago},
	publisher    = {University of Chicago}
}

@book{wixman1984peoples,
	author       = {Ronald Wixman},
	title        = {The peoples of the {USSR}: {A}n ethnographic handbook},
	year         = {1984},
	address      = {London},
	publisher    = {Macmillan Press}
}

@unpublished{eliosidze,
	author       = {Iridion Eliosidze},
	authortype   = {[\foreignlanguage{georgian}{ელიოსიძე}]},
	year         = {1874},
	title        = {[{Writings} about {T}usheti] [manuscript]},
	note         = {Institute of Oriental Manuscripts,  St.-Petersburg}
}

@book{elanidze1988tusheti,
	author       = {Valerian Elanidze},
	authortype   = {[\foreignlanguage{georgian}{ელანიძე}]},
	title        = {{t}ušetis ist'oriis sak'itxebi [{I}ssues of the history of {T}usheti]},
	year         = {1988},
	address      = {Tbilisi},
	publisher    = {Tbilisi State University}
}

@article{bukurauli1897moambe,
	author       = {Ivane Bukurauli},
	authortype   = {[\foreignlanguage{georgian}{ბუქურაული}]},
	year         = {1897},
	title        = {{t'}batanidan c'ovatamdin (mgzavris šenišvnebi) [{F}rom {T}batana to {T}sovata (a traveller's notes)]},
	journal      = {Moambe},
	volume       = {8},
	issue        = {2},
	pages        = {34--56},
}

@book{makalatia1933tusheti,
	author       = {Sergi Makalatia},
	authortype   = {[\foreignlanguage{georgian}{მაკალათია}]},
	title        = {{t}ušeti [{T}usheti]},
	year         = {1933},
	address      = {Tbilisi},
	publisher    = {Nakaduli}
}

@book{itonishvili2012tush,
	author       = {Valerian Itonishvili},
	authortype   = {[\foreignlanguage{georgian}{ითონიშვილი}]},
	title        = {{t}ušeti da tušebi [{T}usheti and the {T}ush]},
	year         = {2012},
	address      = {Tbilisi},
	publisher    = {Universali}
}

@article{sharashidze1960anthro,
	author       = {Luarsab Sharashidze},
	authortype   = {[\foreignlanguage{georgian}{შარაშიძე}]},
	year         = {1960},
	title        = {{c'}ova-tušebis antrop'ologiisatvis [{O}n the anthropology of the {T}sova-{T}ush]},
	journal      = {{e}ksp'eriment'uli morpologiis inst'it'ut'is šromebi [{P}roceedings of the institute for experimental morphology]},
	volume       = {8},
	issue        = {},
	pages        = {268--280},
}


@incollection{gagua1977encyc,
	author       = {Rusudan Gagua},
	authortype   = {[\foreignlanguage{georgian}{გაგუა}]},
	year         = {1977},
	title        = {{b}acburi ena [{T}he {T}sova-{T}ush language]},
	booktitle    = {{k}artuli sabč'ota encik'lop'edia 2 [{G}eorgian {S}oviet encyclopedia 2]},
	editor       = {},
	publisher    = {},
	address      = {},
	pages        = {252--253}
}

@book{rayfield2012history,
	author       = {Donald Rayfield},
	title        = {Edge of empires: {A} history of {G}eorgia},
	year         = {2012},
	address      = {London},
	publisher    = {Reaktion Books}
}

@book{allen1970history,
	author       = {William E. D. Allen},
	title        = {Russian Embassies to the {G}eorgian Kings, 1589--1605},
	year         = {1970},
address = {Cambridge},
	publisher    = {Cambridge University Press}
}

@article{nichols2004alpine,
	author       = {Johanna Nichols},
	year         = {2004},
	title        = {The origin of the {C}hechen and {I}ngush: {A} study in {Alpine} linguistic and ethnic geography},
	journal      = {Anthropological Linguistics},
	volume       = {46},
	issue        = {2},
	pages        = {129--155},
}

@incollection{nichols2013vertical,
	author       = {Johanna Nichols},
	year         = {2013},
	title        = {The vertical archipelago: {A}dding the third dimension to linguistic geography},
	booktitle    = {Space in language and linguistics: {G}eographical, interactional, and cognitive perspectives},
	editor       = {Peter Auer and Martin Hilpert and Anja Stukenbrock and Benedikt Szmrecsanyi},
	publisher    = {de Gruyter},
	address      = {Berlin},
	pages        = {38–-60}
}

@article{blauvelt2013russian,
	author       = {Timothy K. Blauvelt},
	year         = {2013},
	title        = {Endurance of the {S}oviet imperial tongue: {T}he {R}ussian language in contemporary {G}eorgia},
	journal      = {Central Asian Survey},
	volume       = {32},
	issue        = {2},
	pages        = {189--209},
}

@online{unesco,
	author = {Christopher Mosely},
	title = {{UNESCO} Atlas of the World's Languages in Danger},
	year = {2010},
	url = {http://www.unesco.org/languages-atlas/index.php},
	urldate = {2020-01-01}
}

@book{koryakov2002atlas,
	author       = {Yuri B. Koryakov},
	authortype    = {[{Коряков}]},
	title        = {Atlas kavkazskix jazykov [{A}tlas of the {C}aucasian languages]},
	year         = {2006},
	address      = {Moscow},
	publisher    = {Piligrim}
}


@article{daniel2021franca,
	author       = {Michael Daniel and Ilia Chechuro and Samira Verhees and Nina Dobrushina},
	year         = {2021},
	title        = {Lingua francas as lexical donors: {E}vidence from {D}aghestan},
	journal      = {Language},
	volume       = {97},
	issue        = {3},
	pages        = {520–-560},
}

@article{authier2010kryzcopy,
	author       = {Gilles Authier},
	year         = {2010},
	title        = {Azeri morphology in {K}ryz ({E}ast {C}aucasian)},
	journal      = {Turkic Languages},
	volume       = {14},
	issue        = {},
	pages        = {14--42},
}

@article{dahlwalchli2016iam,
	author       = {Östen Dahl and Bernhard Wälchli},
	year         = {2016},
	title        = {Perfects and iamitives: {T}wo gram types in one grammatical space},
	journal      = {Letras de Hoje},
	volume       = {51},
	issue        = {3},
	pages        = {325-–348},
}


@article{krajinovic2019iam,
	author       = {Ana Krajinović},
	year         = {2019},
	title        = {The semantics of perfect in {N}afsan and implications for typology},
	journal      = {Proceedings of TripleA},
	volume       = {5},
	issue        = {},
	pages        = {106--121},
}


@article{lobner1989schon,
	author       = {Sebastian Löbner},
	year         = {1989},
	title        = {German \emph{schon} -- \emph{erst} -- \emph{noch}: {A}n integrated analysis},
	journal      = {Linguistics and Philosophy},
	volume       = {12},
	issue        = {},
	pages        = {167--212},
}


@mastersthesis{olsson2013iam,
	author       = {Bruno Olsson},
	year         = {2013},
	title        = {Iamitives: {P}erfects in {S}outheast {A}sia and beyond},
	institution  = {Stockholm University}
}

@article{auwera1993already,
	author       = {Johan {van der Auwera}},
	year         = {1993},
	title        = {Already and Still: {B}eyond duality},
	journal      = {Linguistics and Philosophy},
	volume       = {16},
	issue        = {},
	pages        = {613–-663},
}

@article{vandenberg2005intro,
	author       = {Helma {van den Berg}},
	year         = {2005},
	title        = {The {E}ast {C}aucasian language family},
	journal      = {Lingua},
	volume       = {115},
	issue        = {},
	pages        = {147--190},
}

@book{matsiev61dict,
	author       = {Akhmet G. Matsiev},
	authortype   = {[{Мациев}]},
	title        = {Čečensko-russkij slovar' [{C}hechen-{R}ussian dictionary]},
	year         = {1961},
	address      = {Moscow},
	publisher    = {Gosudarstvennoe Izdatel'stvo Inostrannyx i Nacional'nyx Slovarej}
}

@incollection{nichols17rel,
	author       = {Johanna Nichols},
	year         = {2017},
	title        = {Noun-modifying constructions and relativization in the central and western {C}aucasus},
	booktitle    = {Noun-Modifying Clause Constructions in Languages of {E}urasia},
	editor       = {Yoshiko Matsumoto and Bernard Comrie and Peter Sells},
	publisher    = {John Benjamins},
	address      = {Amsterdam},
	pages        = {179--201}
}

@incollection{comrieforker17rel,
	author       = {Bernard Comrie and Diana Forker and Zaira Khalilova},
	year         = {2017},
	title        = {General noun-modifying clause constructions in {H}inuq and {B}ezhta, with a note on other {D}aghestanian languages},
	booktitle    = {Noun-Modifying Clause Constructions in Languages of {E}urasia},
	editor       = {Yoshiko Matsumoto and Bernard Comrie and Peter Sells},
	publisher    = {John Benjamins},
	address      = {Amsterdam},
	pages        = {121--146}
}

@article{schrijver21nakh,
	author       = {Peter Schrijver},
	year         = {2021},
	title        = {A history of the vowel systems of the {N}akh languages ({E}ast {C}aucasian), with special reference to umlaut in {C}hechen and {I}ngush},
	journal      = {Languages of the Caucasus},
	volume       = {5},
	issue        = {},
	pages        = {84--151},
}

@incollection{harrisamiridze15syntax,
	author       = {Alice C. Harris and Nino Amiridze},
	year         = {2015},
	title        = {Georgian},
	booktitle    = {Syntax: {Theory} and analysis},
	volume       = {3},
	editor       = {Tibor Kiss and Artemis Alexiadou},
	publisher    = {De Gruyter Mouton},
	address      = {Berlin},
	pages        = {1588--1621}
}


@book{martirosov64pronoun,
	author       = {Aram Martirosovi},
	authortype    = {[\foreignlanguage{georgian}{მარტიროსოვი}]},
	title        = {{n}acvalsaxeli kartvelur enebši [{T}he pronoun in the {K}artvelian languages]},
	year         = {1964},
	address      = {Tbilisi},
	publisher    = {Georgian academy of sciences}
}

@book{haspelmathtadmor09wold,
	author       = {Martin Haspelmath and Uri Tadmor},
	title        = {Loanwords in the world's languages: {A} comparative handbook},
	year         = {2009},
	address      = {Berlin},
	publisher    = {De Gruyter Mouton}
}

@incollection{ankernegation,
	author       = {Felix Anker},
	pubstate         = {forthcoming},
	title        = {Negation in {T}sova-{T}ush},
	booktitle    = {Negation in languages of the world},
	editor       = {Matti Miestamo and Ljuba Veselinova},
	publisher    = {Language Science Press},
	address      = {Berlin},
	pages        = {}
}



@incollection{forker17ergativity,
	author       = {Diana Forker},
	year         = {2017},
	title        = {Ergativity in {N}akh-{D}aghestanian},
	booktitle    = {The {O}xford handbook of ergativity},
	editor       = {Jessica Coon and Diane Massam and Lisa Demena Travis},
	publisher    = {Oxford University Press},
	address      = {Oxford},
	pages        = {851–-872}
}

@incollection{nichols08ingushcase,
	author       = {Johanna Nichols},
	year         = {2008},
	title        = {Case in {I}ngush syntax},
	booktitle    = {Case and grammatical relations: {S}tudies in honor of {B}ernard {C}omrie},
	editor       = {Greville G. Corbett and Michael P. Noonan},
	publisher    = {John Benjamins},
	address      = {Amsterdam},
	pages        = {57--74}
}

@article{creissels14labile,
	author       = {Denis Creissels},
	year         = {2014},
	title        = {P-lability and radical p-alignment},
	journal      = {Linguistics},
	volume       = {52},
	issue        = {4},
	pages        = {911-–944},
}

@incollection{dixonaikh2000intro,
	author       = {R. M. W. Dixon and Alexandra Y. Aikhenvald},
	year         = {2000},
	title        = {Introduction},
	booktitle    = {Changing valency: {Case} studies in transitivity},
	editor       = {R. M. W. Dixon and Alexandra Y. Aikhenvald},
	publisher    = {Cambridge University Press},
	address = {Cambridge},
	pages        = {1--29}
}

@incollection{comrie2000tsezval,
	author       = {Bernard Comrie},
	year         = {2000},
	title        = {Valency-changing derivations in {T}sez},
	booktitle    = {Changing valency: {Case} studies in transitivity},
	editor       = {R. M. W. Dixon and Alexandra Y. Aikhenvald},
	publisher    = {Cambridge University Press},
	address = {Cambridge},
	pages        = {360--374}
}

@article{kadagidze87ao,
	author       = {Elene Kadagidze},
	authortype   = {[\foreignlanguage{georgian}{ქადაგიძე}]},
	year         = {1987},
	title        = {{a}Ɂ\u{o} daboloebis šesaxeb c'ovatušurši (bacburši) [{O}n the ending aɁ\u{o} in {T}sova-{T}ush ({B}atsbi)]},
	journal      = {iberiul-k'avk'asiuri enatmecnierebis c'elic'deuli [Journal of Ibero-Caucasian Linguistics]},
	volume       = {14},
	issue        = {},
	pages        = {212--214},
}


@unpublished{harris08nativize,
	author       = {Alice C. Harris},
	year         = {2008},
	title        = {Using morphology to nativize vocabulary},
	note         = {Paper presented at the workshop “{M}orphological Variation and Change in Languages of the {C}aucasus” at the 13th {I}nternational {M}orphology {M}eeting, {V}ienna, {A}ustria, {F}ebruary 2008}
}

@book{rayfield06dict,
	editor       = {Donald Rayfield},
	title        = {A comprehensive {G}eorgian-{E}nglish dictionary},
	year         = {2006},
	address      = {London},
	publisher    = {Garnett Press}
}

@book{nichols04chechendict,
	author       = {Johanna Nichols and Arbi Vagapov},
	title        = {Chechen-{E}nglish and {E}nglish-{C}hechen dictionary},
	year         = {2004},
	address      = {London},
	publisher    = {Routledge}
}

@book{nichols04ingushdict,
	author       = {Johanna Nichols},
	title        = {Ingush-{E}nglish and {E}nglish-{I}ngush dictionary},
	year         = {2004},
	address      = {London},
	publisher    = {Routledge}
}

@book{tsotsanidze02tushdict,
	author       = {Giorgi Tsotsanidze},
	authortype   = {[\foreignlanguage{georgian}{ცოცანიძე}]},
	title        = {{t}ušuri leksik'oni [{A} {T}ush dictionary]},
	year         = {2002},
	address      = {Tbilisi},
	publisher    = {Kartuli Ena}
}

@phdthesis{gerardin16intr,
	author       = {Hélène Gérardin},
	year         = {2016},
	title        = {Les verbes intransitifs primaires et dérivés en géorgien [{P}rimary and derived intransitive verbs in {G}eorgian]},
	institution  = {INALCO, Paris}
}

@article{kakashvili19aboutdict,
	author       = {Diana Kakashvili},
	authortype   = {[\foreignlanguage{georgian}{კაკაშვილი}]},
	year         = {2019},
	title        = {{c'}ovatušur-kartuli axali leksik'onis šedgenis p'rincip'ebi [{P}rinciples of compiling a new {T}sova-{T}ush-{G}eorgian dictionary]},
	journal      = {iberiul-k'avk'asiuri enatmecniereba [Ibero-Caucasian Linguistics]},
	volume       = {47},
	issue        = {},
	pages        = {89--93},
}


@book{wohlgemut09loanverbtyp,
	author       = {Jan Wohlgemuth},
	title        = {A typology of verbal borrowings},
	year         = {2009},
	address      = {Berlin},
	publisher    = {Mouton de Gruyter}
}

@book{khalilov04contact,
	author       = {Madzhid S. Khalilov},
	authortype   = {[Халилов]},
	title        = {Gruzinsko-dagestanstkye jazykovye kontakty [{G}eorgian-{D}aghestanian language contact]},
	year         = {2004},
	address      = {Moscow},
	publisher    = {Nauka}
}


@book{jespersen54lightverb,
	author       = {Otto Jespersen},
	title        = {A modern {E}nglish grammar on historical principles},
	year         = {1954},
	address      = {London},
	publisher    = {Allen \& Unwin}
}

@incollection{ritchiebhatia99cs,
	author       = {William Ritchie and Tej K. Bhatia},
	year         = {1999},
	title        = {Codeswitching, grammar, and sentence production: {T}he problem of light verbs},
	booktitle    = {The development of second language grammars: {A} Generative approach},
	editor       = {Elaine C. Klein and Gita Martohardjono},
	publisher    = {John Benjamins},
	address      = {Amsterdam},
	pages        = {269--288}
}

@incollection{bandiraodendikken14cs,
	author       = {Shoba Bandi-Rao and Marcel {den Dikken}},
	year         = {2014},
	title        = {Light Switches: {O}n v as a pivot in codeswitching, and the nature of the ban on word-internal switches},
	booktitle    = {Grammatical theory and bilingual codeswitching},
	editor       = {Jeff MacSwan},
    address      = {Cambridge},
	publisher    = {MIT Press},
	pages        = {161--184}
}


@Unpublished{ido06,
	author       = {Shinji Ido},
	title        = {Why borrow verbs when you can borrow participles? {T}urkic participles in the {I}ranian languages},
	note         = {Poster presented at the conference ``{U}niversality and particularity in parts-of-speech systems'', 8–10 {J}une
	2006, {A}msterdam},
	year         = {2006}
}


@incollection{nedjalkov95converb,
	author       = {Vladimir Nedjalkov},
	year         = {1995},
	title        = {Some typological parameters of converbs},
	booktitle    = {Converbs in crosslinguistic perspective},
	editor       = {Martin Haspelmath and Ekkehard König},
	publisher    = {Mouton de Gruyter},
	address      = {Berlin},
	pages        = {97–-136}
}

@incollection{bickel2010clauselink,
	author       = {Balthasar Bickel},
	year         = {2010},
	title        = {Capturing particulars and universals in clause linkage: {A} multivariate analysis},
	booktitle    = {Clause linking and clause hierarchy: {S}yntax and pragmatics},
	editor       = {Isabelle Bril},
	publisher    = {John Benjamins},
	address      = {Amsterdam},
	pages        = {51--104}
}


@phdthesis{olson81clauserelation,
	author       = {Michael Olson},
	year         = {1981},
	title        = {Barai clause junctures: {T}oward a functional theory of interclausal relations},
	institution  = {Australian National University}
}

@incollection{foley2010clauselink,
	author       = {William A. Foley},
	year         = {2010},
	title        = {Clause linkage and Nexus in {P}apuan languages},
	booktitle    = {Clause linking and clause hierarchy: {S}yntax and pragmatics},
	editor       = {Isabelle Bril},
	publisher    = {John Benjamins},
	address      = {Amsterdam},
	pages        = {27--50}
}

@book{foleyvanvalin84,
	author       = {William A. Foley and Robert {Van Valin}},
	title        = {Functional syntax and {Universal Grammar}},
	year         = {1984},
	address      = {Cambridge},
	publisher    = {Cambridge University Press}
}

@incollection{poplacklevey2010contact,
	author       = {Shana Poplack and Stephen Levey},
	year         = {2010},
	title        = {Contact-induced grammatical change: {A} cautionary tale},
	booktitle    = {Language and space: {A}n international handbook of linguistic variation},
	volume       = {1: {T}heories and methods},
	editor       = {Peter Auer and Jürgen Erich Schmidt},
	publisher    = {De Gruyter Mouton},
	address      = {Berlin},
	pages        = {391--418}
}

@incollection{poplack1997convergence,
	author       = {Shana Poplack},
	year         = {1997},
	title        = {The sociolinguistic dynamics of apparent convergence},
	booktitle    = {Towards a social science of language},
	editor       = {Gregory Guy and John Baugh and Deborah Schiffrin},
	publisher    = {John Benjamins},
	address      = {Amsterdam},
	pages        = {285--309}
}


@incollection{sakelmatras2008modelling,
	author       = {Jeanette Sakel and Yaron Matras},
	year         = {2008},
	title        = {Modelling contact-induced change in grammar},
	booktitle    = {Aspects of language contact. {N}ew theoretical, methodological and empirical findings with special focus on romancisation processes},
	editor       = {Thomas Stolz and Dik Bakker and Rosa Salas Palomo},
	publisher    = {Mouton de Gruyter},
	address      = {Berlin},
	pages        = {63--88}
}

@article{kakashvilietym,
	author       = {Diana Kakashvili},
	authortype   = {[\foreignlanguage{georgian}{კაკაშვილი}]},
	year         = {2021},
	title        = {{k}artul-naxuri leksik'uri p'aralelebi [{G}eorgian-{N}akh lexical parallels]},
	journal      = {iberiul-k'avk'asiuri enatmecniereba [Ibero-Caucasian Linguistics]},
	volume       = {18},
	pages        = {19--26},
}

@incollection{chincharauli2003parallels,
	author       = {Aleksi Chincharauli},
	authortype   = {[Tschintscharauli]},
	year         = {2003},
	title        = {Ähnlichkeiten zwischen den wejnachischen und ostgeorgischen {B}ergdialekten [{S}imilarities between the {V}ainakh and the {E}ast {G}eorgian mountain dialects]},
	booktitle    = {{Kaukasische Sprachprobleme}},
	editor       = {Winfried Boeder},
	publisher    = {BIS der Universität Oldenburg},
	address      = {Oldenburg},
	pages        = {361--372}
}

@book{uturgaidze1966mountainous,
	author       = {Tedo Uturgaidze},
	authortype   = {[\foreignlanguage{georgian}{უთურგაიძე}]},
	title        = {{k}artuli enis mtis k'ilota zogi tavisebureba [{S}ome peculiarities of the {G}eorgian mountain dialects]},
	year         = {1966},
	address      = {Tbilisi},
	publisher    = {Mecniereba}
}

@book{hasselmo1974svenska,
	author       = {Nils Hasselmo},
	title        = {Amerikasvenska},
	year         = {1974},
	address      = {Lund},
	publisher    = {Esselte}
}

@book{appelmuysken1987contact,
	author       = {René Appel and Pieter Muysken},
	title        = {Language contact and bilingualism},
	year         = {1987},
	address      = {London},
	publisher    = {Edward Arnold}
}

@article{rindpawlow2023khinaluginfluence,
	author       = {Monika Rind-Pawlowksi},
	year         = {2023},
	title        = {Some observations on the {A}zerbaijani influence on {K}hinalug},
	journal      = {Journal of Endangered Languages},
	volume       = {13},
	issue        = {22},
	pages        = {73--135}
}

@book{pakendorf2007sakha,
	author       = {Brigitte Pakendorf},
	title        = {Contact in the prehistory of the {S}akha ({Y}akuts)},
	year         = {2007},
	address      = {Utrecht},
	publisher    = {Landelijke Onderzoeksschool Taalwetenschap}
}

@book{ellis1788memoir,
	author       = {George Ellis},
	title        = {Memoir of a map of the countries comprehended between the {B}lack {S}ea and the {C}aspian; with an account of the {C}aucasian nations, and vocabularies of their languages},
	year         = {1788},
	address      = {London},
	publisher    = {J. Edwards}
}

@book{hoopswart2008dsm,
	editor       = {Helen Hoop and Peter Swart},
	title        = {Differential {S}ubject {M}arking},
	year         = {2008},
	address      = {Dordrecht},
	publisher    = {Springer}
}

@book{aikhenwalddixon2001dsm,
	editor       = {Alexandra Y. Aikhenvald and R. M. W. Dixon and Masayuki Onishi},
	title        = {Non-canonical marking of subjects and objects},
	year         = {2001},
	address      = {Amsterdam},
	publisher    = {John Benjamins}
}

@book{stalin,
	author       = {Joseph Stalin},
	authortype   = {[{Сталин}]},
	year         = {1952},
	title        = {Marksizm i voprosy jazykoznanija [{M}arxism and issues of linguistics]},
	address		= {Moscow},
	publisher	= {Gospolitizdat}
}

@book{medvedev2003stalin,
	author       = {Zhoresh A. Medvedev},
	title        = {The unknown {S}talin (translated by {E}llen {D}ahrendorf)},
	year         = {2003},
	address      = {London},
	publisher    = {Bloomsbury}
}

@book{winford2003contacthandbook,
	author       = {Donald Winford},
	title        = {An introduction to contact linguistics},
	year         = {2003},
	address      = {Oxford},
	publisher    = {Blackwell}
}

@book{thomason2001contacthandbook,
	author       = {Sarah G. Thomason},
	title        = {Language contact: {A}n introduction},
	year         = {2001},
	address      = {Washington, DC},
	publisher    = {Georgetown University Press}
}

@book{romaine1995bilingualism,
	author       = {Suzanne Romaine},
	title        = {Bilingualism},
	year         = {1995},
	address      = {Malden},
	publisher    = {Blackwell}
}

@book{dixon1997blt,
	author       = {R. M. W. Dixon},
	title        = {The rise and fall of languages},
	year         = {1997},
	address      = {Cambridge},
	publisher    = {Cambridge University Press}
}

@incollection{dryer2006blt,
	author       = {Matthew S. Dryer},
	year         = {2006},
	title        = {Descriptive theories, explanatory theories, and {B}asic {L}inguistic {T}heory},
	booktitle    = {Catching language: {T}he standing challenge of grammar writing},
	editor       = {Felix K. Ameka and Alan Dench and Nicholas Evans},
	publisher    = {Mouton de Gruyter},
	address      = {Berlin},
	pages        = {207--234}
}

@article{wsverhees2024nakhevid,
	author       = {Jesse {Wichers Schreur} and Samira Verhees},
	pubstate         = {in preparation},
	title        = {Evidentiality in {N}akh languages: {A}real typology and grammaticalisation},
	journal      = {},
	volume       = {},
	issue        = {},
}

@incollection{boeder2000evidentiality,
	author       = {Winfried Boeder},
	year         = {2000},
	title        = {Evidentiality in {G}eorgian},
	booktitle    = {Evidentials: {T}urkic, {I}ranian and neighbouring languages},
	editor       = {Johanson Lars and Bo Utas},
	publisher    = {Mouton de Gruyter},
	address      = {Berlin},
	pages        = {275--328}
}

@incollection{friedman1996balkancaucasus,
	author       = {Victor Friedman},
	year         = {1996},
	title        = {Typological and areal features linking and separating the {B}alkans and the {C}aucasus},
	booktitle    = {Papers in {S}lavonic Linguistics (Occasional Series) {III}},
	editor       = {J. Ian Press and F. E. Knowles},
	publisher    = {University of London},
	address      = {London},
	pages        = {99--111}
}

@incollection{friedman2000evidential,
	author       = {Victor Friedman},
	year         = {2000},
	title        = {Confirmative/nonconfirmative in {B}alkan {S}lavic, {B}alkan {R}omance, and {A}lbanian, with additional observations on {T}urkish, {R}omani, {G}eorgian, and {L}ak},
	booktitle    = {Evidentials: {T}urkic, {I}ranian and neighbouring languages},
	editor       = {Johanson Lars and Bo Utas},
	publisher    = {Mouton de Gruyter},
	address      = {Berlin},
	pages        = {329--366}
}

@article{haspeltmath2019dpm,
	author       = {Martin Haspelmath},
	year         = {2019},
	title        = {Differential place marking and differential object marking},
	journal      = {STUF},
	volume       = {72},
	issue        = {3},
	pages        = {313--334},
}

@article{lomtatidze1962one,
	author       = {Ketevan Lomtatidze},
	authortype   = {[\foreignlanguage{georgian}{ლომთათიძე}]},
	year         = {1962},
	title        = {``{e}rti'' ricxviti saxelis ist'oriisatvis kartvelursa da apxazur-adiğur enebši [{O}n the history of the numeral `one' in {K}artvelian and {A}bkhaz-{A}dyghe languages]},
	journal      = {iberiul-k'avk'asiuri enatmecniereba [Ibero-Caucasian Linguistics]},
	volume       = {13},
	issue        = {},
	pages        = {69--80},
}

@article{gippert2000compar,
	author       = {Jost Gippert},
	year         = {2000},
	title        = {The formation of comparatives in the history of {G}eorgian},
	journal      = {{e}natmecnierebis sak'itxebi},
	volume       = {2000},
	issue        = {},
}

@article{gerdts1987quantfloat,
	author       = {Donna Gerdts},
	year         = {1987},
	title        = {Surface case and acceptable relations in {K}orean: {E}vidence from {Q}uantifier {F}loat},
	journal      = {Studies in Language},
	volume       = {11},
	issue        = {},
	pages        = {181--197},
}

@incollection{miyagawa2006quantfloat,
	author       = {Shigeru Miyagawa},
	year         = {2006},
	title        = {Locality in syntax and floated numeral quantifiers in {J}apanese and {K}orean},
	booktitle    = {Japanese {K}orean {L}inguistics 14},
	editor       = {Timothy J. Vance and Kimberly Jones},
	publisher    = {CSLI},
	address      = {Stanford},
	pages        = {270--282}
}

@article{yu2003pluract,
	author       = {Alan Yu},
	year         = {2003},
	title        = {Pluractionality in {C}hechen},
	journal      = {Natural Language Semantics},
	volume       = {11},
	issue        = {},
	pages        = {289--321},
}

@book{dixon2010blt1,
	author       = {R. M. W. Dixon},
	title        = {Basic linguistic theory},
	volume       = {1: Methodology},
	year         = {2010},
	address      = {Oxford},
	publisher    = {Oxford University Press}
}

@book{dixon2012blt3,
	author       = {R. M. W. Dixon},
	title        = {Basic linguistic theory},
	volume       = {3: {Further} grammatical topics},
	year         = {2010},
	address      = {Oxford},
	publisher    = {Oxford University Press}
}

@book{hill2005cupeno,
	author       = {Jane H. Hill},
	title        = {A Grammar of {C}upeño},
	year         = {2005},
	address      = {Berkeley, LA, London},
	publisher    = {University of California Press}
}

@mastersthesis{gerardinma,
	author       = {Hélène Gérardin},
	year         = {2012},
	title        = {Réflexivité, focalisation et hiérarchie actancielle : {L}e cas de ``tav-i'' en géorgien [{R}eflexivity, focalisation and argument hierarchy: {T}he case of {G}eorgian ``tav-i'']},
	institution  = {Paris: INALCO / ENS. Moscow: МГУ}
}	

@incollection{matras2011universals,
	author       = {Yaron Matras},
	year         = {2011},
	title        = {Universals of structural borrowing},
	booktitle    = {Linguistic universals and language variation},
	editor       = {Peter Siemund},
	publisher    = {De Gruyter Mouton},
	address      = {Berlin},
	pages        = {204--234}
}

@incollection{matras2021theorizing,
	author       = {Yaron Matras},
	year         = {2021},
	title        = {Theorizing language contact},
	booktitle    = {The Handbook of Historical Linguistics},
	volume       = {2},
	editor       = {Richard Janda and Brian Joseph and Barbara S. Vance},
	publisher    = {Wiley Blackwell},
	address      = {Oxford},
	pages        = {375--392}
}

@book{thomason2001introduction,
	author       = {Sarah G. Thomason},
	title        = {Language contact: {A}n introduction},
	year         = {2001},
	address      = {Washington, DC},
	publisher    = {Georgetown University Press}
}

@article{otheguyetal2007contactspanish,
	author       = {Ricardo Otheguy and Ana Celia Zentella and David Livert},
	year         = {2007},
	title        = {Language and dialect contact in {S}panish in {N}ew {Y}ork: {T}owards the formation of a speech community},
	journal      = {Language},
	volume       = {83},
	issue        = {},
	pages        = {1--33},
}

@book{saad2020phd,
	author       = {George Saad},
	title        = {Variation and change in {A}bui},
	year         = {2020},
	address      = {Utrecht},
	publisher    = {Landelijke Onderzoeksschool Taalwetenschap}
}

@incollection{matras2012activity,
	author       = {Yaron Matras},
	year         = {2012},
	title        = {An activity-oriented approach to contact-induced language change},
	booktitle    = {Dynamics of contact-induced change},
	editor       = {Isabelle Leglise and Claudine Chamoreau},
	publisher    = {Mouton de Gruyter},
	address      = {Berlin},
	pages        = {1--28}
}

@book{weinreich1953contact,
	author       = {Uriel Weinreich},
	title        = {Languages in contact},
	year         = {1953},
	address      = {The Hague},
	publisher    = {Mouton}
}

@book{haugen1953bilingual,
	author       = {Einar Haugen},
	title        = {The {N}orwegian language in the {A}mericas: {A} study in bilingual behavior},
	year         = {1953},
	address      = {Bloomington},
	publisher    = {Indiana University Press}
}

@article{heath1984contactchange,
	author       = {Jeffrey Heath},
	year         = {1984},
	title        = {Language contact and language change},
	journal      = {Annual Review of Anthropology},
	volume       = {13},
	issue        = {},
	pages        = {367--384},
}

@book{heath1978arnhemland,
	author       = {Jeffrey Heath},
	title        = {Linguistic diffusion in {A}rnhem {L}and},
	year         = {1978},
	address      = {Canberra},
	publisher    = {Australian Institute of	Aboriginal Studies}
}

@article{matrassakel2007pattern,
	author       = {Yaron Matras and Jeanette Sakel},
	year         = {2007},
	title        = {Investigating mechanisms of pattern-replication in language convergence},
	journal      = {Studies in Language},
	volume       = {31},
	issue        = {4},
	pages        = {829--865},
}

@incollection{johanson1999codecopying,
	author       = {Lars Johanson},
	year         = {1999},
	title        = {The dynamics of code-copying in language encounters},
	booktitle    = {Language encounters across time and space: {S}tudies in language contact},
	editor       = {Bernt Brendemoen and Elizabeth Lanza and Else Ryen},
	publisher    = {Novus forlag},
	address      = {Oslo},
	pages        = {37–-62}
}

@incollection{johanson2002framework,
	author       = {Lars Johanson},
	year         = {2002},
	title        = {Contact-induced change in a code-copying framework},
	booktitle    = {Language change: {T}he interplay of internal, external and extralinguistic factors ({C}ontributions to the {S}ociology of {L}anguage 86)},
	editor       = {Mari C. Jones and Edith Esch},
	publisher    = {Mouton de Gruyter},
	address      = {Berlin},
	pages        = {285-–313},
}

@article{gardani2020matpatmorph,
	author       = {Francesco Gardani},
	year         = {2020},
	title        = {Borrowing matter and pattern in morphology},
	journal      = {Morphology},
	volume       = {30},
	issue        = {4},
	pages        = {263–-282},
}

@incollection{arkadiev2018preverbs,
	author       = {Peter Arkadiev},
	year         = {2018},
	title        = {Borrowed preverbs and the limits of contact-induced change in aspectual systems},
	booktitle    = {The role of prefixes in the formation of aspectuality: {I}ssues of grammaticalization},
	editor       = {Rosanna Benacchio and Alessio Muro and Svetlana Slavkova},
	publisher    = {Firenze University Press},
	address      = {Florence},
	pages        = {1–-21}
}

@incollection{wiemerwaelchli2023intro,
	author       = {Björn Wiemer and Bernhard Wälchli},
	year         = {2012},
	title        = {Contact-induced grammatical change: {D}iverse phenomena, diverse perspectives},
	booktitle    = {Grammatical replication and borrowability in language contact},
	editor       = {Björn Wiemer and Bernhard Wälchli and Björn Hansen},
	publisher    = {de Gruyter Mouton},
	address      = {Berlin},
	pages        = {3–-64} 
}

@incollection{sakel2007matpat,
	author       = {Jeanette Sakel},
	year         = {2007},
	title        = {Types of loan: {M}atter and pattern},
	booktitle    = {Grammatical borrowing in cross-linguistic perspective},
	editor       = {Yaron Matras and Jeanette Sakel},
	publisher    = {Mouton de Gruyter},
	address      = {Berlin},
	pages        = {15-–29}
}

@incollection{moravcsik1978universalscontact,
	author       = {Edith Moravcsik},
	year         = {1978},
	title        = {Universals of language contact},
	booktitle    = {Universals of human language},
	editor       = {Joseph H. Greenberg},
	publisher    = {Stanford University Press},
	address      = {Stanford},
	pages        = {94--122}
}

@book{thomasonkaufman1988,
	author       = {Sarah G. Thomason and Terence Kaufman},
	title        = {Language contact, creolization and genetic linguistics},
	year         = {1988},
	address      = {Berkeley},
	publisher    = {University of California Press}
}

@article{vanhoutmuysken1944borrow,
	author       = {Roeland {van Hout} and Pieter Muysken},
	year         = {1988},
	title        = {Modelling lexical borrowability},
	journal      = {Language Variation and Change},
	volume       = {6},
	issue        = {},
	pages        = {39--62},
}

@book{field2002borrow,
	author       = {Fredric W. Field},
	title        = {Linguistic borrowing in bilingual contexts},
	year         = {2002},
	address      = {Amsterdam},
	publisher    = {John Benjamins}
}

@incollection{aikhenvald2006contactintro,
	author       = {Alexandra Y. Aikhenvald},
	year         = {2007},
	title        = {Grammars in contact: {A} cross-linguistic perspective},
	booktitle    = {Grammars in contact: {A} cross-linguistic typology},
	editor       = {Alexandra Y. Aikhenvald and R. M. W. Dixon},
	publisher    = {Oxford University Press},
	address      = {Oxford},
	pages        = {1--66}
}

@incollection{curnow2001borrowed,
	author       = {Timothy J. Curnow},
	year         = {2001},
	title        = {What language features can be ``borrowed''?},
	booktitle    = {Areal diffusion and genetic inheritance: {P}roblems in comparative linguistics},
	editor       = {Alexandra Y. Aikhenvald and R. M. W. Dixon},
	publisher    = {Oxford University Press},
	address      = {Oxford},
	pages        = {412–-436}
}

@incollection{owens1996sprachkontakt,
	author       = {Jonathan Owens},
	year         = {1996},
	title        = {Grammatisierung, {S}emantisierung und {S}prachkontakt: {A}rabisch im {T}schad-{S}ee-{G}ebiet [{G}rammaticalisation, Semanticisation and languaeg contact: {A}rabic in the {L}ake {C}had area]},
	booktitle    = {Sprachkontakt und {G}rammatikalisierung: {S}pecial issue of {S}prachtypologie und {U}niversalienforschung 49.1},
	editor       = {M. Haase and N. Nau},
	publisher    = {},
	address      = {},
	pages        = {79-–85}
}

@book{coteanu1957contact,
	author       = {Ion Coteanu},
	title        = {A propos des langues mixtes (sur l'istro-roumain) [{A}bout mixed languages (on {I}stro-{R}omanian)]},
	year         = {1957},
	address      = {Bucharest},
	publisher    = {Mélanges linguistiques}
}

@incollection{kiparsky1938comment,
	author       = {Valentin Kiparsky},
	year         = {1938},
	title        = {Comment on {V}očadlo, “{S}ome observations on mixed languages”},
	booktitle    = {Actes du Quatrième {C}ongrès {I}nternationale de {L}inguistes},
	editor       = {},
	publisher    = {Einar Munksgaard},
	address      = {Copenhagen},
	pages        = {176}
}

@article{moravcsik1975verbborrow,
	author       = {Edith Moravcsik},
	year         = {1975},
	title        = {Verb borrowing},
	journal      = {Wiener Linguistische Gazette},
	volume       = {8},
	issue        = {},
	pages        = {3--31},
}

@article{luepke2016smallscale,
	author       = {Friederike Lüpke},
	year         = {2016},
	title        = {Uncovering small-scale multilingualism},
	journal      = {Critical Multilingualism Studies},
	volume       = {4},
	issue        = {2},
	pages        = {35--74},
}

@article{pakendorfetal2021smallscale,
	author       = {Brigitte Pakendorf and Nina Dobrushina and Olesya Khanina},
	year         = {2021},
	title        = {A typology of small-scale  multilingualism},
	journal      = {International Journal of Bilingualism},
	volume       = {25},
	issue        = {4},
	pages        = {835-–859},
}

@article{francois2012egalitarianmulti,
	author       = {Alexandre François},
	year         = {2012},
	title        = {The Dynamics of linguistic diversity: {E}galitarian multilingualism and power imbalance among northern {V}anuatu languages},
	journal      = {International Journal for the Sociology of Language},
	volume       = {214},
	issue        = {2012},
	pages        = {85–-110},
}

@incollection{dobrushinaetal2020overview,
	author       = {Nina Dobrushina and Michael Daniel and Yuri Koryakov},
	year         = {2020},
	title        = {Languages and sociolinguistics of the {C}aucasus},
	booktitle    = {The {O}xford handbook of languages of the {C}aucasus},
	editor       = {Maria Polinsky},
	publisher    = {Oxford University Press},
		address      = {Oxford},
	pages        = {27--66}
}

@book{hoehlig1997adyghecontact,
	author       = {Monika Höhlig},
	title        = {Kontaktbedingter {S}prachwandel in der adygeischen {U}mgangssprache im {K}aukasus und in der {T}ürkei: {V}ergleichende {A}nalyse des russischen und türkischen {E}influsses in mündlichen adygeischen {T}exten [{C}ontact-induced change in colloquial {A}dyghe in the {C}aucasus and {T}urkey: {A} comparative analysis of {R}ussian and Turkish influence in {A}dyghe oral texts]},
	year         = {1997},
	address      = {Munich},
	publisher    = {LINCOM Europa}
}


@article{dobrushina2017contactvolitional,
	author       = {Nina Dobrushina},
	year         = {2017},
	title        = {Contact-induced usages of volitional moods in {E}ast {C}aucasian languages},
	journal      = {International Journal of Bilingualism},
	volume       = {21},
	issue        = {5},
	pages        = {559–-583},
}

@incollection{belyaev2019contactossetic,
	author       = {Oleg Belyaev},
	year         = {2019},
	title        = {Contact influences on {O}ssetic},
	booktitle    = {The {O}xford handbook of language contact},
	editor       = {A. P. Grant},
	publisher    = {Oxford University Press},
	address      = {Oxford},
	pages        = {}
}

@article{maisak2019udicontact,
	author       = {Timur Maisak},
	year         = {2019},
	title        = {Borrowing from an unrelated language in support of intragenetic tendencies: {T}he case of the conditional clitic =sa in {U}di},
	journal      = {Diachronica},
	volume       = {36},
	issue        = {},
	pages        = {337–-383},
}

@article{maisak2019agulcontact,
	author       = {Timur Maisak},
	year         = {2019},
	title        = {Repetitive prefix in {A}gul: {M}orphological copy from a closely related language},
	journal      = {International Journal of Bilingualism},
	volume       = {23},
	issue        = {},
	pages        = {486-–508},
}


@article{maisak2016lezgiccontact,
	author       = {Timur Maisak},
	authortype	= {[Майсак]},
	year         = {2016},
	title        = {Tipologičeskoe, genetičeskoe i areal'noe v grammatikalizacii: {D}annye lezginskix jazykov [{T}ypological, genetic and areal factors in grammaticalisation: {E}vidence from {L}ezgic languages]},
	journal      = {Acta Linguistica Petropolitana},
	volume       = {12},
	issue        = {1},
	pages        = {588--618}
}


@article{poplack1980codeswitch,
	author       = {Shana Poplack},
	year         = {1980},
	title        = {Sometimes {I}'ll start a sentence in {S}panish {Y TERMINO EN ESPAÑOL}: {T}oward a typology   of code-switching},
	journal      = {Linguistics},
	volume       = {18},
	issue        = {7--8},
	pages        = {581–-618},
} 

@book{clyne2003contact,
	place		= {Cambridge},
	title		= {Dynamics of Language Contact: {E}nglish and Immigrant Languages}, 
	publisher	= {Cambridge University Press},
	author		= {Clyne, Michael},
	year		= {2003}, 
    address     = {Cambridge},
}

@incollection{grawunder2017area,
	place		= {Cambridge}, 
	title		= {The {C}aucasus}, 

	booktitle	= {The {C}ambridge handbook of areal linguistics}, 
	publisher	= {Cambridge University Press}, 
	author		= {Grawunder, Sven}, 
	editor		= {Hickey, RaymondEditor}, 
	year		= {2017}, 
	pages		= {356–-395}
}

@incollection{stilo1994araxes,
	author       = {Donald L. Stilo},
	year         = {1994},
	title        = {Phonological systems in contact in {I}ran and {T}ranscaucasia},
	booktitle    = {Persian studies in {N}orth {A}merica: {S}tudies in honor of {M}ohammad {A}li {J}azayery},
	editor       = {Mehdi Marashi},
	publisher    = {Iranbooks},
	address      = {Bethesda, MD},
	pages        = {75–-94}
}

@article{Tuite2008iberocauc,
	year = {2008},
	publisher = {John Benjamins},
	volume = {35},
	number = {1},
	pages = {23--82},
	author = {Kevin Tuite},
	title = {The rise and fall and revival of the {I}bero-{C}aucasian hypothesis},
	journal = {Historiographia Linguistica}
}

@article{haugen1966dialect,
	author = {Einar Haugen},
	journal = {American Anthropologist},
	issue = {4},
	pages = {922--935},
	title = {Dialect, Language, Nation},
	volume = {68},
	year = {1966}
}

@book{lanza1997infantmixing,
	author       = {Elizabeth Lanza},
	title        = {Language mixing in infant bilingualism},
	year         = {1997},
	address      = {Oxford},
	publisher    = {Clarendon}
}

@incollection{grosjean2001bilingualmode,
	author       = {François Grosjean},
	year         = {2001},
	title        = {The bilingal's language mode},
	booktitle    = {One mind, two languages: Bilingual language processing},
	editor       = {J. L. Nicol},
	publisher    = {Blackwell},
	address      = {Oxford},
	pages        = {1--22}
}

@book{grosjean2008bilinguals,
	author       = {François Grosjean},
	title        = {Studying bilinguals},
	year         = {2008},
	address      = {Oxford},
	publisher    = {Oxford University Press}
}

@book{deucharetal2018welshbilingual,
	author       = {Margaret Deuchar and Peredur Davies and Kevin Donnelly},
	title        = {Building and using the {S}iarad corpus: {B}ilingual conversations in {W}elsh and {E}nglish},
	year         = {2018},
	address      = {Amsterdam},
	publisher    = {John Benjamins}
}

@article{bialystok2012bilingualbrain,
	author       = {Ellen Bialystok and Fergus I. M. Craik and Gigi Luk},
	year         = {2012},
	title        = {Bilingualism: {C}onsequences for mind and brain},
	journal      = {Trends in Cognitive Sciences},
	volume       = {16},
	issue        = {4},
	pages        = {240--250}
}



@incollection{gardnerchloros19887cs,
	author       = {Penelope Gardner-Chloros},
	year         = {1987},
	title        = {Code-switching in relation to language contact and convergence},
	booktitle    = {Devenir bilingue – parler bilingue},
	editor       = {Georges Lüdi},
	publisher    = {Niemeyer},
	address      = {Tübingen},
	pages        = {99–-115},
}

@book{statistics1893,
	author       = {{Transcaucasian Statistical Committee}},
	authortype	 = {[Закавказский статистический комитетъ]},
	title        = {Svod statističeskix dannyx o naselenii zakavkazskogo kraja [{S}tatistical data set on the population of the {T}ranscaucasian region]},
	year         = {1893},
	address      = {Tbilisi},
	publisher    = {I. Martirosyanca},
	options      = {indexing=false}
}

@article{dobrushina2013multipast,
	author       = {Nina Dobrushina},
	year         = {2013},
	title        = {How to study multilingualism of the past: {I}nvestigating traditional contact situations in {D}aghestan},
	journal      = {Journal of Sociolinguistics},
	volume       = {17},
	issue        = {3},
	pages        = {269--411}
}

@book{dirr1928einfuehrung,
	author       = {Adolf Dirr},
	title        = {Einführung in das {S}tudium der kaukasischen Sprachen: {M}it einer {S}prachenkarte},
	year         = {1928},
	address      = {Leipzig},
	publisher    = {Asia Major}
}

@book{klimov1994einfuehrung,
	author       = {Georgiy Klimov},
	title        = {Einführung in die kaukasische {S}prachwissenschaft, translated and revised by {J}ost {G}ippert},
	year         = {1994},
	address      = {Hamburg},
	publisher    = {Helmut Buske}
}

@article{comrie2008caucdiversity,
	author       = {Bernard Comrie},
	year         = {2008},
	title        = {Linguistic diversity in the {C}aucasus},
	journal      = {Annual Review of Anthropology},
	volume       = {37},
	issue        = {1},
	pages        = {131-–143}
}

@article{tuite1999sprachbund,
	author       = {Kevin Tuite},
	year         = {1999},
	title        = {The myth of the {C}aucasian {S}prachbund: {T}he case of ergativity},
	journal      = {Lingua},
	volume       = {108},
	issue        = {1},
	pages        = {1--29}
}

@incollection{chirikba2008sprachbund,
	author       = {Viacheslav Chirikba},
	year         = {2008},
	title        = {The problem of the {C}aucasian {S}prachbund},
	booktitle    = {From linguistic areas to areal linguistics},
	editor       = {Pieter Muysken},
	publisher    = {John Benjamins},
	address      = {Amsterdam},
	pages        = {25-–93}
}

@article{faehnrich1998loanwords,
	author       = {Heinz Fähnrich},
	year         = {1998},
	title        = {Georgische {L}ehnwörter im {B}atsischen ({Z}owa-{T}uschischen) [{G}eorgian loanwords in {B}atsbi ({T}sova-{T}ush)]},
	journal      = {Georgica},
	volume       = {21},
	issue        = {},
	pages        = {109--116}
}

@book{authier2009kryzgrammar,
	author       = {Gilles Authier},
	title        = {Grammaire {K}ryz (langue caucasique d'{A}zerbaïdjan, dialecte d'{A}lik) [{K}ryz grammar ({C}aucasian languages of {A}zerbaidjan, {A}lik dialect)]},
	year         = {2009},
	address      = {Leuven},
	publisher    = {Peeters}
}

@article{tuite2004lightning,
	author       = {Kevin Tuite},
	year         = {2004},
	title        = {Lightning, sacrifice, and possession in the traditional religions of the {C}aucasus},
	journal      = {Anthropos},
	volume       = {99},
	issue        = {2004},
	pages        = {143--159, 481--498}
}

@book{charachidze19688paienne,
	author       = {Georges Charachidzé},
	title        = {Le système religieux de la {G}éorgie païenne: {A}nalyse structurale d'une civilisation [{}The religious system of pagan {G}eorgia: {A} structural analysis of a civilisation]},
	year         = {1968},
	address      = {Paris},
	publisher    = {F. Maspero}
}

@book{traskshistorical,
	author       = {Robert {McColl Millar}},
	title        = {Trask's historical linguistics, 3rd edition},
	year         = {2015},
	address      = {Milton Park, Oxfordshire},
	publisher    = {Routledge}
}

@book{josephjanda2003historical,
	editor       = {Brian D. Joseph and Richard D. Janda},
	title        = {The handbook of historical linguistics},
	year         = {2003},
	address      = {Oxford},
	publisher    = {Blackwell}
}

@incollection{johanson2006caucasus,
	author       = {Lars Johanson},
	year         = {2006},
	title        = {On the roles of {T}urkic in the {C}aucasus area},
	booktitle    = {Linguistic areas: {C}onvergence in historical and typological perspective},
	editor       = {Yaron Matras and April McMahon and Nigel Vincent},
	publisher    = {Palgrave Macmillan},
	address      = {Hampshire},
	pages        = {160--181}
}

@article{cohn1992dissimilation,
	author       = {Abigail C. Cohn},
	year         = {1992},
	title        = {The consequences of dissimilation in {S}undanese},
	journal      = {Phonology},
	volume       = {9},
	issue        = {},
	pages        = {199--220}
}

@article{gigashvilietal2020migration,
	author       = {Ketevan Gigashvili and Giorge Gotsiridze and Arsen Bertlani},
	year         = {2020},
	title        = {Socio-economic, ethnocultural and linguistic outcomes of migration (with the example of one {G}eorgian village)},
	journal      = {Balkanističen forum},
	volume       = {1},
	issue        = {},
	pages        = {102--111}
}

@article{shanidze1970tush,
	author       = {Akaki Shanidze},
	authortype   = {[\foreignlanguage{georgian}{შანიძე}]},
	year         = {1970},
	title        = {{t}ušebi [{T}he {T}ush]},
	journal      = {Mnatobi},
	volume       = {2},
	issue        = {},
	pages        = {103--107}
}

@book{haspelmath1993lezgian,
	author       = {Martin Haspelmath},
	title        = {A grammar of {L}ezgian},
	year         = {1993},
	address      = {Berlin},
	publisher    = {Mouton de Gruyter}
}

@incollection{gerardin2022valencegeo,
	author       = {Hélène Gérardin},
	year         = {2022},
	title        = {Valence et classification typologique des verbes en géorgien [{V}alency and a typological classification of {G}eorgian verbs]},
	booktitle    = {Tous les chemins mènent à {P}aris: {S}tudies inspired by {A}gnes {K}orn},
	editor       = {Murad Suleymanov and Dorian Pastor},
	publisher    = {Reichert Verlag},
	address      = {Wiesbaden},
	pages        = {37--72}
}

@article{haspelmath2021assymmetry,
	author       = {Martin Haspelmath},
	year         = {2021},
	title        = {Explaining grammatical coding asymmetries: {F}orm–frequency correspondences and predictability},
	journal      = {Journal of Linguistics},
	volume       = {52},
	issue        = {},
	pages        = {619}
}

@incollection{comrieetal2015valencybezhta,
	author       = {Bernard Comrie and Madzhid Khalilov and Zaira Khalilova},
	year         = {2015},
	title        = {Valency and valency classes in {B}ezhta},
	booktitle    = {Valency classes in the world’s languages. {V}olume 1: {I}ntroducing the framework, and case studies from {A}frica and {E}urasia},
	editor       = {Andrej Malchukov and Bernard Comrie},
	publisher    = {De Gruyter Mouton},
	address      = {Berlin},
	pages        = {541--570}
}

@book{kakashvili2022dict,
	author       = {Diana Kakashvili},
	authortype   = {[\foreignlanguage{georgian}{კაკაშვილი}]},
	title        = {{c'}ovatušur-kartuli leksik'oni [{T}sova-{T}ush-{G}eorgian dictionary]},
	year         = {2022},
	address      = {Tbilisi},
	publisher    = {Tbilisi State University}
}

@Unpublished{schulzeudigrammar,
	author       = {Wolfgang Schulze},
	title        = {A functional grammar of {U}di},
	note         = {unpublished draft},
	year         = {2005}
}

@book{samushia2018subordination,
	author    = {Lela Samushia},
	title     = {Zur {H}ypotaxe in den {K}artvelsprachen [{O}n subordination in the {K}artvelian languages]},
	publisher = {Reichert Verlag},
	address   = {Wiesbaden},
	year      =  2018,
}

@Book{telavi2019tsovatushdict4,
	address    = {Tbilisi},
	author     = {Arsen Bertlani and Makvala Mikeladze and Ketevan Gigashvili and Natia Gabashvili},
	authortype = {[\foreignlanguage{georgian}{ბერთლანი, მიქელაძე, გიგაშვილი, გაბაშვილი}]},
	publisher  = {Universali},
	title      = {{c'}ovatušur-kartul-rusul-inglisur leksik'oni [{T}sova-{T}ush-{G}eorgian-{R}ussian-{E}nglish dictionary]. {P}art 4 ({S}upplements)},
	year       = {2019},
}

@Book{khubutuia1969tushlexicon,
	address    = {Tbilisi},
  author     = {Khubutia, Pavle},
authortype = {[\foreignlanguage{georgian}{ხუბუტია}]},
publisher  = {Tbilisi State University},
title      = {{t}ušuri k'ilo. leksik'a [{T}he {T}ush dialect. {V}ocabulary]},
year       = {1969},
keywords   = {Field_Linguistics, Georgian, Dialectology, Lexicon},
titleen    = {The Tush dialect. Vocabulary},
titlegeo   = {თუშური კილო. ლექსიკა},
titleorig  = {თუშური კილო. ლექსიკა},
titlerus   = {пустой},
titletrans = {tušuri k'ilo. leksik'a},
}

@Book{jorbenadze1989geodialect,
	authortype = {[\foreignlanguage{georgian}{ჯორბენაძე}]},
	address    = {Tbilisi},
	author     = {Jorbenadze, Besarion},
	publisher  = {Mecniereba},
	title      = {{k}artuli dialekt'ologia 1 [{G}eorgian dialectology 1]},
	year       = {1989},
}


 @incollection{shanidze1957mountaindialects,
   author       = {Akaki Shanidze},
	authortype   = {[\foreignlanguage{georgian}{შანიძე}]},
   year         = {1957},
   title        = {{k}artuli k'iloebi mtaši [{G}eorgian dialects in the mountains]},
   booktitle    = {{k}artuli enis st'rukt'urisa da ist'oriis sak'itxebi, {I} [{I}ssues of the structure and history of the {G}eorgian language]},
   editor       = {Akaki Shanidze},
   publisher    = {Tbilisi State University},
   address      = {Tbilisi},
   pages        = {}
 }

@Article{gippert2011udirelative,
  author    = {Jost Gippert},
  journal   = {Iran and the Caucasus},
  pages     = {207--230},
  title     = {Relative clauses in {V}artashen {U}di: {P}reliminary remarks},
  volume    = {15},
  year      = {2011},
  keywords  = {Field_Linguistics, Udi, Relative clause, Subordination},
  titleen   = {Relative clauses in Vartashen Udi. Preliminary remarks},
  titlegeo  = {ცარიელი},
  titleorig = {Relative clauses in Vartashen Udi. Preliminary remarks},
  titlerus  = {пустой},
}

@InCollection{gippertschulze2023caucalbanian,
  address   = {Berlin},
  author    = {Jost Gippert and Wolfgang Schulze},
  booktitle = {Caucasian {A}lbania},
  editor    = {Jost Gippert and Jasmine Dum-Tragut},
  publisher = {De Gruyter},
  title     = {The language of the {C}aucasian {A}lbanians},
  year      = {2023},
  pages     = {167--230},
  keywords  = {Field_Linguistics, Caucasian Albanian, Grammar},
  titleen   = {The language of the Caucasian Albanians},
  titlegeo  = {ცარიელი},
  titleorig = {The language of the Caucasian Albanians},
  titlerus  = {пустой},
}


@InCollection{schulzegippert2023caucalbanianudi,
  address   = {Berlin},
  author    = {Wolfgang Schulze and Jost Gippert},
  booktitle = {Caucasian Albania},
  editor    = {Jost Gippert and Jasmine Dum-Tragut},
  publisher = {De Gruyter},
  title     = {Caucasian {A}lbanian and {M}odern {U}di},
  year      = {2023},
  pages     = {231--260},
  keywords  = {Field_Linguistics, Udi, Caucasian Albanian},
  titleen   = {Caucasian Albanian and Modern Udi},
  titlegeo  = {ცარიელი},
  titleorig = {Caucasian Albanian and Modern Udi},
  titlerus  = {пустой},
}

@unpublished{faustetal2025ttidleglottis,
	author       = {Joaquim {Brandão de Carvalho} and Noam Faust and Nicola Lampitelli},
	year         = {2025},
	title        = {From {O}man to {G}eorgia and back, carrying an idle glottis},
	note         = {Paper presented at ``Atelier de phonologie CNRS SFL'', Paris, 29 January, 2025}
}
