@symbol{1,
    name = {\textsc{1}},
	sort = {1},
    description = {first person}}

@symbol{2,
    name = {\textsc{2}},
	sort = {2},
    description = {second person}}

@symbol{3,
	name = {\textsc{3}},
	sort = {3},
	description = {third person}}

@symbol{4,
	name = {\textsc{4}},
	sort = {4},
	description = {fourth person}}

@symbol{nsg,
	name = {\textsc{nsg}},
	sort = {nsg},
	description = {non-singular}}

@symbol{abl,
	name = {\textsc{abl}},
	sort = {abl},
	description = {ablative}}

@symbol{abs,
	name = {\textsc{abs}},
	sort = {abs},
	description = {absolutive}}

@symbol{acc,
    name = {\textsc{acc}},
    sort = {acc},
    description = {accusative}}

@symbol{act,
	name = {\textsc{act}},
	sort = {act},
	description = {active}}

@symbol{ade,
	name = {\textsc{ade}},
	sort = {ade},
	description = {adessive}}

@symbol{adj,
	name = {\textsc{adj}},
	sort = {adj},
	description = {adjective}}

@symbol{adv,
	name = {\textsc{adv}},
	sort = {adv},
	description = {adverb(ial)}}

@symbol{agr,
	name = {\textsc{agr}},
	sort = {agr},
	description = {agreement}}

@symbol{all,
	name = {\textsc{all}},
	sort = {all},
	description = {allative}}

@symbol{anim,
	name = {\textsc{anim}},
	sort = {anim},
	description = {animate}}

@symbol{adnom,
	name = {\textsc{adnom}},
	sort = {adnom},
	description = {adnominal}}

@symbol{ant,
	name = {\textsc{ant}},
	sort = {ant},
	description = {anterior}}

@symbol{antip,
	name = {\textsc{antip}},
	sort = {antip},
	description = {antipassive}}

@symbol{an,
	name = {\textsc{an}},
	sort = {an},
	description = {action nominal}}

@symbol{aor,
	name = {\textsc{aor}},
	sort = {aor},
	description = {aorist}}

@symbol{appl,
	name = {\textsc{appl}},
	sort = {appl},
	description = {applicative}}

@symbol{apud,
    name = {\textsc{apud}},
    sort = {apud},
    description = {apudessive (case)}}

@symbol{art,
	name = {\textsc{art}},
	sort = {art},
	description = {article}}

@symbol{asp,
	name = {\textsc{asp}},
	sort = {asp},
	description = {aspect}}

@symbol{assoc,
	name = {\textsc{assoc}},
	sort = {assoc},
	description = {associative}}

@symbol{at,
	name = {\textsc{at}},
	sort = {at},
	description = {actor topic}}

@symbol{aud,
	name = {\textsc{aud}},
	sort = {aud},
	description = {auditive}}

@symbol{aug,
	name = {\textsc{aug}},
	sort = {aug},
	description = {augment}}

@symbol{aux,
	name = {\textsc{aux}},
	sort = {aux},
	description = {auxiliary}}

@symbol{av,
	name = {\textsc{av}},
	sort = {av},
	description = {active/actor voice}}

@symbol{B,
    name = {B},
    sort = {b},
    description = {gender agreement marker}}

@symbol{ben,
	name = {\textsc{ben}},
	sort = {ben},
	description = {benefactive}}

@symbol{caus,
	name = {\textsc{caus}},
	sort = {caus},
	description = {causative}}

@symbol{cci,
	name = {\textsc{cci}},
	sort = {cci},
	description = {complement clause introducer}}

@symbol{cf,
	name = {\textsc{cf}},
	sort = {cf},
	description = {counterfactual}}

@symbol{cj,
	name = {\textsc{cj}},
	sort = {cj},
	description = {conjoint verb form}}

@symbol{clf,
	name = {\textsc{clf}},
	sort = {clf},
	description = {classifier}}

@symbol{cl,
	name = {\textsc{cl}},
	sort = {cl},
	description = {clitic}}

@symbol{cmpl,
	name = {\textsc{cmpl}},
	sort = {cmpl},
	description = {completive aspect}}

@symbol{cmpr,
	name = {\textsc{cmpr}},
	sort = {cmpr},
	description = {comparative}}

@symbol{cnj,
	name = {\textsc{cnj}},
	sort = {cnj},
	description = {conjunction}}

@symbol{cntr,
	name = {\textsc{cntr}},
	sort = {cntr},
	description = {contrastive focus particle}}

@symbol{comp,
	name = {\textsc{comp}},
	sort = {comp},
	description = {complementizer}}

@symbol{compl,
	name = {\textsc{compl}},
	sort = {compl},
	description = {completive aspect}}

@symbol{com,
	name = {\textsc{com}},
	sort = {com},
	description = {comitative}}

@symbol{cond,
	name = {\textsc{cond}},
	sort = {cond},
	description = {conditional}}

@symbol{conn,
	name = {\textsc{conn}},
	sort = {conn},
	description = {connective}}

@symbol{cont,
	name = {\textsc{cont}},
	sort = {cont},
	description = {continuous}}

@symbol{cop,
	name = {\textsc{cop}},
	sort = {cop},
	description = {copula}}

@symbol{cr,
	name = {\textsc{cr}},
	sort = {cr},
	description = {co-reference}}

@symbol{cvb,
	name = {\textsc{cvb}},
	sort = {cvb},
	description = {converb}}

@symbol{dat,
	name = {\textsc{dat}},
	sort = {dat},
	description = {dative}}

@symbol{decl,
	name = {\textsc{decl}},
	sort = {decl},
	description = {declarative}}

@symbol{def,
	name = {\textsc{def}},
	sort = {def},
	description = {definite}}

@symbol{dei,
    name = {\textsc{dei}},
    sort = {dei},
    description = {deictic}}

@symbol{dem,
	name = {\textsc{dem}},
	sort = {dem},
	description = {demonstrative}}

@symbol{dep,
    name = {\textsc{dep}},
    sort = {dependent},
    description = {dependent}}

@symbol{depend,
    name = {\textsc{depend}},
    sort = {depend},
    description = {dependency morpheme}}

@symbol{desc,
    name = {\textsc{desc}},
    sort = {desc},
    description = {descriptive}}

@symbol{det,
	name = {\textsc{det}},
	sort = {det},
	description = {determiner}}

@symbol{detr,
	name = {\textsc{detr}},
	sort = {detr},
	description = {detransitivizer}}

@symbol{dim,
	name = {\textsc{dim}},
	sort = {dim},
	description = {diminutive}}

@symbol{dir,
	name = {\textsc{dir}},
	sort = {dir},
	description = {direct}}

@symbol{disp,
	name = {\textsc{disp}},
	sort = {disp},
	description = {disposal}}

@symbol{dist,
	name = {\textsc{dist}},
	sort = {dist},
	description = {distal}}

@symbol{distr,
	name = {\textsc{distr}},
	sort = {distr},
	description = {distributive}}

@symbol{dj,
	name = {\textsc{dj}},
	sort = {dj},
	description = {disjoint verb form}}

@symbol{dom,
	name = {\textsc{dom}},
	sort = {dom},
	description = {differential object marking}}

@symbol{do,
	name = {\textsc{do}},
	sort = {do},
	description = {direct object}}

@symbol{dptcl,
	name = {\textsc{dptcl}},
	sort = {dptcl},
	description = {discourse particle}}

@symbol{dr,
	name = {\textsc{dr}},
	sort = {dr},
	description = {disjoint reference}}

@symbol{ds,
	name = {\textsc{ds}},
	sort = {ds},
	description = {different subject}}

@symbol{dur,
	name = {\textsc{dur}},
	sort = {dur},
	description = {durative}}

@symbol{du,
	name = {\textsc{du}},
	sort = {du},
	description = {dual}}

@symbol{ela,
	name = {\textsc{ela}},
	sort = {ela},
	description = {elative}}

@symbol{emph,
	name = {\textsc{emph}},
	sort = {emph},
	description = {emphatic}}

@symbol{ep,
    name = {\textsc{ep}},
    sort = {ep},
    description = {epenthetic vowel}}

@symbol{erg,
	name = {\textsc{erg}},
	sort = {erg},
	description = {ergative}}

@symbol{es,
	name = {\textsc{es}},
	sort = {es},
	description = {echo subject}}

@symbol{evid,
	name = {\textsc{evid}},
	sort = {evid},
	description = {evidential}}

@symbol{excl,
	name = {\textsc{excl}},
	sort = {excl},
	description = {exclusive}}

@symbol{expl,
	name = {\textsc{expl}},
	sort = {expl},
	description = {expletive}}

@symbol{f,
	name = {\textsc{f}},
	sort = {f},
	description = {feminine}}

@symbol{foc,
	name = {\textsc{foc}},
	sort = {foc},
	description = {focus}}

@symbol{fs,
	name = {\textsc{fs}},
	sort = {fs},
	description = {final suffix}}

@symbol{fut,
	name = {\textsc{fut}},
	sort = {fut},
	description = {future}}

@symbol{fv,
	name = {\textsc{fv}},
	sort = {fv},
	description = {final vowel}}

@symbol{g,
	name = {\textsc{g}},
	sort = {g},
	description = {\textsc{g}}
}

@symbol{gen,
	name = {\textsc{gen}},
	sort = {gen},
	description = {genitive}}

@symbol{genc,
	name = {\textsc{gen}},
	sort = {gen},
	description = {generic}}

@symbol{ger,
	name = {\textsc{ger}},
	sort = {ger},
	description = {gerund}}

@symbol{hab,
	name = {\textsc{hab}},
	sort = {hab},
	description = {habitual aspect}}

@symbol{ill,
	name = {\textsc{ill}},
	sort = {ill},
	description = {illative}}

@symbol{impass,
	name = {\textsc{impass}},
	sort = {impass},
	description = {impersonal passive}}

@symbol{imp,
	name = {\textsc{imp}},
	sort = {imp},
	description = {imperative}}

@symbol{inch,
	name = {\textsc{inch}},
	sort = {inch},
	description = {inchoative}}

@symbol{incl,
	name = {\textsc{incl}},
	sort = {incl},
	description = {inclusive}}

@symbol{incmpl,
	name = {\textsc{incmpl}},
	sort = {incmpl},
	description = {incompletive aspect}}

@symbol{indef,
	name = {\textsc{indef}},
	sort = {indef},
	description = {indefinite}}

@symbol{indic,
	name = {\textsc{indic}},
	sort = {indic},
	description = {indicative}}

@symbol{indir,
	name = {\textsc{indir}},
	sort = {indir},
	description = {indirective}}

@symbol{ind,
	name = {\textsc{ind}},
	sort = {ind},
	description = {indicative}}

@symbol{ine,
	name = {\textsc{ine}},
	sort = {ine},
	description = {inessive}}

@symbol{inf,
	name = {\textsc{inf}},
	sort = {inf},
	description = {infinitive}}

@symbol{infr,
	name = {\textsc{infr}},
	sort = {infr},
	description = {inferential}}

@symbol{ins,
	name = {\textsc{ins}},
	sort = {ins},
	description = {instrumental}}

@symbol{intr,
	name = {\textsc{intr}},
	sort = {intr},
	description = {intransitive}}

@symbol{int,
	name = {\textsc{int}},
	sort = {int},
	description = {interrogative}}

@symbol{inv,
	name = {\textsc{inv}},
	sort = {inv},
	description = {inverse}}

@symbol{invol,
	name = {\textsc{invol}},
	sort = {invol},
	description = {involuntary}}

@symbol{io,
	name = {\textsc{io}},
	sort = {io},
	description = {indirect object}}

@symbol{ipfv,
	name = {\textsc{ipfv}},
	sort = {ipfv},
	description = {imperfective}}

@symbol{ipf,
	name = {\textsc{ipf}},
	sort = {ipf},
	description = {imperfect}}

@symbol{irr,
	name = {\textsc{irr}},
	sort = {irr},
	description = {irrealis}}

@symbol{iter,
    name = {\textsc{iter}},
    sort = {iter},
    description = {iterative}}

@symbol{J,
    name = {J},
    sort = {j},
    description = {gender agreement marker}}

@symbol{lat,
	name = {\textsc{lat}},
	sort = {lat},
	description = {lative}}

@symbol{l,
	name = {\textsc{l}},
	sort = {l},
	description = {low tone}}

@symbol{lnk,
	name = {\textsc{lnk}},
	sort = {lnk},
	description = {linker}}

@symbol{loc,
	name = {\textsc{loc}},
	sort = {loc},
	description = {locative}}

@symbol{lv,
	name = {\textsc{lv}},
	sort = {lv},
	description = {light verb}}

@symbol{m,
	name = {\textsc{m}},
	sort = {m},
	description = {masculine}}

@symbol{mid,
	name = {\textsc{mid}},
	sort = {mid},
	description = {middle}}

@symbol{mnom,
    name = {\textsc{mnom}},
    sort = {mnom},
    description = {marked nominative}}

@symbol{mr,
    name = {\textsc{mr}},
    sort = {mr},
    description = {modified root}}

@symbol{mut,
	name = {\textsc{mut}},
	sort = {mut},
	description = {mutated nominal}}

@symbol{nact,
	name = {\textsc{nact}},
	sort = {nact},
	description = {non-active}}

@symbol{ncm,
    name = {\textsc{ncm}},
    sort = {ncm},
    description = {non-common noun marker}}

@symbol{ng,
	name = {\textsc{ng}},
	sort = {ng},
	description = {\textsc{ng}}}

@symbol{n,
	name = {\textsc{n}},
	sort = {n},
	description = {neuter}}

@symbol{neg,
	name = {\textsc{neg}},
	sort = {neg},
	description = {negation}}

@symbol{nfin,
    name = {\textsc{nfin}},
    sort = {nfin},
    description = {non-finite}
}

@symbol{nmlz,
	name = {\textsc{nmlz}},
	sort = {nmlz},
	description = {nominalizer/nominal\-i\-za\-tion}}

@symbol{nom,
	name = {\textsc{nom}},
	sort = {nom},
	description = {nominative}}

@symbol{npst,
	name = {\textsc{npst}},
	sort = {npst},
	description = {non-past}}

@symbol{nth,
    name = {\textsc{nth}},
    sort = {nth},
    description = {non-theme},
}

@symbol{num,
	name = {\textsc{num}},
	sort = {num},
	description = {numeral}}

@symbol{nw,
    name = {\textsc{nw}},
    sort = {nw},
    description = {non-witnessed}}

@symbol{obj,
	name = {\textsc{obj}},
	sort = {obj},
	description = {object}}

@symbol{obl,
	name = {\textsc{obl}},
	sort = {obl},
	description = {oblique}}

@symbol{obv,
	name = {\textsc{obv}},
	sort = {obv},
	description = {obviative}}

@symbol{om,
	name = {\textsc{om}},
	sort = {om},
	description = {object marker}}

@symbol{ov,
	name = {\textsc{ov}},
	sort = {ov},
	description = {objective voice}}

@symbol{ppp,
	name = {\textsc{p2}},
	sort = {p2},
	description = {general past tense}}

@symbol{part,
	name = {\textsc{part}},
	sort = {part},
	description = {partitive}}

@symbol{pass,
	name = {\textsc{pass}},
	sort = {pass},
	description = {passive}}

@symbol{pauc,
	name = {\textsc{pauc}},
	sort = {pauc},
	description = {paucal}}

@symbol{perm,
    name = {\textsc{perm}},
    sort = {perm},
    description = {permissive}}

@symbol{pfv,
	name = {\textsc{pfv}},
	sort = {pfv},
	description = {perfective}}

@symbol{pg,
    name = {\textsc{pg}},
    sort = {pg},
    description = {parasitic gap}}

@symbol{pip,
	name = {\textsc{pip}},
	sort = {pip},
	description = {prominent internal possessor}}

@symbol{pl,
	name = {\textsc{pl}},
	sort = {pl},
	description = {plural}}

@symbol{pn,
	name = {\textsc{pn}},
	sort = {pn},
	description = {proper noun}}

@symbol{poss,
	name = {\textsc{poss}},
	sort = {poss},
	description = {possessive}}

@symbol{prdst,
	name = {\textsc{prdst}},
	sort = {prdst},
	description = {predestinative}}

@symbol{pred,
	name = {\textsc{pred}},
	sort = {pred},
	description = {predicative}}

@symbol{prf,
	name = {\textsc{prf}},
	sort = {prf},
	description = {perfect}}

@symbol{prep,
	name = {\textsc{prep}},
	sort = {prep},
	description = {preposition}}

@symbol{prog,
	name = {\textsc{prog}},
	sort = {prog},
	description = {progressive}}

@symbol{proh,
	name = {\textsc{proh}},
	sort = {proh},
	description = {prohibitive}}

@symbol{pron,
	name = {\textsc{pron}},
	sort = {pron},
	description = {pronoun}}

@symbol{propn,
	name = {\textsc{propn}},
	sort = {propn},
	description = {proper name}}

@symbol{pros,
	name = {\textsc{pros}},
	sort = {pros},
	description = {prospective}}


@symbol{prov,
	name = {\textsc{prov}},
	sort = {prov},
	description = {pro-verb}}

@symbol{prox,
	name = {\textsc{prox}},
	sort = {prox},
	description = {proximal, proximate}}

@symbol{prs,
	name = {\textsc{prs}},
	sort = {prs},
	description = {present}}

@symbol{prt,
	name = {\textsc{prt}},
	sort = {prt},
	description = {preterite}}

@symbol{prv,
	name = {\textsc{prv}},
	sort = {prv},
	description = {preverb}}

@symbol{pst,
	name = {\textsc{pst}},
	sort = {pst},
	description = {past}}

@symbol{ptcl,
	name = {\textsc{ptcl}},
	sort = {ptcl},
	description = {particle}}

@symbol{ptcp,
	name = {\textsc{ptcp}},
	sort = {ptcp},
	description = {participle}}

@symbol{purp,
	name = {\textsc{purp}},
	sort = {purp},
	description = {purposive}}

@symbol{pv,
	name = {\textsc{pv}},
	sort = {pv},
	description = {passive voice}}

@symbol{q,
	name = {\textsc{q}},
	sort = {q},
	description = {question particle}}

@symbol{quot,
	name = {\textsc{quot}},
	sort = {quot},
	description = {quotative}}

@symbol{real,
	name = {\textsc{real}},
	sort = {real},
	description = {realis}}

@symbol{rci,
	name = {\textsc{rci}},
	sort = {rci},
	description = {relative clause introducer}}

@symbol{recp,
	name = {\textsc{recp}},
	sort = {recp},
	description = {reciprocal}}

@symbol{red,
	name = {\textsc{red}},
	sort = {red},
	description = {reduplication}}

@symbol{refl,
	name = {\textsc{refl}},
	sort = {refl},
	description = {reflexive}}

@symbol{rel,
	name = {\textsc{rel}},
	sort = {rel},
	description = {relative}}

@symbol{rem,
	name = {\textsc{rem}},
	sort = {rem},
	description = {remote}}

@symbol{rep,
	name = {\textsc{rep}},
	sort = {rep},
	description = {reported}}

@symbol{res,
	name = {\textsc{res}},
	sort = {res},
	description = {resultative}}

@symbol{rg,
    name = {\textsc{rg}},
    sort = {rg},
    description = {``real'' gap}}

@symbol{rm,
	name = {\textsc{rm}},
	sort = {rm},
	description = {relative marker}}

@symbol{rpt,
	name = {\textsc{rpt}},
	sort = {rpt},
	description = {repetitive}}

@symbol{sbjv,
	name = {\textsc{sbjv}},
	sort = {sbjv},
	description = {subjunctive}}

@symbol{sbj,
	name = {\textsc{sbj}},
	sort = {sbj},
	description = {subject}}

@symbol{sec,
	name = {\textsc{sec}},
	sort = {sec},
	description = {secundative}}

@symbol{sg,
	name = {\textsc{sg}},
	sort = {sg},
	description = {singular}}

@symbol{simp,
	name = {\textsc{simp}},
	sort = {simp},
	description = {simple aspect}}

@symbol{sim,
	name = {\textsc{sim}},
	sort = {sim},
	description = {simultaneous}}

@symbol{sm,
	name = {\textsc{sm}},
	sort = {sm},
	description = {subject marker}}

@symbol{sr,
	name = {\textsc{sr}},
	sort = {sr},
	description = {switch-reference}}

@symbol{ss,
	name = {\textsc{ss}},
	sort = {ss},
	description = {same subject}}

@symbol{stat,
	name = {\textsc{stat}},
	sort = {stat},
	description = {stative}}

@symbol{subj,
	name = {\textsc{subj}},
	sort = {subj},
	description = {subject}}

@symbol{subl,
	name = {\textsc{subl}},
	sort = {subl},
	description = {sublative}}

@symbol{supe,
	name = {\textsc{supe}},
	sort = {supe},
	description = {superessive}}

@symbol{supl,
	name = {\textsc{supl}},
	sort = {supl},
	description = {superlative}}

@symbol{ta,
    name = {\textsc{ta}},
    sort = {ta},
    description = {transitive animate}}

@symbol{term,
	name = {\textsc{term}},
	sort = {term},
	description = {terminative}}

@symbol{ti,
    name = {\textsc{ti}},
    sort = {ti},
    description = {transitive inanimate}}

@symbol{tns,
	name = {\textsc{tns}},
	sort = {tns},
	description = {tense}}

@symbol{top,
	name = {\textsc{top}},
	sort = {top},
	description = {topic}}

@symbol{transl,
	name = {\textsc{transl}},
	sort = {transl},
	description = {translative}}

@symbol{tr,
	name = {\textsc{tr}},
	sort = {tr},
	description = {transitive}}

@symbol{tt,
	name = {\textsc{tt}},
	sort = {tt},
	description = {theme topic}}

@symbol{ut,
    name = {\textsc{ut}},
    sort = {ut},
    description = {unmarked tense}}

@symbol{vblz,
    name = {\textsc{vblz}},
    sort = {verb},
    description = {verbalizer}}

@symbol{vm,
	name = {\textsc{vm}},
	sort = {vm},
	description = {verbal modifier}}

@symbol{vn,
	name = {\textsc{vn}},
	sort = {vn},
	description = {verbal noun}}

@symbol{voc,
	name = {\textsc{voc}},
	sort = {voc},
	description = {vocative}}

@symbol{vol,
	name = {\textsc{vol}},
	sort = {vol},
	description = {voluntary}}

@symbol{y.n,
	name = {\textsc{y.n}},
	sort = {y.n},
	description = {yes/no question particle}}

@symbol{a,
	name = {\textsc{a}},
	sort = {a},
	description = {agent-like argument of a canonical transitive verb}}

@symbol{p,
	name = {\textsc{p}},
	sort = {p},
	description = {patient-like argument of a canonical transitive verb}}

@symbol{r,
	name = {\textsc{r}},
	sort = {r},
	description = {recipient-like internal argument of a ditransitive verb}}

@symbol{s,
	name = {\textsc{s}},
	sort = {s},
	description = {single argument of a canonical intransitive verb}}

@symbol{t,
	name = {\textsc{t}},
	sort = {t},
	description = {theme- or patient-like internal argument of a ditransitive verb}}

@symbol{th,
    name = {\textsc{th}},
    sort = {th},
    description = {theme},
}

@symbol{u,
    name = {\textsc{u}},
    sort = {u},
    description = {undergoer}}

@symbol{i,
	name = {\textsc{i}},
	sort = {1},
	description = {\textsc{i} gender}}

@symbol{ii,
	name = {\textsc{ii}},
	sort = {2},
	description = {\textsc{ii} gender}}

@symbol{iii,
	name = {\textsc{iii}},
	sort = {3},
	description = {\textsc{iii} gender}}

@symbol{iv,
    name = {\textsc{iv}},
    sort = {4},
    description = {\textsc{iv} gender}}

% acronyms

@symbol{AC,
	name = {AC},
	sort = {AC},
	description = {adjunct condition},
	first = {adjunct condition (AC)},
}

@symbol{APC,
	name = {APC},
	sort = {APC},
	description = {adnominal pronoun construction},
	first = {adnominal pronoun construction (APC)},
	firstplural = {adnominal pronoun constructions (APCs)}
}

@symbol{ASH,
	name = {ASH},
	sort = {ASH},
	description = {auxiliary selection hierarchy},
	first = {auxiliary selection hierarchy (ASH)},
}

@symbol{ATB,
	name = {ATB},
	sort = {ATB},
	description = {across-the-board},
	first = {across-the-board (ATB)},
}

@symbol{BEN,
	name = {BEN},
	sort = {BEN},
	description = {benefactive argument},
	first = {benefactive argument (BEN)},
	firstplural = {benefactive arguments (BEN)}
}

@symbol{BPS,
	name = {BPS},
	sort = {BPS},
	description = {bare phrase structure},
	first = {bare phrase structure (BPS)},
}

@symbol{BSC,
	name = {BSC},
	sort = {BSC},
	description = {bare small clause},
	first = {bare small clause (BSC)},
	firstplural = {bare small clauses (BSCs)}
}

@symbol{CI,
	name = {CI},
	sort = {CI},
	description = {conceptual-intentional},
	first = {conceptual-intentional (CI)},
}

@symbol{CS,
	name = {CS},
	sort = {CS},
	description = {coordinate structure},
	first = {coordinate structure (CS)},
	firstplural = {coordinate structures (CSs)},
}

@symbol{CSC,
	name = {CSC},
	sort = {CSC},
	description = {coordinate structure constraint},
	first = {coordinate structure constraint (CSC)},
}

@symbol{CED,
	name = {CED},
	sort = {CED},
	description = {condition on extraction domains},
	first = {condition on extraction domains (CED)},
}

@symbol{CG,
	name = {CG},
	sort = {CG},
	description = {clitic group},
	first = {clitic group (CG)},
	firstplural = {clitic groups (CGs)}
}

@symbol{CLLD,
    name = {CLLD},
    sort = {CLLD},
    description = {clitic left dislocation},
    first = {CLitic Left Dislocation (CLLD)},
}

@symbol{CLRD,
    name = {CLRD},
    sort = {CLRD},
    description = {clitic right dislocation},
    first = {CLitic Right Dislocation (CLRD)},
}

@symbol{CN,
	name = {CN},
	sort = {CN},
	description = {common noun},
	first = {common noun (CN)},
	firstplural = {common nouns (CNs)}
}

@symbol{CTM,
	name = {CTM},
	sort = {CTM},
	description = {copy theory of movement},
	first = {copy theory of movement (CTM)},
}

@symbol{DM,
	name = {DM},
	sort = {DM},
	description = {Distributed Morphology},
	first = {Distributed Morphology (DM)},
}

@symbol{DMH,
    name = {DMH},
    sort = {DMH},
    description = {\emph{done my homework} construction},
}

@symbol{DO,
	name = {DO},
	sort = {DO},
	description = {direct object},
	first = {direct object (DO)},
	firstplural = {direct objects (DOs)}
}

@symbol{DOA,
	name = {DOA},
	sort = {DOA},
	description = {differential object agreement},
	first = {differential object agreement (DOA)},
}

@symbol{DOC,
    name = {DOC},
    sort = {DOC},
    description = {double object construction},
    first = {double object construction (DOC)}
}

@symbol{DOM,
	name = {DOM},
	sort = {DOM},
	description = {differential object marking},
	first = {differential object marking (DOM)},
}

@symbol{DT,
	name = {DT},
	sort = {DT},
	description = {direct telicity},
	first = {direct telicity (DT)},
}

@symbol{EA,
	name = {EA},
	sort = {EA},
	description = {external argument},
	first = {external argument (EA)},
	firstplural = {external arguments (EAs)}
}

@symbol{EAC,
    name = {EAC},
    sort = {EAC},
    description = {emotive adjectival construction},
    first = {emotive adjectival construction (EAC)},
    firstplural = {emotive adjectival construction (EACs)},
}

@symbol{EC,
	name = {EC},
	sort = {EC},
	description = {extension condition},
	first = {extension condition (EC)},
}

@symbol{ECM,
	name = {ECM},
	sort = {ECM},
	description = {exceptional case marking}}

@symbol{ECP,
	name = {ECP},
	sort = {ECP},
	description = {empty category principle},
	first = {empty category principle (ECP)},
}

@symbol{EF,
	name = {EF},
	sort = {EF},
	description = {edge feature},
	first = {edge feature (EF)},
	firstplural = {edge features (EFs)}
}

@symbol{EM,
	name = {EM},
	sort = {EM},
	description = {External Merge},
	first = {External Merge (EM)},
}

@symbol{EOO,
	name = {EOO},
	sort = {EOO},
	description = {effect on outcome},
	first = {effect on outcome (EOO)},
	firstplural = {effects on outcomes (EOO)}
}

@symbol{EPP,
	name = {EPP},
	sort = {EPP},
	description = {extended projection principle},
	first = {extended projection principle (EPP)},
}

@symbol{EST,
	name = {EST},
	sort = {EST},
	description = {extended standard theory},
	first = {extended standard theory (EST)},
}

@symbol{FE,
	name = {FE},
	sort = {FE},
	description = {feature economy},
	first = {feature economy (FE)},
}

@symbol{FI,
	name = {FI},
	sort = {FI},
	description = {Feature Inheritance},
	first = {Feature Inheritance (FI)},
}

@symbol{FIP,
	name = {FIP},
	sort = {FIP},
	description = {fundamental interpretive perspective},
	first = {fundamental interpretive perspective (FIP)},
	firstplural = {fundamental interpretive perspectives (FIPs)}
}

@symbol{FL,
	name = {FL},
	sort = {FL},
	description = {faculty of language},
	first = {faculty of language (FL)},
}

@symbol{FOFC,
	name = {FOFC},
	sort = {FOFC},
	description = {final-over-final condition/constraint},
	first = {final-over-final condition/constraint (FOFC)},
}

@symbol{FR,
	name = {FR},
	sort = {FR},
	description = {free relative},
	first = {free relative (FR)},
	firstplural = {free relatives (FRs)}
}

@symbol{GPSG,
	name = {GPSG},
	sort = {GPSG},
	description = {Generalized Phrase Structure Grammar},
	first = {Generalized Phrase Structure Grammar (GPSG)},
}

@symbol{GTTM,
	name = {GTTM},
	sort = {GTTM},
	description = {Generative theory of tonal music},
	first = {Generative theory of tonal music (GTTM)},
}

@symbol{HG,
	name = {HG},
	sort = {HG},
	description = {Holmberg's generalization},
	first = {Holmberg's generalization (HG)},
}

@symbol{HPSG,
	name = {HPSG},
	sort = {HPSG},
	description = {Head-Driven Phrase Structure Grammar},
	first = {Head-Driven Phrase Structure Grammar (HPSG)},
}

@symbol{HT,
	name = {HT},
	sort = {HT},
	description = {hanging topic},
	first = {hanging topic (HT)},
	firstplural = {hanging topics (HTs)}
}

@symbol{HTA,
	name = {HTA},
	sort = {HTA},
	description = {H tone anticipation},
	first = {H tone anticipation (HTA)},
	firstplural = {H tone anticipations (HTAs)}
}

@symbol{HTI,
	name = {HTI},
	sort = {HTI},
	description = {H tone insertion},
	first = {H tone insertion (HTI)},
	firstplural = {H tone insertions (HTIs)}
}

@symbol{HTP,
	name = {HTP},
	sort = {HTP},
	description = {H tone plateauing},
	first = {H tone plateauing (HTP)},
	firstplural = {H tone plateauings (HTPs)}
}

@symbol{HTR,
	name = {HTR},
	sort = {HTR},
	description = {H tone retraction},
	first = {H tone retraction (HTR)},
	firstplural = {H tone retractions (HTRs)}
}

@symbol{IA,
	name = {IA},
	sort = {IA},
	description = {internal argument},
	first = {internal argument (IA)},
	firstplural = {internal arguments (IAs)}
}

@symbol{IAg,
    name = {IA},
    sort = {IA},
    description = {implicit agent},
    first = {implicit agent (IA)},
    firstplural = {implicit agents (IAs)}
}

@symbol{IC,
	name = {IC},
	sort = {IC},
	description = {inclusiveness condition},
	first = {inclusiveness condition (IC)},
}

@symbol{IFF,
    name = {IFF},
    description = {intrinsic formal feature},
    first = {intrinsic formal features},
    firstplural = {intrinsic formal features (IFFs)},
}

@symbol{IG,
	name = {IG},
	sort = {IG},
	description = {input generalisation},
	first = {input generalisation (IG)},
}

@symbol{IM,
	name = {IM},
	sort = {IM},
	description = {Internal Merge},
	first = {Internal Merge (IM)},
}

@symbol{IO,
	name = {IO},
	sort = {IO},
	description = {indirect object},
	first = {indirect object (IO)},
	firstplural = {indirect objects (IOs)}
}

@symbol{IP,
	name = {IP},
	sort = {IP},
	description = {intonational phrase},
	first = {intonational phrase (IP)},
	firstplural = {intonational phrases (IPs)}
}

@symbol{IT,
	name = {IT},
	sort = {IT},
	description = {indirect telicity},
	first = {indirect telicity (IT)},
}

@symbol{KU,
	name = {KU},
	sort = {KU},
	description = {kind unit},
	first = {kind unit (KU)},
	firstplural = {kind units (KUs)}
}

@symbol{LA,
	name = {LA},
	sort = {LA},
	description = {labelling algorithm},
	first = {labelling algorithm (LA)},
}

@symbol{LAC,
	name = {LAC},
	sort = {LAC},
	description = {label accessibility condition},
	first = {\textit{label accessibility condition} (LAC)},
}

@symbol{LBC,
    name = {LBC},
    description = {left branch condition},
    first = {left branch condition (LBC)}
}

@symbol{LBE,
    name = {LBE},
    description = {left branch extraction},
    first = {left branch extraction (LBE)},
    firstplural = {left branch extractions (LBEs)}
}

@symbol{LCA,
	name = {LCA},
	sort = {LCA},
	description = {linear correspondence axiom},
	first = {\textit{linear correspondence axiom} (LCA)},
}

@symbol{LD,
	name = {LD},
	sort = {LD},
	description = {left dislocation},
	first = {left dislocation (LD)},
	firstplural = {left dislocations (LDs)}
}

@symbol{LDA,
	name = {LDA},
	sort = {LDA},
	description = {long-distance agreement},
	first = {long-distance agreement (LDA)},
}

@symbol{LF,
	name = {LF},
	sort = {LF},
	description = {logical form},
	first = {logical form (LF)},
}

@symbol{LTI,
	name = {LTI},
	sort = {LTI},
	description = {L tone insertion},
	first = {L tone insertion (LTI)},
	firstplural = {L tone insertions (LTIs)}
}

@symbol{LTS,
	name = {LTS},
	sort = {LTS},
	description = {L tone spreading},
	first = {L tone spreading (LTS)},
	firstplural = {L tone spreadings (LTSs)}
}

@symbol{LWD,
	name = {LWD},
	sort = {LWD},
	description = {long wh-dependency},
	first = {long wh-dependency (LWD)},
	firstplural = {long wh-dependencies (LWDs)}
}

@symbol{MGG,
	name = {MGG},
	sort = {MGG},
	description = {mainstream generative grammar},
	first = {mainstream generative grammar (MGG)},
}

@symbol{MLCA,
	name = {MLCA},
	sort = {MLCA},
	description = {multidominant-friendly linear correspondence axiom},
	first = {multidominant-friendly linear correspondence axiom (MLCA)},
}

@symbol{MTB,
	name = {MTB},
	sort = {MTB},
	description = {movement theory of binding},
	first = {movement theory of binding (MTB)},
}

@symbol{MTC,
	name = {MTC},
	sort = {MTC},
	description = {Movement Theory of Control},
	first = {Movement Theory of Control (MTC)},
}

@symbol{NIM,
	name = {NIM},
	sort = {NIM},
	description = {noun-internal modifier},
	first = {noun-internal modifier (NIM)},
	firstplural = {noun-internal modifiers (NIMs)}
}

@symbol{NOC,
	name = {NOC},
	sort = {NOC},
	description = {non-obligatory control},
	first = {non-obligatory control (NOC)},
}

@symbol{NPI,
    name = {NPI},
    sort = {NPI},
    description = {negative polarity item},
    first = {negative polarity item (NPI)},
    firstplural = {negative polarity items (NPIs)}}

@symbol{NS,
	name = {NS},
	sort = {NS},
	description = {narrow syntax},
	first = {narrow syntax (NS)},
}

@symbol{NSL,
	name = {NSL},
	sort = {NSL},
	description = {null-subject language},
	first = {null-subject language (NSL)},
	firstplural = {null-subject languages (NSLs)},
}

@symbol{NSP,
    name = {NSP},
    sort = {NSP},
    description = {Null Subject Parameter},
    first = {Null Subject Parameter (NSP)}
}

@symbol{NSR,
	name = {NSR},
	sort = {NSR},
	description = {Northern subject rule},
	first = {Northern subject rule (NSR)},
}

@symbol{NTC,
	name = {NTC},
	sort = {NTC},
	description = {no tampering condition},
	first = {no tampering condition (NTC)},
}

@symbol{OC,
	name = {OC},
	sort = {OC},
	description = {obligatory control},
	first = {obligatory control (OC)},
}

@symbol{OKU,
	name = {OKU},
	sort = {OKU},
	description = {object or kind unit},
	first = {object or kind unit (OKU)},
	firstplural = {object or kind units (OKUs)}
}

@symbol{OU,
	name = {OU},
	sort = {OU},
	description = {object unit},
	first = {object unit (OU)},
	firstplural = {object units (OUs)}
}

@symbol{PNS,
    name = {PNS},
    sort = {PNS},
    description = {partially null subject}
}

@symbol{RC,
	name = {RC},
	sort = {RC},
	description = {relative clause},
	first = {relative clause (RC)},
	firstplural = {relative clauses (RCs)},
}

@symbol{RR,
	name = {RR},
	sort = {RR},
	description = {restricted relative},
	first = {restricted relative (RR)},
	firstplural = {restricted relatives (RRs)}
}

@symbol{PCA,
	name = {PCA},
	sort = {PCA},
	description = {Path correspondence axiom},
	first = {Path correspondence axiom (PCA)},
}

@symbol{PDC,
    name = {PDC},
    sort = {PDC},
    description = {prepositional dative construction},
    first = {prepositional dative construction (PDC)}
}

@symbol{PF,
	name = {PF},
	sort = {PF},
	description = {phonetic form},
	first = {phonetic form (PF)},
}

@symbol{PI,
    name = {PI},
    description = {prosodic inversion},
    first = {prosodic inversion (PI)}
}

@symbol{PIC,
	name = {PIC},
	sort = {PIC},
	description = {phase impenetrability condition},
	first = {phase impenetrability condition (PIC)},
}

@symbol{PIP,
	name = {PIP},
	sort = {PIP},
	description = {prominent internal possessor},
	first = {prominent internal possessor (PIP)},
	firstplural = {prominent internal possessors (PIPs)}
}

@symbol{PLD,
	name = {PLD},
	sort = {PLD},
	description = {primary linguistic data},
	first = {primary linguistic data (PLD)},
}

@symbol{PM,
	name = {PM},
	sort = {PM},
	description = {phrase marker},
	first = {phrase marker (PM)},
	firstplural = {phrase markers (PMs)}
}

@symbol{PN,
	name = {PN},
	sort = {PN},
	description = {predicate nominal},
	first = {predicate nominal (PN)},
	firstplural = {predicate nominals (PNs)}
}

@symbol{PDD,
    name = {PDD},
    sort = {PDD},
    description = {psychologically distal demonstrative},
    first = {psychologically proximal demonstrative (PDD)},
    firstplural = {psychologically proximal demonstratives (PDDs)}
}

@symbol{PPP,
    name = {PPP},
    sort = {PPP},
    description = {psychologically proximal possessive},
    first = {psychologically proximal possessive (PPP)},
    firstplural = {psychologically proximal possessives (PPPs)}
}

@symbol{PR,
	name = {PR},
	sort = {PR},
	description = {prolongational reduction},
	first = {prolongational reduction (PR)},
	firstplural = {prolongational reductions (PRs)}
}

@symbol{PSG,
	name = {PSG},
	sort = {PSG},
	description = {phrase structure grammar},
	first = {phrase structure grammar (PSG)},
	firstplural = {phrase structure grammars (PSGs)}
}

@symbol{PW,
	name = {PW},
	sort = {PW},
	description = {phonological word},
	first = {phonological word (PW)},
	firstplural = {phonological words (PWs)}
}

@symbol{RD,
	name = {RD},
	sort = {RD},
	description = {right dislocation},
	first = {right dislocation (RD)},
	firstplural = {right dislocations (RDs)}
}

@symbol{RPM,
	name = {RPM},
	sort = {RPM},
	description = {reduced phrase marker},
	first = {reduced phrase marker (RPM)},
	firstplural = {reduced phrase markers (RPMs)}
}

@symbol{SA,
	name = {SA},
	sort = {SA},
	description = {structural analysis},
	first = {structural analysis (SA)},
	firstplural = {structural analyses (SAs)}
}

@symbol{SC3,
    name = {SC},
	sort = {SC},
    description ={small clause}
}

@symbol{SC2,
    name = {SC},
	sort = {SC},
    description ={structural change}
}

@symbol{SCG,
	name = {SCG},
	sort = {SCG},
	description = {sole complement generalization},
	first = {sole complement generalization (SCG)},
}

@symbol{SCM,
	name = {SCM},
	sort = {SCM},
	description = {successive cyclic movement},
	first = {successive cyclic movement (SCM)},
}

@symbol{SM,
	name = {SM},
	sort = {SM},
	description = {sensory-motor},
	first = {sensory-motor (SM)},
}

@symbol{SO,
	name = {SO},
	sort = {SO},
	description = {syntactic object},
	first = {syntactic object (SO)},
	firstplural = {syntactic objects (SOs)}
}

@symbol{SR,
	name = {SR},
	sort = {SR},
	description = {switch-reference},
	first = {switch-reference (SR)},
}

@symbol{SIH,
	name = {SIH},
	sort = {SIH},
	description = {split intransitivity hierarchy},
	first = {split intransitivity hierarchy (SIH)},
}

@symbol{SMT,
	name = {SMT},
	sort = {SMT},
	description = {strong Minimalist thesis},
	first = {strong Minimalist thesis (SMT)},
}

@symbol{TAM,
	name = {TAM},
	sort = {TAM},
	description = {tense, aspect, mood},
	first = {tense, aspect, mood (TAM)},
}

@symbol{TFH,
	name = {TFH},
	description = {thematic functional hierarchy},
	first = {thematic functional hierarchy (TFH)},
}

@symbol{TFR,
	name = {TFR},
	sort = {TFR},
	description = {Transparent Free Relative},
	first = {Transparent Free Relative (TFR)},
	firstplural = {Transparent Free Relatives (TFRs)}
}

@symbol{TH,
	name = {TH},
	sort = {TH},
	description = {theme argument},
	first = {theme argument (TH)},
	firstplural = {theme arguments (TH)}
}

@symbol{TNP,
	name = {TNP},
	sort = {TNP},
	description = {traditional NP},
	first = {traditional NP (TNP)},
	firstplural = {traditional NPs (TNPs)}
}

@symbol{TG,
	name = {TG},
	sort = {TG},
	description = {tone group},
	first = {tone group (TG)},
	firstplural = {tone groups (TGs)}
}

@symbol{TP,
	name = {TP},
	sort = {TP},
	description = {tone phrase},
	first = {tone phrase (TP)},
	firstplural = {tone phrases (TPs)}
}

@symbol{TSR,
	name = {TSR},
	sort = {TSR},
	description = {time-span reduction},
	first = {time-span reduction (TSR)},
	firstplural = {time-span reductions (TSRs)}
}

@symbol{UR,
	name = {UR},
	sort = {UR},
	description = {underlying representation},
	first = {underlying representation (UR)},
	firstplural = {underlying representations (URs)}
}

@symbol{VIM,
	name = {VIM},
	sort = {VIM},
	description = {verb-internal modifier},
	first = {verb-internal modifier (VIM)},
	firstplural = {verb-internal modifiers (VIMs)}
}

@symbol{VM,
	name = {VM},
	sort = {VM},
	description = {verbal modifier},
	first = {verbal modifier (VM)},
	firstplural = {verbal modifiers (VMs)}
}

% languages
@symbol{ABSL,
	name = {ABSL},
	sort = {ABSL},
	description = {Al-Sayyid Bedouin Sign Language},
	first = {Al-Sayyid Bedouin Sign Language (ABSL)},
}

@symbol{BP,
    name = {BP},
    sort = {BP},
    description = {Brazilian Portuguese},
    first = {Brazilian Portuguese (BP)}
}

@symbol{BrP,
    name = {BrP},
    sort = {BrP},
    description = {Brazilian Portuguese}}

@symbol{EP,
    name = {EP},
    sort = {EP},
    description = {European Portuguese},
    first = {European Portuguese (EP)}
}

@symbol{EuP,
    name = {EuP},
    sort = {EuP},
    description = {European Portuguese}}

@symbol{EModE,
    name = {EModE},
    description = {Early Modern English}
}

@symbol{HKC,
	name = {HKC},
	sort = {HKC},
	description = {Hong Kong Cantonese},
	first = {Hong Kong Cantonese (HKC)},
}

@symbol{ME,
    name = {ME},
    description = {Middle English}
}

@symbol{ModE,
    name = {ModE},
    description = {Modern English}
}

@symbol{NME,
    name = {NME},
    description = {Northern Middle English}
}

@symbol{OE,
	name = {OE},
	sort = {OE},
	description = {Old English},
	first = {Old English (OE)},
}

@symbol{OFr,
    name = {OFr},
    description = {Old French},
    first = {Old French (OFr)}
}

@symbol{OHG,
    name = {OHG},
    description = {Old High German}
}

@symbol{OP,
    name = {OP},
    description = {Old Portuguese},
    first = {Old Portuguese (OP)}
}

@symbol{PFU,
	name = {PFU},
	sort = {PFU},
	description = {Proto-Finno-Ugric},
	first = {Proto-Finno-Ugric (PFU)},
}

@symbol{PIE,
	name = {PIE},
	sort = {PIE},
	description = {Proto-Indo-European},
	first = {Proto-Indo-European (PIE)},
}

@symbol{PU,
	name = {PU},
	sort = {PU},
	description = {Proto-Uralic},
	first = {Proto-Uralic (PU)},
}

@symbol{SC,
	name = {SC},
	sort = {SC},
	description = {Serbo-Croatian},
	first = {Serbo-Croatian (SC)},
}

@symbol{TN,
	name = {TN},
	sort = {TN},
	description = {Tundra Nenets},
	first = {Tundra Nenets (TN)},
}

@symbol{WF,
    name = {WF},
    description = {West Flemish},
    first = {West Flemish (WF)},
}

% other

@symbol{AI,
    name = {AI},
    sort = {AI},
    description = {adjectival inflection},
    first = {adjectival inflection (AI)},
}

@symbol{AVM,
	name = {AVM},
	sort = {AVM},
	description = {attribute-value matrix},
	first = {attribute-value matrix (AVM)},
	firstplural = {attribute-value matrices (AVMs)}
}

@symbol{BCC,
	name = {BCC},
	sort = {BCC},
	description = {Borer--Chomsky conjecture},
	first = {Borer--Chomsky conjecture (BCC)},
}

@symbol{ExC,
    name = {ExC},
    sort = {ExC},
    description = {exhaustive control},
    first = {exhaustive control (ExC)},
}

@symbol{GB,
	name = {GB},
	sort = {GB},
	description = {government-and-binding theory},
	first = {government-and-binding theory (GB)},
}

@symbol{GF,
	name = {GF},
	sort = {GF},
	description = {grammatical function},
	first = {grammatical function (GF)},
	firstplural = {grammatical functions (GFs)}
}

@symbol{LFG,
	name = {LFG},
	sort = {LFG},
	description = {Lexical-Func\-tion\-al Grammar},
	first = {Lexical-Func\-tion\-al Grammar (LFG)},
}

@symbol{MP,
	name = {MP},
	sort = {MP},
	description = {Minimalist program},
	first = {Minimalist program (MP)},
}

@symbol{NI,
    name = {NI},
    sort = {NI},
    description = {noun incorporation},
    first = {noun incorporation (NI)},
}

@symbol{OT,
    name = {OT},
    sort = {OT},
    description = {Optimality Theory},
    first = {Optimality Theory (OT)},
}

@symbol{PA,
    name = {PA},
    sort = {PA},
    description = {predicative adjective},
    first = {predicative adjective (PA)},
}

@symbol{PC,
    name = {PC},
    sort = {PC},
    description = {partial control},
    first = {partial control (PC)},
}

@symbol{PCC,
    name = {PCC},
    sort = {PCC},
    description = {Person Case Constraint},
    first = {Person Case Constraint (PCC)},
}

@symbol{PCEEC,
    name = {PCEEC},
    description = {The parsed corpus of Early English correspondence}
}

@symbol{PPCEME,
    name = {PPCEME},
    description = {The Penn--Helsinki parsed corpus of Early Modern English}
}

@symbol{PPCME2,
    name = {PPCME2},
    description = {The Penn--Helsinki parsed corpus of Middle English 2}
}

@symbol{SBCG,
    name = {SBCG},
    sort = {SBCG},
    description = {Sign-Based Construction Grammar},
    first = {Sign-Based Construction Grammar (SBCG)},
}

@symbol{UG,
    name = {UG},
	sort = {UG},
    description = {Universal Grammar},
    first = {Universal Grammar (UG)},
}

@symbol{WCO,
    name = {WCO},
    sort = {WCO},
    description = {weak crossover},
    first = {weak crossover (WCO)},
}

@symbol{YCOE,
	name = {YCOE},
	sort = {YCOE},
	description = {York corpus of Old English},
	first = {York corpus of Old English (YCOE)},
}
