@phdthesis{Alderete1999,
  author    = {Alderete, John},
  year      = {1999},
  title     = {Morphologically Governed Accent in {Optimality} {Theory}},
  school    = {University of Massachusetts, Amherst},
  address   = {Amherst, MA},
}

@book{AntonyukQuaglia2022,
  editor = {Antonyuk, Svitlana AND Predrag Kovačević AND Stefano Quaglia},
  sortname = {Antonyuk, Svitlana AND Predrag Kovacevic AND Stefano Quaglia},
  year = {2022--2023},
  title = {Thematic formatives and linguistic theory. {Glossa} special collection},
  doi = {10.16995/glossa.collection.777},
}

@Article{Bethin1992,
  Author        = {Bethin, Christina Y.},
  Year          = {1992},
  Title         = {Iotation and gemination in {Ukrainian}},
  Journal       = {The Slavic and East European Journal},
  Volume        = {36},
  Number        = {3},
  Pages         = {275--301},
  Doi           = {10.2307/308583}
}

@phdthesis{Boyd1997,
   author = {Boyd, Michael S.},
   year = {1997},
   title = {Palatalization and coronalization in {Russian} and {Czech}: {A} non-linear approach},
   school = {The Ohio State University},
   address = {Columbus, OH}   
}

@incollection{Brown1998,
  Author        = {Brown, Dunstan},
  Year          = {1998},
  Title         = {Stem indexing and morphonological selection in the {Russian} verb},
  Booktitle     = {Models of Inflection},
  Editor        = {Fabri, Ray and Ortmann, Albert and Parodi, Teresa},
  Pages         = {196--221},
  Publisher     = {Niemeyer},
  Address       = {Tübingen},
  doi           = {10.1515/9783110919745.196}
}

@phdthesis{Butska2002,
   author = {Butska, Luba},
   year = {2002},
   title = {Faithful stress in paradigms: {Nominal} inflection in {Ukrainian} and {Russian}},
   school = {Rutgers University},
    address = {New Brunswick, NJ}
}

@article{Choi1996,
   author = {Choi, Sung-ho},
   year = {1996},
   title = {A study on {Russian} inflectional accentology},
   journal = {{\krn 러시아연구} \textnormal{[Russian studies]}},
   volume = {6},
   pages = {81--115},
   url = {https://s-space.snu.ac.kr/handle/10371/87976}
}%Font issue

@article{CoatsLightner1975,
   author = {Coats, Herbert S. and Lightner, Theodore M.},
   year = {1975},
   title = {Transitive softening in {Russian} conjugation},
   journal = {Language},
   volume = {51},
   number = {2},
   pages = {338--341},
   doi = {10.2307/412859}
}

@phdthesis{Crosswhite1999,
  author    = {Crosswhite, Katherine},
  year      = {1999},
  title     = {Vowel Reduction in {Optimality} {Theory}},
  school    = {University of California, Los Angeles},
  address   = {Los Angeles, CA}
}

@InCollection{Crosswhite2000,
  Title     = {Vowel Reduction in {Russian}: {A} Unified Account of Standard, Dialectal, and “Dissimilative” Patterns},
  Author    = {Katherine Crosswhite},
  Booktitle = {University of {Rochester} Working Papers in the Language Sciences},
  Year      = {2000},
  Editor    = {Katherine Crosswhite AND Joyce McDonough},
  Number    = {1},
  Pages     = {107--171},
}

@InProceedings{DalandEtAl2007,
  Title            = {Much ado about nothing: {A} social network model of {Russian} paradigmatic gaps},
  Author           = {Daland, Robert AND Andrea D. Sims AND Janet Pierrehumbert},
  Booktitle        = {Proceedings of the 45th {Annual} {Meeting} of the {Association} of {Computational} {Linguistics}},
  Year             = {2007},
  Address          = {Prague},
  Publisher         = {Association for Computational Linguistics},
  Editor           = {Annie Zaenen AND Antal van den Bosch},
  Pages            = {936--943},
  Url               = {https://aclanthology.org/P07-1118},
}

@book{Dubina2012,
    author = {Dubina, Andrei},
    year = {2012},
    title = {Towards a tonal analysis of free stress},
    series = {LOT Dissertation Series},
    number = {313},
    address = {Utrecht},
    publisher = {LOT},
}

@book{Eskova2008,
    author = {Esʹkova, Natalja A.},
    sortname = {Es'kova, Natalja A.},
    year = {2008},
    title = {Normy russkogo literaturnogo jazyka {XVIII}--{XIX} vekov: {Slovar'}. {Pojasnitel'nye} stat'i \textnormal{[Norms of the {Russian} literary language of the {XVIII}--{XIX} centuries: {Dictionary}. {Clarifying} articles]}},
    address = {Moskva},
    publisher = {Jazyki slavjanskoj kul'tury}
}

@book{Eskova2014,
    author = {Esʹkova, Natalja A.},
    sortname = {Es'kova, Natalja A.},
    year = {2014},
    title = {Slovar' trudnostej russkogo jazyka: {Udarenie}. {Grammati\v{c}eskie} formy \textnormal{[The dictionary of Russian language difficulties: {Stress}.
Grammatical forms]}},
    address = {Moskva},
    publisher = {Jazyki slavjanskoj kul'tury}
}

@article{Feldstein1986,
   author = {Feldstein, Ronald F.},
   year = {1986},
   title = {The {Russian} verbal stress system},
   journal = {International Journal of Slavic Linguistics and Poetics},
   volume = {33},
   pages = {43--61}
}

@unpublished{Feldstein2015,
    author  = {Feldstein, Ronald F.},
    year    = {2015},
    title   = {The stress of the {Russian} verb: {A} new interpretation},
    howpublished = {Paper presented at \textit{Dr. Ronald Feldstein Web Lecture Series on Slavic linguistics}, Duke University, August 24, 2015},
    url     = {https://slaviccenters.duke.edu/programs/lectures/dr-ron-feldstein-russian-verb-stress}
}

@book{Garde1998,
    author      = {Garde, Paul},
    year = {1998},
    title = {Grammaire russe: {Phonologie} et morphologie},
    publisher = {Institut d'études slaves},
    address = {Paris},
    edition = {2nd edition},
    note = {[First published in 1980]}
}

@Article{Gladney1995,
  Title         = {The accent of {Russian} verbforms},
  Author        = {Gladney, Frank Y.},
  Journal       = {Journal of Slavic Linguistics},
  Year          = {1995},
  Volume        = {3},
  Number        = {1},
  Pages         = {97--138},
  url           = {https://www.jstor.org/stable/24598997}
}

@Article{Gouskova2010,
  Title         = {The phonology of boundaries and secondary stress in {Russian} compounds},
  Author        = {Gouskova, Maria},
  Journal       = {The Linguistic Review},
  Year          = {2010},
  Number        = {4},
  Pages         = {387--448},
  Volume        = {27},
  Doi           = {10.1515/tlir.2010.015}
}


@incollection{Halle1963,
    author          = {Halle, Morris},
    year            = {1963},
    title           = {O pravilax russkogo sprja\v{z}enija [{About} the rules of {Russian} conjugation]},
    booktitle       = {American Contributions to the {Fifth} {International} {Congress} of {Slavists} 1, {September} 1963, {Sofia}},
    publisher       = {Mouton},
    Address         = {The Hague},
    Pages           = {113--132}
}

@Article{Halle1973,
    Author      = {Halle, Morris},
    Year        = {1973},
    Title       = {The accentuation of {Russian} words},
    Journal     = {Language},
    Pages       = {312--348},
    Volume      = {49},
    Number      = {2},
    Doi         = {10.2307/412457}
}

@article{Halle1975,
   author       = {Halle, Morris},
   year         = {1975},
   title        = {On {Russian} accentuation},
   journal      = {The Slavic and East European Journal},
   volume       = {19},
   numer        = {1},
   pages        = {104--111},
   doi          = {10.2307/306217}
}

@Article{Halle1997,
  Author        = {Halle, Morris},
  Year          = {1997},
  Title         = {On stress and accent in {Indo}-{European}},
  Journal       = {Language},
  Volume        = {73},
  Pages         = {275--313},
  Doi           = {10.2307/416020}
}

@misc{Halle2004,
  author    = {Halle, Morris},
  year      = {2004}, 
  title     = {Russian phonology: {The} core},
  howpublished = {Ms. MIT},
  url       = {http://www.ai.mit.edu/projects/dm/featgeom/halle-russianverb.pdf}
}

@incollection{HalleIdsardi1995,
  Author        = {Halle, Morris and Idsardi, William J.},
  Year          = {1995},
  Title         = {General properties of stress and metrical structure},
  Booktitle     = {Handbook of Phonological Theory},
  Editor        = {Goldsmith, John},
  Pages         = {403--443},
  Publisher     = {Blackwell},
  Address       = {Oxford}
}

@Book{HalleVergnaud1987a,
  Author        = {Halle, Morris and Vergnaud, Jean-Roger},
  Year          = {1987},
  Title         = {An Essay on Stress},
  Publisher     = {MIT Press},
  Address       = {Cambridge, MA}
}

@Article{HalleVergnaud1987b,
  Author        = {Halle, Morris and Vergnaud, Jean-Roger},
  Year          = {1987},
  Title         = {Stress and the cycle},
  Journal       = {Linguistic Inquiry},
  Pages         = {45--84},
  Volume        = {18},
  Url           = {http://www.jstor.org/stable/4178524}
}

@phdthesis{Idsardi1992,
   author = {Idsardi, William J.},
   title = {The computation of prosody},
   year = {1992},
   address = {Cambridge, MA},
   school = {Massachusetts Institute of Technology}
}

@book{Itkin2007,
   author = {Itkin, Ilja B.},
   year = {2007},
   title = {Russkaja morfonologija \textnormal{[{Russian} morphonology]}},
   publisher = {Gnozis},
   address = {Moskva}
}

@Article{Jakobson1929,
  Author        = {Jakobson, Roman},
  Year          = {1929},
  Title        = {Remarques sur l’évolution phonologique du russe comparée à celle des autres langues slaves},
  Journal       = {Travaux du Cercle Linguistique de Prague},
  Volume        = {2}
}

@Article{Jakobson1948,
  Title                    = {Russian Conjugation},
  Author                   = {Roman Jakobson},
  Journal                  = {Word},
  Year                     = {1948},
  Number                   = {3},
  Pages                    = {155--167},
  Volume                   = {4},
  Doi                      = {10.1080/00437956.1948.11659338}
}

@misc{Kayne1967,
  author    = {Kayne, Richard S.},
  year      = {1967}, 
  title     = {Against a cyclic analysis of {Russian} segmental phonology},
  howpublished   = {Ms. MIT}
}

@InCollection{KiparskyHalle1977,
  author           = {Paul Kiparsky and Morris Halle},
  year             = {1977},
  title            = {Towards a reconstruction of the {Indo-European} accent},
  booktitle        = {Studies in Stress and Accent},
  editor = {Hyman, Larry M.},
  series           = {Southern California Occasional Papers in Linguistics 4},
  publisher        = {Department of Linguistics, University of Southern California},
  address = {Los Angeles},
  pages = {209--238}
}

@Article{Kortlandt1994,
  Author                   = {Kortlandt, Frederik},
  Year                     = {1994},
  Title                    = {From {Proto}-{Indo}-{European} to {Slavic}},
  Journal                  = {Journal of Indo-European Studies},
  Volume                   = {22},
  Pages                    = {91--112}
}

@PhdThesis{Lightner1965,
  author           = {Theodore M. Lightner},
  year             = {1965},
  school           = {Massachusetts Institute of Technology},
  address          = {Cambridge, MA},
  title            = {Segmental phonology of {Contemporary} {Standard} {Russian}}
}

@InCollection{Lightner1967,
  author           = {Theodore M. Lightner},
  year             = {1967},
  title            = {On phonetic nasal $\sim$ \emph{a} alternations in modern {Russian} verb forms},
  booktitle        = {To Honor {Roman} {Jakobson}: {Essays} on the Occasion of his 70th Birthday, 11. {October} 1966},
  volume = {2},
  publisher        = {Mouton},
  address = {The Hague},
  pages = {1183--1187},
  doi = {10.1515/9783111349121-032}
}

@article{Lightner1969,
   author = {Lightner, Theodore M.},
   year = {1969},
   title = {On the alternation \textit{e}$\sim$\textit{o} in {Modern} {Russian}},
   journal = {Linguistics},
   volume = {7},
   number = {54},
   pages = {44--69},
   doi = {10.1515/ling.1969.7.54.44}
}

@Book{Lightner1972,
  author           = {Lightner, Theodore M.},
  year             = {1972},
  publisher        = {Linguistic Research, Inc},
  title            = {Problems in the Theory of Phonology, {Vol.} {I}: {Russian} Phonology and {Turkish} Phonology},
  year             = {1972},
  address          = {Edmonton},
}

@book{MarklundSharapova2000,
   author = {Marklund Sharapova, Elisabeth},
   title = {Implicit and explicit norm in contemporary {Russian} verbal stress},
   publisher = {Acta Universitatis Upsaliensis},
   address = {Uppsala},
   series = {Studia Slavica Upsaliensia},
   number = {40},
   year = {2000}
}

@InProceedings{Matushansky2023a,
  Title            = {Ablaut and transitive softening in the {Russian} verb},
  Author           = {Matushansky, Ora},
  Booktitle        = {Supplemental {Proceedings} of the {2022} {Annual} {Meeting} on {Phonology}},
  Year             = {2023},
  Address          = { },
  Publisher        = {Linguistic Society of America},
  Editor           = {Noah Elkins AND Bruce Hayes AND Jinyoung Jo AND Jian-Leat Siah},
  Pages            = {1--12},
  doi              = {10.3765/amp.v10i0.5446},
}

@misc{Matushansky2023b,
author = {Matushansky, Ora},
year = {2023},
title = {Russian verbal stress clash as a tonal conflict},
howpublished = {Ms. SFL (CNRS/Université Paris-8)},
url = {https://www.trees-and-lambdas.info/matushansky/Downloads/1sg%20pattern%20via%20tone%202.7.pdf}
}

@Article{Matushansky2024,
  Title            = {Two {BAP} violations in {Russian} verbal stress},
  Author           = {Matushansky, Ora},
  journal        = {Journal of Slavic Linguistics},
volume = {FASL issue},
year = {to appear},
}

@Book{Meillet1934,
  Author                   = {Meillet, Antoine},
  Year                     = {1934},
  Title                    = {Le slave commun},
  Publisher                = {Champion},
  Address                  = {Paris}
}

@phdthesis{Melvold1989,
   author = {Melvold, Janis L.},
   title = {Structure and stress in the phonology of {Russian}},
   year = {1989},
   address = {Cambridge, MA},
   school = {Massachusetts Institute of Technology}	
}

@incollection{Micklesen1973,
   author = {Micklesen, Lew R.},
   year = {1973}, 
   title = {The structure of the {Russian} verb stems},
   booktitle = {The {Slavic} Word},
   editor = {Worth, Dean S.},
   publisher = {Mouton},
   address = {The Hague},
   pages = {261--282}   
}

@phdthesis{Osadcha2019,
   author = {Osadcha, Iryna},
   year = {2019},
   title = {Lexical stress in {East} {Slavic}: {Variation} in space and time},
   school = {University of Toronto},
   address = {Toronto}   
}

@article{PadgettZygis2007,
	author = {Padgett, Jaye AND Marzena Żygis},
    sortname = {Padgett, Jaye and Marzena Zygis},
	year = {2007},
    title = {The evolution of sibilants in {Polish} and {Russian}},
    journal = {Journal of Slavic linguistics},
	number = {2},
	volume = {15},
	pages = {291--324},
    url = {https://www.jstor.org/stable/24599670}
}

@Article{Pertsova2016,
  Author        = {Pertsova, Katya},
  Year          = {2016},
  Title         = {Transderivational relations and paradigm gaps in {Russian} verbs},
  Journal       = {Glossa: a journal of general linguistics},
  Volume        = {1},
  Pages         = {13. 1--34},
  Doi           = {10.5334/gjgl.59}
}

@Article{Redkin1965,
  Author            = {Redʹkin, Valerij A.},
  Sortname          = {Red'kin, Valerij A.},
  Year              = {1965},
  Title             = {Ob akcentnyx sootno\v{s}enijax imeni i glagola v sovremennom russkom literaturnom jazyke \textnormal{[{About} accentual relationships of nomina and verbs in the {Modern} {Russian} language]}},
  Journal           = {Voprosy jazykoznanija},
  Volume            = {14},
  Number            = {3},
  Pages             = {111--117}
}

@book{Revithiadou1999,
   author = {Revithiadou, Anthi},
   title = {Headmost accent wins: {Head} dominance and ideal prosodic form in lexical accent systems},
   publisher = {Holland Academic Graphics},
   address = {The Hague},
   series = {LOT Dissertation Series},
   number = {015},
   year = {1999}
}

@Article{RubachBooij2001,
  Author            = {Rubach, Jerzy and Booij, Geert},
  Year              = {2001},
  Title             = {Allomorphy in Optimality Theory: {Polish} iotation},
  Journal           = {Language},
  Volume            = {77},
  Number            = {1},
  Pages             = {26--60},
  URL               = {https://www.jstor.org/stable/3087027}
}

@phdthesis{Sims2006,
   author = {Sims, Andrea D.},
   title = {Inflectional Defectiveness in a Paradigmatic Theory},
   year = {2006},
   address = {Columbus, OH},
   school = {The Ohio State University}	
}

@misc{Slioussar2012,
    author      = {Slioussar, Natalia},
    year        = {2012},
    title       = {Nekotorye svedenija o formoobrazovatel'nyx klassax russkix glagolov \textnormal{[Some data on the inflectional classes of {Russian} verbs]}},
    howpublished = {Ms. Utrecht Institute of Linguistics OTS/СПбГУ},
    url = {http://www.slioussar.ru/resources/VerbDatabase/SlioussarVerbs.pdf}
}

@Book{SussexCumberley2006,
  Author        = {Sussex, Roland and Paul Cumberley},
  Year          = {2006},
  Title         = {The {Slavic} Languages},
  Publisher                = {Cambridge University Press},
  Address                  = {Cambridge}
}

@Book{TownsendJanda1996,
  Author        = {Townsend, Charles E. and Janda, Laura},
  Year          = {1996},
  Title         = {Common and comparative {Slavic}: {Phonology} and inflection},
  Publisher                = {Slavica},
  Address                  = {Columbus, OH}
}

@book{Zaliznjak1977,
   author = {Zaliznjak, Andrej A.},
   year = {1977},
   title = {Grammati\v{c}eskij slovar' russkogo jazyka \textnormal{[Grammatical dictionary of {Russian} language]}},
   publisher = {Izdatelʹstvo Russkij Jazyk},
   address = {Moskva}
}

@book{Zaliznjak1985,
   author = {Zaliznjak, Andrej A.},
   year = {1985},
   title = {Ot praslavjanskoj akcentuacii k russkoj \textnormal{[{From} {Proto}-{Slavic} accentuation to the {Russian} one]}},
   publisher = {Nauka},
   address = {Moskva}
}

@incollection{Zaliznjak2019,
   author = {Zaliznjak, Andrej A.},
   year = {2019}, 
   title = {K istorii odnogo nefoneti\v{c}eskogo izmenenija \textnormal{[On the history of
one non-phonetic change]}.},
   booktitle = {Slavjanskoe i balkanskoe jazykoznanie: {Rusistika}. {Slavistika}. {Komparativistika}. {Sbornik} k 64-letiju {S. L. Nikolaeva} \textnormal{[Slavic
and Balkan Linguistics: {Rusistics}, slavistics, comparative studies. {Festschrift} for the
64th birthday of {S.L. Nikolaev}]}},
   editor = {Anatolij F. \v{Z}uravlev},
   publisher = {Institute of Slavic Studies},
   address = {Moskva},
   pages = {164--204}   
}