@book{langsci-current-book, author = {Annika Vieregge}, title = {{Bewertung, Variation und Wandel der Präpositionalkasus im Deutschen}}, subtitle = {{Der Einfluss metapragmatischer Urteile auf die Rektion von Präpositionen}},year = {2024}, series = {Open Germanic Linguistics}, number = {??}, location = {Berlin}, publisher = {Language Science Press}, options = {dataonly=true} } 
