% Encoding: UTF-8

@unpublished{Silverstein.2018,
	author = {Silverstein, Michael},
	title = {The dialectics of indexical semiosis: {{S}}caling up and out from the `actual' to the `virtual': {{V}}ortrag bei der Summer School „Metapragmatics, Language Ideologies, and Positioning Practices“ in Wien},
	year = {2018, Manuskript},
}

@phdthesis{Vieregge.2015,
	author = {Vieregge, Annika},
	school = {{Universität Hamburg}},
	title = {Sekundärpräpositionen als Zweifelsfall},
	type = {Masterarbeit},
	year = {2015, unveröffentlicht}
}

@phdthesis{CampbellKibler.2005,
	author = {Campbell-Kibler, Kathryn},
	school = {{Stanford University}},
	title = {Listener perceptions of sociolinguistic variables: {{T}}he case of ({ING})},
	type = {Dissertation},
	year = {2006}
}

@misc{Wickham.2019b,
	author = {Wickham, Hadley},
	title = {tidyverse: {{{E}}}asily Install and Load the `Tidyverse'. {{V}}ersion 1.3.0},
	url = {http://tidyverse.tidyverse.org},
	year = {2019}
}

@misc{Wickham.2019,
	author = {Wickham, Hadley},
	title = {stringr: {{S}}imple, Consistent Wrappers for Common String Operations. {{V}}ersion 1.4.0},
	url = {http://stringr.tidyverse.org},
	year = {2019}
}

@misc{Wickham.2018b,
	author = {Wickham, Hadley and Hester, Jim and François, Romain},
	title = {readr: {{R}}ead Rectangular Text Data. {{V}}ersion 1.3.1},
	url = {http://readr.tidyverse.org},
	year = {2018}
}

@misc{Wickham.2018,
	author = {Wickham, Hadley},
	title = {reshape: {{F}}lexibly Reshape Data. {{V}}ersion 0.8.8},
	url = {http://had.co.nz/reshape},
	year = {2018}
}

@misc{Revelle2016,
	author = {Revelle, William},
	title = {psych: {{P}}rocedures for Psychological, Psychometric, and Personality Research. {{V}}ersion 2.0.7},
	url = {https://personality-project.org/r/psych},
	urldate = {2020-09-06},
	year = {2020}
}

@misc{RStudio.2019,
	address = {Boston},
	author = {{RStudio Team}},
	title = {{RS}tudio: {{I}}ntegrated Development for R: {{V}}ersion 1.2.5033},
	url = {https://rstudio.com/},
	urldate = {2020-09-15},
	year = {2019}
}

@misc{RCoreTeam2019,
	address = {Wien},
	author = {{R Core Team}},
	publisher = {{R Foundation for Statistical Computing}},
	title = {R: {{A}} Language and Environment for Statistical Computing: {{V}}ersion 3.6.1},
	url = {https://www.R-project.org},
	urldate = {2020-09-06},
	year = {2019}
}

@misc{MAXQDA.19892018,
	address = {Berlin},
	author = {MAXQDA},
	publisher = {{VERBI Software. Consult. Sozialforschung GmbH}},
	title = {Software für qualitative Datenanalyse: {{V}}ersion 20.1.1},
	url = {https://www.maxqda.de},
	urldate = {2020-09-15},
	year = {2020}
}

@misc{Leiner2014,
	author = {Leiner, Dominik Johannes},
	title = {{SoS}ci Survey: {{V}}ersion 2.6.00-i},
	url = {https://www.soscisurvey.de},
	urldate = {2020-09-05},
	year = {2020}
}

@misc{Johnson.2019,
	author = {Johnson, Paul E. and Grothendieck, Gabor},
	title = {rockchalk: {{R}}egression Estimation and Presentation. {{V}}ersion 1.8.144},
	year = {2019},
}

@misc{InstitutfurDeutscheSprache2012,
	author = {{Institut für Deutsche Sprache}},
	title = {korpusbasierte Wortgrundformenliste {DeR}eWo},
	url = {http://www1.ids-mannheim.de/kl/projekte/methoden/derewo.html},
	urldate = {2019-04-04},
	year = {2012}
}

@misc{Hothorn.2010,
	author = {Hothorn, Torsten and Hornik, Kurt and Strobl, Carolin and Zeileis, Achim},
	title = {party: {{A}} laboratory for recursive partytioning. {{V}}ersion 1.3-4},
	year = {2010},
}

@misc{Harrell.2020,
	author = {Harrell, Frank},
	title = {Hmisc: {{H}}arrell Miscellaneous. {{V}}ersion 4.4-0},
	url = {http://biostat.mc.vanderbilt.edu/wiki/Main/Hmisc},
	year = {2020}
}

@misc{DWDS,
	author = {DWDS},
	title = {Digitales Wörterbuch der deutschen {{Sprache}}. {{D}}as Wortauskunftssystem zur deutschen {{Sprache}} in {Geschichte} und {Gegenwart}: {{H}}rsg. {{V}}. {{D}}. {{B}}erlin-Brandenburgischen Akademie der Wissenschaften.},
	url = {https://www.dwds.de/},
	urldate = {2020-09-04},
	year = {2020}
}

@misc{Clarke.2017,
	author = {Clarke, Erik and Sherrill-Mix, Scott},
	title = {ggbeeswarm: {{C}}ategorical Scatter (Violin Point) Plots. {{V}}ersion 0.6.0},
	url = {https://github.com/eclarke/ggbeeswarm},
	year = {2017}
}

@misc{BMAS.2017,
	author = {{Bundesministerium für Arbeit und Soziales}},
	edition = {2},
	title = {Leichte {Sprache} -- Ein Ratgeber},
	url = {http://www.bmas.de/SharedDocs/Downloads/DE/PDF-Publikationen/a752-ratgeber-leichte-sprache.pdf},
	urldate = {2020-09-05},
	year = {2017}
}

@incollection{Zimmer.2018,
	address = {Amsterdam and Philadelphia},
	author = {Zimmer, Christian and Simon, Horst J. and Ackermann, Tanja},
	booktitle = {{Germanic} Genitives},
	editor = {Ackermann, Tanja and Simon, Horst J. and Zimmer, Christian},
	pages = {3--12},
	publisher = {{John Benjamins}},
	series = {Studies in Language Companion},
	title = {Genitives in {Germanic}},
	year = {2018}
}

@incollection{Wortham.2008,
	address = {Malden},
	author = {Wortham, Stanton},
	booktitle = {The handbook of educational linguistics},
	editor = {Spolsky, Bernard and Hult, Francis M.},
	pages = {83--97},
	publisher = {Blackwell},
	series = {Blackwell Handbook in Linguistics},
	title = {Linguistic anthropology},
	year = {2009}
}

@incollection{Woolard1998,
	address = {New York},
	author = {Woolard, Kathryn A.},
	booktitle = {Language ideologies},
	editor = {Schieffelin, Bambi B. and Woolard, Kathryn Ann and Kroskrity, Paul V.},
	pages = {3--47},
	publisher = {{Oxford University Press}},
	series = {Oxford studies in anthropological linguistics},
	title = {Language ideology as a field of Inquiry: {{I}}ntroduction},
	year = {1998}
}

@incollection{Vieregge.2019b,
	address = {Hildesheim},
	author = {Vieregge, Annika},
	booktitle = {Zweifelsfälle: {{D}}efinition, {Erforschung}, Implementierung},
	editor = {Schmitt, Eleonore and Szczepaniak, Renata and Vieregge, Annika},
	pages = {70--96},
	publisher = {Olms},
	series = {Germanistische Linguistik},
	title = {Speakers' doubts about prepositional case government in {German}},
	year = {2019}
}

@incollection{Vieregge.2019,
	address = {Berlin and New York},
	author = {Vieregge, Annika},
	booktitle = {{Historische} Korpuslinguistik},
	doi = {10.1515/jbgsg-2019-0012},
	editor = {Dücker, Lisa and Hartmann, Stefan and Szczepaniak, Renata},
	pages = {198--218},
	publisher = {de Gruyter},
	series = {Jahrbuch für Germanistische Sprachgeschichte},
	title = {Die historische {Entwicklung} der Kasusrektion von Sekundärpräpositionen},
	volume = {10},
	year = {2019}
}

@incollection{Vater.2009,
	address = {Frankfurt a. M.},
	author = {Vater, Heinz},
	booktitle = {An der {Grenze} zwischen {Grammatik} und {Pragmatik}},
	editor = {Brdar-Szabó, Rita and Knipf-Komlósi, Elisabeth and Péteri, Attila},
	pages = {53--66},
	publisher = {Lang},
	title = {{Kasus}-Schwankungen im gegenwärtigen {Deutschen}},
	year = {2009}
}

@incollection{Vandermeeren2005,
	address = {Berlin},
	author = {Vandermeeren, Sonja},
	booktitle = {Sociolinguistics: {{A}}n international handbook of the science of language and society},
	editor = {Ammon, Ulrich},
	pages = {1318--1331},
	publisher = {de Gruyter},
	series = {Handbücher zur Sprach- und Kommunikationswissenschaft},
	title = {Spracheinstellungsforschung},
	year = {2005}
}

@incollection{Vandermeeren1996,
	address = {Berlin and New York},
	author = {Vandermeeren, Sonja},
	booktitle = {Contrastive Sociolinguistics},
	editor = {Hellinger, Marlis and Ammon, Ulrich},
	pages = {157--172},
	publisher = {{Mouton de Gruyter}},
	series = {Contributions to the sociology of language},
	title = {Language attitudes on either side of the linguistic frontier: {{A}} sociolinguistic survey in the Voeren/Fouron-area and in Old {Belgium} {North}},
	volume = {71},
	year = {1996}
}

@incollection{Traugott.1991,
	address = {Amsterdam},
	author = {Traugott, Elizabeth and König, Ekkehard},
	booktitle = {Approaches to Grammaticalization},
	editor = {Traugott, Elizabeth and Heine, Bernd},
	pages = {189--218},
	publisher = {{John Benjamins}},
	series = {Typological Studies in Language},
	sortname = {Traugott, Elizabeth and K{o}nig, Ekkehard},
	title = {The semantics and pragmatics of grammaticalization revisited},
	year = {1991}
}

@incollection{Tophinke.2006,
	address = {Duisburg},
	author = {Tophinke, Doris and Ziegler, Evelyn},
	booktitle = {{Dialekt} im {Wandel}},
	editor = {Voeste, Anja and Gessinger, Joachim},
	pages = {205--224},
	publisher = {{Red. OBST}},
	series = {Osnabrücker Beiträge zur Sprachtheorie},
	title = {`Aber bitte im {Kontext}'! {{N}}eue Perspektiven der dialektologischen Einstellungsforschung},
	year = {2006}
}

@incollection{Topalovic2008,
	address = {Münster},
	author = {Topalovic, Elvira and Elspaß, Stephan},
	booktitle = {Frischwärts und unkaputtbar},
	editor = {Denkler, Markus},
	pages = {37--57},
	publisher = {Aschendorff},
	sortname = {Topalovic, Elvira and Elspaß, Stephan},
	title = {Die deutsche {Sprache} -- ein Irrgarten?~Ein linguistischer Wegweiser durch die Zwiebelfisch-Kolumnen},
	year = {2008}
}

@incollection{Szczepaniak2014,
	address = {Berlin and New York},
	author = {Szczepaniak, Renata},
	booktitle = {Sprachverfall? {{D}}ynamik, {Wandel}, Variation},
	editor = {Plewnia, Albrecht and Witt, Andreas},
	pages = {33--49},
	publisher = {de Gruyter},
	series = {Jahrbuch des Instituts für Deutsche Sprache},
	title = {{Sprachwandel} und sprachliche Unsicherheit. {{D}}er formale und funktionale {Wandel} des Genitivs seit dem Frühneuhochdeutschen},
	year = {2014}
}

@incollection{Studler.2014,
	address = {Tübingen},
	author = {Studler, Rebekka},
	booktitle = {Sprechen über {Sprache}},
	editor = {Cuonz, Christina and Studler, Rebekka},
	pages = {169--204},
	publisher = {Stauffenburg},
	series = {Stauffenburg Linguistik},
	title = {„Einige Antworten habe ich contre coeur so angekreuzt“. {{Z}}ur Relevanz offener {Fragen} in Fragebogenstudien zu Spracheinstellungen},
	year = {2014}
}

@incollection{Strasser2005,
	address = {Berlin},
	author = {Strasser, Hermann and Brömme, Norbert},
	booktitle = {Sociolinguistics: {{A}}n international handbook of the science of language and society},
	editor = {Ammon, Ulrich},
	pages = {412--417},
	publisher = {de Gruyter},
	series = {Handbücher zur Sprach- und Kommunikationswissenschaft},
	sortname = {Strasser, Hermann and Br{o}mme, Norbert},
	title = {Prestige und Stigma},
	year = {2005}
}

@incollection{Spitzmuller2014,
	address = {Berlin},
	author = {Spitzmüller, Jürgen},
	booktitle = {{Handbuch} {Sprache} und Wissen},
	editor = {Felder, Ekkehard},
	pages = {314--331},
	publisher = {de Gruyter},
	series = {Handbücher Sprachwissen},
	sortname = {Spitzm{u}ller, J{u}rgen},
	title = {{Sprache} im Urteil der Öffentlichkeit},
	year = {2014}
}

@incollection{Soukup.2014,
	address = {Tübingen},
	author = {Soukup, Barbara},
	booktitle = {Sprechen über {Sprache}},
	editor = {Cuonz, Christina and Studler, Rebekka},
	pages = {143--168},
	publisher = {Stauffenburg},
	series = {Stauffenburg Linguistik},
	title = {Konstruktivismus trifft auf Methodik in der Spracheinstellungsforschung: {{T}}heorie, {Daten}, Fazit},
	year = {2014}
}

@incollection{Silverstein1998,
	address = {New York},
	author = {Silverstein, Michael},
	booktitle = {Language ideologies},
	editor = {Schieffelin, Bambi B. and Woolard, Kathryn Ann and Kroskrity, Paul V.},
	pages = {123--148},
	publisher = {{Oxford University Press}},
	series = {Oxford studies in anthropological linguistics},
	title = {The uses an utility of ideology: {A} commentary},
	year = {1998}
}

@incollection{Silverstein1993,
	address = {Cambridge and New York},
	author = {Silverstein, Michael},
	booktitle = {Reflexive language},
	editor = {Lucy, John Arthur},
	pages = {33--58},
	publisher = {{Cambridge University Press}},
	title = {Metapragmatic discourse and metapragmatic function},
	year = {1993}
}

@incollection{Silverstein1979,
	address = {Chicago},
	author = {Silverstein, Michael},
	booktitle = {The Elements: {A} Parasession on Linguistic Units and Levels},
	editor = {Clyne, Paul R. and Hanks, William F. and Hofbauer, Carol L.},
	pages = {193--247},
	publisher = {{Chicago Linguistic Society}},
	title = {Language Structure and Linguistic Ideology},
	year = {1979}
}

@incollection{Silverstein.2016,
	address = {Cambridge},
	author = {Silverstein, Michael},
	booktitle = {Sociolinguistics},
	editor = {Coupland, Nikolas},
	pages = {37--67},
	publisher = {{Cambridge University Press}},
	title = {The ``push'' of Lautgesetze, the ``pull'' of enregisterment},
	year = {2016}
}

@incollection{Silverstein.2014,
	address = {Cambridge},
	author = {Silverstein, Michael},
	booktitle = {The {Cambridge} handbook of linguistic anthropology},
	doi = {10.1017/CBO9781139342872.007},
	editor = {Enfield, N. J. and Kockelman, Paul and Sidnell, Jack},
	pages = {128--157},
	publisher = {{Cambridge University Press}},
	series = {Cambridge handbooks in language and linguistics},
	title = {Denotation and the pragmatics of language},
	year = {2014}
}

@incollection{Silverstein.1985,
	address = {Orlando},
	author = {Silverstein, Michael},
	booktitle = {Semiotic mediation},
	editor = {Mertz, Elizabeth and Parmentier, Richard J.},
	pages = {219--259},
	publisher = {{Academic Press}},
	series = {Language, thought, and culture},
	title = {Language and the Culture of Gender: {A}t the Intersection of Strudture, Usage, and Ideology},
	year = {1985}
}

@incollection{Silverstein.1976,
	address = {Albuquerque},
	author = {Silverstein, Michael},
	booktitle = {Meaning in anthropology},
	editor = {Basso, Keith H.},
	pages = {11--55},
	publisher = {{University of New Mexico Press}},
	series = {School of American Research},
	title = {Shifters, Linguistic Categories, and Cultural Description},
	year = {1976}
}

@incollection{Riehl.2000,
	address = {Frankfurt a. M.},
	author = {Riehl, Claudia Maria},
	booktitle = {Einstellungsforschung in der {Soziolinguistik} und Nachbardisziplinen},
	editor = {Deminger, Szilvia and Fögen, Thorsten and Scharloth, Joachim and Zwickl, Simone},
	pages = {141--160},
	publisher = {Lang},
	series = {VarioLingua},
	title = {Spracheinstellungen und Stereotype im Lichte diskursiver Praxis},
	year = {2000}
}

@incollection{Preston2010b,
	address = {Berlin and New York},
	author = {Preston, Dennis R.},
	booktitle = {Perceptual dialectology},
	editor = {Anders, Christina Ada and Hundt, Markus and Lasch, Alexander},
	pages = {1--29},
	publisher = {de Gruyter},
	series = {Linguistik, Impulse \& Tendenzen},
	title = {Perceptual Dialectology in the 21st Century},
	year = {2010}
}

@incollection{Preston2005,
	address = {Berlin},
	author = {Preston, Dennis R.},
	booktitle = {Sociolinguistics: {{A}}n international handbook of the science of language and society},
	editor = {Ammon, Ulrich},
	pages = {1683--1696},
	publisher = {de Gruyter},
	series = {Handbücher zur Sprach- und Kommunikationswissenschaft},
	title = {Perceptual Dialectology},
	year = {2005}
}

@incollection{Preston2004,
	address = {Malden},
	author = {Preston, Dennis R.},
	booktitle = {The handbook of language variation and change},
	editor = {Chambers, Jack K. and Trudgill, Peter and Schilling-Estes, Natalie},
	pages = {37--57},
	publisher = {Blackwell},
	series = {Blackwell handbooks in linguistics},
	title = {Language with an attitude},
	year = {2004}
}

@incollection{Preston.2005,
	address = {Cambridge},
	author = {Preston, Dennis R.},
	booktitle = {Style and sociolinguistic variation},
	editor = {Eckert, Penelope and Rickford, John R.},
	pages = {279--307},
	publisher = {{Cambridge University Press}},
	title = {Style and the psycholinguistics of sociolinguistics: {T}he logical problem of language variation},
	year = {2005}
}

@incollection{Preston.1999b,
	address = {Amsterdam and Philadelphia},
	author = {Preston, Dennis R.},
	booktitle = {Handbook of perceptual dialectology},
	editor = {Preston, Dennis R.},
	pages = {xxiii--xl},
	publisher = {{John Benjamins}},
	title = {Introduction},
	year = {1999}
}

@incollection{Presch1980,
	address = {Tübingen},
	author = {Presch, Gunter},
	booktitle = {Fehlerlinguistik},
	editor = {Cherubim, Dieter},
	pages = {224--252},
	publisher = {Niemeyer},
	series = {Reihe Germanistische Linguistik},
	title = {Über schwierigkeiten zu bestimmen, was als fehler gelten soll},
	year = {1980}
}

@incollection{Potschke2009,
	address = {Wiesbaden},
	author = {Pötschke, Manuela},
	booktitle = {Sozialforschung im Internet},
	editor = {Jackob, Nikolaus and Schoen, Harald and Zerback, Thomas},
	pages = {75--89},
	publisher = {{VS Verl. für Sozialwissenschaften}},
	sortname = {P{o}tschke, Manuela},
	title = {Potentiale von Online-Befragungen: {{{E}}}rfahrungen aus der Hochschulforschung},
	year = {2009}
}

@incollection{PorstSept.1996,
	address = {New York},
	author = {Porst, Rolf},
	booktitle = {Kontaktlinguistik/Contact Linguistics/Linguistique de Contact},
	editor = {Goebl, Hans and Nelde, Peter H. and Stary, Zdenek and Woelck, Wolfgang},
	pages = {737--744},
	publisher = {de Gruyter},
	series = {Handbooks of Linguistics and Communication Science},
	title = {Fragebogenerstellung},
	year = {1996}
}

@incollection{Plewnia.2011,
	address = {Wien},
	author = {Plewnia, Albrecht and Rothe, Astrid},
	booktitle = {{Struktur}, Gebrauch und Wahrnehmung von {Dialekt}},
	editor = {{Christen, Helen/Patocka, Franz/ Ziegler, Evelyn}},
	pages = {179--207},
	publisher = {Praesens-Verlag},
	title = {Von gebildeten {Deutschen}, freundlichen Sachsen und temperamentvollen {Bayern}},
	year = {2011}
}

@incollection{Ossner2007,
	address = {Baltmannsweiler},
	author = {Ossner, Jakob},
	booktitle = {Kompetenzhandbuch für den Deutschunterricht},
	editor = {Willenberg, Heiner},
	pages = {134--147},
	publisher = {{Schneider Hohengehren}},
	title = {Sprachbewusstheit: {A}nregung des inneren Monitors},
	year = {2007}
}

@incollection{Ochs1996,
	address = {Cambridge and New York and Melbourne and Madrid and Cape Town and Singapore and São Paulo},
	author = {Ochs, Elinor},
	booktitle = {Rethinking linguistic relativity},
	editor = {Gumperz, John J.},
	pages = {407--437},
	publisher = {{Cambridge University Press}},
	series = {Studies in the social and cultural foundations of language},
	title = {Linguistic Resources for Socializing Humanity},
	year = {1996}
}

@incollection{Nubling2005,
	address = {Berlin and New York},
	author = {Nübling, Damaris},
	booktitle = {{Grammatikalisierung} im {Deutschen}},
	editor = {Leuschner, Torsten and Mortelmans, Tanja and de Groodt, Sarah},
	pages = {105--131},
	publisher = {de Gruyter},
	sortname = {N{u}bling, Damaris},
	title = {Von \textit{in die} über \textit{in'n} und \textit{ins} bis \textit{im}: {{D}}ie Klitisierung von Präposition und Artikel als „Grammatikalisierungsbaustelle“},
	url = {https://www.germanistik.uni-mainz.de/abteilungen/historische-sprachwissenschaft-des-deutschen/univ-prof-dr-damaris-nuebling/publikationen/},
	urldate = {2016-04-25},
	year = {2005}
}

@incollection{Neuland.1993,
	address = {Frankfurt a. M.},
	author = {Neuland, Eva},
	booktitle = {Vielfalt des {Deutschen}},
	editor = {Mattheier, Klaus J. and Wegera, Klaus-Peter and Hoffmann, Walter and Solms, Hans-Joachim},
	pages = {723--747},
	publisher = {Lang},
	title = {Sprachgefühl, Spracheinstellungen, Sprachbewußtsein. {{Z}}ur Relevanz „subjektiver Faktoren“ für {Sprachvariation} und {Sprachwandel}},
	year = {1993}
}

@incollection{Moschonas2014,
	address = {Berlin},
	author = {Moschonas, Spiros A.},
	booktitle = {Mediatization and sociolinguistic change},
	editor = {Androutsopoulos, Jannis K.},
	pages = {395--426},
	publisher = {de Gruyter},
	series = {Linguae \& litterae},
	title = {The Media on media-induced language change},
	year = {2014}
}

@incollection{Milroy2004,
	address = {Oxford and New York},
	author = {Milroy, Lesley},
	booktitle = {Sociolinguistic variation},
	editor = {Fought, Carmen and Macaulay, Ronald K. S.},
	pages = {161--177},
	publisher = {{Oxford University Press}},
	series = {Oxford studies in sociolinguistics},
	title = {Language ideologies and linguistic change},
	url = {https://books.google.de/books?hl=de&lr=&id=-JBG4Oz_CjIC&oi=fnd&pg=PA161&dq=Milroy+Lesley+language+ideologies+and+linguistic+change&ots=89r68QJrVF&sig=1OSMlEkISdzhMwBeSySqxxuj2mA#v=onepage&q=Milroy%20Lesley%20language%20ideologies%20and%20linguistic%20change&f=false},
	year = {2004}
}

@incollection{Milroy.2007,
	address = {London and New York},
	author = {Milroy, James},
	booktitle = {The routledge companion to Sociolinguistics},
	editor = {Llamas, Carmen and Mullany, Louise and Stockwell, Peter},
	pages = {133--139},
	publisher = {Routledge},
	title = {The ideology of the standard language},
	year = {2007}
}

@incollection{Mihm.1985,
	address = {Stuttgart},
	author = {Mihm, Arend},
	booktitle = {{Sprache} an Rhein und Ruhr},
	editor = {Mihm, Arend},
	pages = {163--193},
	publisher = {Steiner},
	series = {Beiheft Zeitschrift für Dialektologie und Linguistik},
	title = {Prestige und Stigma des Substandards. {{Z}}ur {Bewertung} des Ruhrdeutschen im Ruhrgebiet},
	year = {1985}
}

@incollection{Meibauer1995,
	address = {Tübingen},
	author = {Meibauer, Jörg},
	booktitle = {Implikaturen},
	editor = {Liedtke, Frank},
	pages = {47--74},
	publisher = {Niemeyer},
	series = {Linguistische Arbeiten},
	sortname = {Meibauer, J{o}rg},
	title = {Komplexe Präpositionen - {Grammatikalisierung}, Metapher, Implikatur},
	year = {1995}
}

@incollection{Mattheier2000,
	address = {Berlin and New York},
	author = {Mattheier, Klaus J.},
	booktitle = {{Sprachgeschichte}. {{{E}}}in {Handbuch} zur Ge­schichte der deutschen {Sprache} und ihrer {E}rforschung},
	editor = {Besch, Werner and Betten, Anne and Reichmann, Oskar and Sonderegger, Stefan},
	pages = {1951--1966},
	publisher = {de Gruyter},
	series = {Handbücher zur Sprach- und Kommunikationswissenschaft},
	title = {Die Durchsetzung der deutschen {Hochsprache} im 19. {{{U}}}nd beginnenden 20. {{J}}ahrhundert: sprachgeographisch, sprachsoziologisch},
	year = {2000}
}

@incollection{Maitz.2015,
	address = {Bremen},
	author = {Maitz, Péter},
	booktitle = {{Sprachwissenschaft} und Sprachkritik},
	editor = {Niehr, Thomas},
	pages = {9--26},
	publisher = {Hempen},
	series = {Greifswalder Beiträge zur Linguistik},
	sortname = {Maitz, P{e}ter},
	title = {Kann -- soll -- darf die {Linguistik} der Öffentlichkeit geben, was die Öffentlichkeit will?},
	year = {2015}
}

@incollection{Liebscher.2014,
	address = {Tübingen},
	author = {Liebscher, Grit and Dailey-O'Cain, Jennifer},
	booktitle = {Sprechen über {Sprache}},
	editor = {{Cuonz, Christina/ Studler, Rebekka}},
	pages = {107--122},
	publisher = {Stauffenburg},
	series = {Stauffenburg Linguistik},
	sortname = {Liebscher, Grit and Dailey-O'Cain, Jennifer},
	title = {Die {Rolle} von Wissen und Positionierung bei Spracheinstellungen im diskursiven {Kontext}},
	year = {2014}
}

@incollection{Lenz2010,
	address = {Berlin and New York},
	author = {Lenz, Alexandra},
	booktitle = {Perceptual dialectology},
	editor = {Anders, Christina Ada and Hundt, Markus and Lasch, Alexander},
	pages = {89--110},
	publisher = {de Gruyter},
	series = {Linguistik, Impulse \& Tendenzen},
	title = {Zum {Salienzbegriff} und zum {Nachweis} salienter {Merkmale}},
	year = {2010}
}

@incollection{Lehmann.1991,
	address = {Amsterdam},
	author = {Lehmann, Christian},
	booktitle = {Approaches to Grammaticalization},
	editor = {Traugott, Elizabeth and Heine, Bernd},
	pages = {493--535},
	publisher = {{John Benjamins}},
	series = {Typological Studies in Language},
	title = {Grammaticalizaition and related changes in contemporary {German}},
	volume = {2},
	year = {1991}
}

@incollection{Lasagabaster.2005,
	address = {Berlin},
	author = {Lasagabaster, David},
	booktitle = {Sociolinguistics: {{A}}n international handbook of the science of language and society},
	editor = {Ammon, Ulrich},
	pages = {399--404},
	publisher = {de Gruyter},
	series = {Handbücher zur Sprach- und Kommunikationswissenschaft},
	title = {Einstellung},
	volume = {1},
	year = {2005}
}

@incollection{Labov1973,
	address = {The Hague and Paris},
	author = {Labov, William},
	booktitle = {Diachronic, areal, and typological linguistics},
	editor = {Sebeok, Thomas Albert},
	pages = {195--252},
	publisher = {{Mouton de Gruyter}},
	series = {Current trends in linguistics},
	title = {The Social Setting of Linguistic Change},
	year = {1973}
}

@incollection{Kroskrity.2010,
	address = {Amsterdam},
	author = {Kroskrity, Paul V.},
	booktitle = {Society and Language Use},
	editor = {Jaspers, Jürgen and Verschueren, Jef and Östman, Jan-Ola},
	pages = {192--205},
	publisher = {{John Benjamins}},
	series = {Handbook of Pragmatics},
	title = {Language ideologies--Evolving perspectives},
	volume = {7},
	year = {2010}
}

@incollection{Kroskrity.2004,
	address = {Malden},
	author = {Kroskrity, Paul V.},
	booktitle = {A companion to linguistic anthropology},
	editor = {Duranti, Alessandro},
	pages = {496},
	publisher = {Blackwell},
	series = {Blackwell companions to anthropology},
	title = {Language Ideologies},
	year = {2004}
}

@incollection{Krause2012b,
	address = {Łódź},
	author = {Krause, Maxi},
	booktitle = {{{Felder}} der {Sprache} - {{Felder}} der {Forschung}},
	editor = {Kaczmarek, Dorota},
	pages = {9--23},
	publisher = {{Wydawnictwo Primum Verbum}},
	title = {Zum Kasusgebrauch bei \textit{entgegen, entlang, gegenüber} und \textit{nahe} (1946-2009)},
	year = {2012}
}

@incollection{Krause2012a,
	address = {Berlin},
	author = {Krause, Maxi},
	booktitle = {Syntaktischer {Wandel} in {Gegenwart} und {Geschichte}},
	editor = {Lefèvre, Michel},
	pages = {339--362},
	publisher = {Weidler},
	series = {Berliner sprachwissenschaftliche Studien},
	title = {{Haben} populäre sprachkritische {Schriften} Wirkung? {{Z}}um Gebrauch von \textit{entlang} zur {Jahrtausendwende}},
	year = {2012}
}

@incollection{Konig2015,
	address = {Stuttgart},
	author = {König, Katharina},
	booktitle = {Perspektiven linguistischer Sprachkritik.},
	editor = {Bücker, Jörg and Diedrichsen, Elke and Spieß, Constanze},
	pages = {199--230},
	publisher = {Ibidem},
	sortname = {K{o}nig, Katharina},
	title = {Sprachkritik in der {Interaktion} -- Zur kollaborativen Hervorbringung sprachkritischer Äußerungen über Praktiken migrationsbedingter Mehrsprachigkeit},
	year = {2015}
}

@incollection{Konig.2012,
	address = {Oxford},
	author = {König, Christa},
	booktitle = {The {Oxford} Handbook of Grammaticalization},
	doi = {10.1093/oxfordhb/9780199586783.013.0041},
	editor = {Heine, Bernd and Narrog, Heiko},
	publisher = {{Oxford University Press}},
	series = {Oxford handbooks in linguistics},
	sortname = {Konig, Christa},
	title = {The grammaticalization of adpositions and case marking},
	year = {2011}
}

@incollection{Ko.1983,
	address = {Berlin},
	author = {Koß, Gerhard},
	booktitle = {{Dialektologie}},
	editor = {Besch, Werner and Knoop, Ulrich and Putschke, Wolfgang and Wiegand, Herbert Ernst},
	pages = {1242--1250},
	publisher = {de Gruyter},
	series = {Handbücher zur Sprach- und Kommunikationswissenschaft},
	sortname = {Koß, Gerhard},
	title = {Realisierung von Kasusrelationen in den deutschen {Dialekten}},
	volume = {2},
	year = {1983}
}

@incollection{Klein2014,
	address = {Berlin and New York},
	author = {Klein, Wolf Peter},
	booktitle = {Sprachverfall? {{D}}ynamik, {Wandel}, Variation},
	editor = {Plewnia, Albrecht and Witt, Andreas},
	pages = {219--242},
	publisher = {de Gruyter},
	series = {Jahrbuch des Instituts für Deutsche Sprache},
	title = {Gibt es einen Kodex für die {Grammatik} des {Neuhochdeutschen} und, wenn ja, wie viele?},
	year = {2014}
}

@incollection{Keim.1995,
	address = {Tübingen},
	author = {Keim, Inken},
	booktitle = {Verbale Kommunikation in der {Stadt}},
	editor = {Werlen, Iwar},
	pages = {159-174},
	publisher = {Narr Francke Attempto},
	series = {Tübinger Beiträge zur Linguistik},
	title = {Sprachvariation und soziale Kategorisierung},
	year = {1995}
}

@incollection{Jaworski.2004,
	address = {Berlin},
	author = {Jaworski, Adam and Coupland, Nikolas and Galasiński, Dariusz},
	booktitle = {Metalanguage},
	editor = {Coupland, Nikolas and Galasiński, Dariusz and Jaworski, Adam},
	pages = {3--8},
	publisher = {de Gruyter},
	series = {Language, Power and Social Process},
	sortname = {Jaworski, Adam and Coupland, Nikolas and Galasi{n}ski, Dariusz},
	title = {Metalanguage: {{W}}hy now?},
	year = {2004}
}

@incollection{Jakobson.1960,
	address = {Cambridge [Mass.]},
	author = {Jakobson, Roman},
	booktitle = {Style in language},
	editor = {Sebeok, Thomas Albert},
	pages = {350--377},
	publisher = {{MIT Press}},
	title = {Linguistics and poetics},
	year = {1960}
}

@incollection{Jaffe.2016,
	address = {Cambridge},
	author = {Jaffe, Alexandra},
	booktitle = {Sociolinguistics},
	editor = {Coupland, Nikolas},
	pages = {86--112},
	publisher = {{Cambridge University Press}},
	title = {Indexicality, stance and fields in sociolinguistics},
	year = {2016}
}

@incollection{Irvine2000,
	address = {Santa Fe},
	author = {Irvine, Judith and Gal, Susan},
	booktitle = {Regimes of language: {{I}}deologies, polities and identities.},
	editor = {Kroskrity, Paul V.},
	pages = {35--84},
	publisher = {{School of American Research Press}},
	title = {Language Ideology and Linguistic Differentiation},
	year = {2000}
}

@incollection{Irvine1998,
	address = {New York},
	author = {Irvine, Judith},
	booktitle = {Language ideologies},
	editor = {Schieffelin, Bambi B. and Woolard, Kathryn Ann and Kroskrity, Paul V.},
	pages = {51--67},
	publisher = {{Oxford University Press}},
	series = {Oxford studies in anthropological linguistics},
	title = {Ideologies of Honorific Language},
	year = {1998}
}

@incollection{Irvine.2005,
	address = {Cambridge},
	author = {Irvine, Judith},
	booktitle = {Style and sociolinguistic variation},
	editor = {Eckert, Penelope and Rickford, John R.},
	pages = {21--43},
	publisher = {{Cambridge University Press}},
	title = {Style and distinctiveness: {{T}}he culture and ideology of linguistic differentiation},
	year = {2005}
}

@incollection{Hundt.2017b,
	address = {Berlin and Boston},
	author = {Hundt, Markus},
	booktitle = {Der deutsche {Sprachraum} aus der {Sicht} linguistischer Laien},
	editor = {Hundt, Markus and Palliwoda, Nicole and Schröder, Saskia and Hundt, Markus and Palliwoda, Nicole and Schröder, Saskia},
	pages = {121--159},
	publisher = {de Gruyter},
	title = {{Struktur} und Komplexität des linguistischen Laienwissens},
	year = {2017}
}

@incollection{Hoge.2018,
	address = {Amsterdam and Philadelphia},
	author = {Hoge, Kerstin},
	booktitle = {{Germanic} Genitives},
	editor = {Ackermann, Tanja and Simon, Horst J. and Zimmer, Christian},
	pages = {231--272},
	publisher = {{John Benjamins}},
	series = {Studies in Language Companion},
	title = {{Yiddish} possessives as a case for genitive case},
	year = {2018}
}

@incollection{Hickey2000,
	address = {Cambridge and New York},
	author = {Hickey, Raymond},
	booktitle = {The Development of standard {English}, 1300-1800},
	editor = {Wright, Laura},
	pages = {57--72},
	publisher = {{Cambridge University Press}},
	series = {Studies in English language},
	title = {Salience, stigma and standard},
	year = {2000}
}

@incollection{Hettler.2013,
	address = {Frankfurt a. M. and Bern},
	author = {Hettler, Yvonne},
	booktitle = {Variation, {Wandel}, Wissen},
	editor = {Hettler, Yvonne},
	pages = {161--181},
	publisher = {Lang},
	series = {Sprache in der Gesellschaft},
	title = {„Nach Müllers geht man nicht!“: {{Z}}ur {Salienz} und {Bewertung} morpho-syntaktischer {Merkmale} in Bremen und Hamburg},
	year = {2013}
}

@incollection{HessLuttich2005,
	address = {Berlin},
	author = {Hess-Lüttich, Ernest W. B.},
	booktitle = {Sociolinguistics: {{A}}n international handbook of the science of language and society},
	editor = {Ammon, Ulrich},
	pages = {491--502},
	publisher = {de Gruyter},
	series = {Handbücher zur Sprach- und Kommunikationswissenschaft},
	sortname = {Hess-L{u}ttich, Ernest W. B.},
	title = {Die sozialsymbolische {Funktion} der {Sprache}},
	year = {2005}
}

@incollection{Hermanns.2002,
	address = {Berlin and New York},
	author = {Hermanns, Fritz},
	booktitle = {{Neue} deutsche {Sprachgeschichte}},
	editor = {Cherubim, Dieter},
	pages = {65--89},
	publisher = {de Gruyter},
	series = {Studia linguistica Germanica},
	title = {Attitude, {E}instellung, Haltung: {{{E}}}mpfehlung eines psychologischen Begriffs zu linguistischer Verwendung},
	year = {2002}
}

@incollection{Hentschel1989,
	address = {Tübingen},
	author = {Hentschel, Elke},
	booktitle = {Sprechen und Hören},
	editor = {Reiter, Norbert},
	pages = {289--298},
	publisher = {Niemeyer},
	series = {Akten des 23. Linguistischen Kolloquiums},
	title = {Schwankender Kasusgebrauch im {Deutschen}},
	year = {1989}
}

@incollection{Hennig2012,
	address = {Berlin},
	author = {Hennig, Mathilde},
	booktitle = {Kommunikation und Öffentlichkeit},
	editor = {Günthner, Susanne and Imo, Wolfgang and Meer, Dorothee and Schneider, Jan Georg},
	pages = {121--148},
	publisher = {de Gruyter},
	series = {Reihe Germanistische Linguistik},
	title = {Was ist ein Grammatikfehler?},
	year = {2012}
}

@incollection{Hennig2009,
	address = {Kassel},
	author = {Hennig, Mathilde},
	booktitle = {Wie normal ist die Norm?},
	editor = {Hennig, Mathilde and Müller, Christoph},
	pages = {14--38},
	publisher = {{Kassel University Press}},
	title = {Wie viel Varianz verträgt die Norm? {{G}}rammatische Zweifelsfälle als Prüfstein für {Fragen} der Normenbildung},
	year = {2009}
}

@incollection{Harnisch.2005,
	address = {Berlin},
	author = {Harnisch, Rüdiger},
	booktitle = {Sociolinguistics: {{A}}n international handbook of the science of language and society},
	editor = {Ammon, Ulrich},
	pages = {522--530},
	publisher = {de Gruyter},
	series = {Handbücher zur Sprach- und Kommunikationswissenschaft},
	sortname = {Harnisch, R{u}diger},
	title = {Morphologie},
	year = {2005}
}

@incollection{Gunthner.2012,
	address = {Berlin},
	author = {Günthner, Susanne and Imo, Wolfgang and Meer, Dorothee and Schneider, Jan Georg},
	booktitle = {Kommunikation und Öffentlichkeit},
	editor = {Günthner, Susanne and Imo, Wolfgang and Meer, Dorothee and Schneider, Jan Georg},
	pages = {1--20},
	publisher = {de Gruyter},
	series = {Reihe Germanistische Linguistik},
	sortname = {Gunthner, Susanne and Imo, Wolfgang and Meer, Dorothee and Schneider, Jan Georg},
	title = {{Kommunikation und Öffentlichkeit: Sprachwissenschaftliche Potenziale zwischen Empirie und Norm. {{Z}}ur Einführung}},
	year = {2012}
}

@incollection{Gumperz.1992b,
	address = {Amsterdam and Philadelphia},
	author = {Gumperz, John J.},
	booktitle = {The contextualization of language},
	editor = {Auer, Peter and Di Luzio, Aldo},
	pages = {39–54},
	publisher = {{John Benjamins}},
	series = {Pragmatics and beyond new series},
	title = {Contextualization Revisited},
	year = {1992},
	doi = {https://doi.org/10.1075/pbns.22.04gum}
}

@incollection{Griehaber2009,
	address = {Berlin and New York},
	author = {Grießhaber},
	booktitle = {{Handbuch} der deutschen {Wortarten}},
	editor = {Hoffmann, Ludger},
	pages = {629--655},
	publisher = {de Gruyter},
	series = {De Gruyter Studienbuch},
	sortname = {Grießhaber},
	title = {Präposition},
	year = {2009}
}

@incollection{Graumann.2005,
	address = {Berlin},
	author = {Graumann, Carl-Friedrich},
	booktitle = {Sociolinguistics: {{A}}n international handbook of the science of language and society},
	editor = {Ammon, Ulrich},
	pages = {865--870},
	publisher = {de Gruyter},
	series = {Handbücher zur Sprach- und Kommunikationswissenschaft},
	title = {Social Psychology},
	year = {2005}
}

@incollection{Giles.1988,
	address = {Berlin},
	author = {Giles, Howard and Hewstone, Miles and Ryan, Ellen B. and Johnson, Patricia},
	booktitle = {Sociolinguistics: {{A}}n international handbook of the science of language and society},
	editor = {Ammon, Ulrich and Burkhardt, Armin and Ungeheuer, Gerold and Wiegand, Herbert Ernst and Steger, Hugo and Brinker, Klaus},
	pages = {585--597},
	publisher = {de Gruyter},
	series = {Handbücher zur Sprach- und Kommunikationswissenschaft},
	title = {Research on Language Attitudes},
	year = {1988}
}

@incollection{Gerich2010,
	address = {Wiesbaden},
	author = {Gerich, Joachim},
	booktitle = {{Handbuch} der sozialwissenschaftlichen Datenanalyse},
	editor = {Wolf, Christof and Best, Henning},
	pages = {159--281},
	publisher = {{VS Verl. für Sozialwissenschaften}},
	title = {Thurstone- und Likertskalierung},
	year = {2010}
}

@incollection{Garrett2005,
	address = {Berlin},
	author = {Garrett, Peter},
	booktitle = {Sociolinguistics: {{A}}n international handbook of the science of language and society},
	editor = {Ammon, Ulrich},
	pages = {1251--1260},
	publisher = {de Gruyter},
	series = {Handbücher zur Sprach- und Kommunikationswissenschaft},
	title = {Attitude Measurements},
	volume = {2},
	year = {2005}
}

@incollection{Garrett.2007,
	address = {London and New York},
	author = {Garrett, Peter},
	booktitle = {The routledge companion to Sociolinguistics},
	editor = {{Llamas, Carmen/Mullany, Louise/ Stockwell, Peter}},
	pages = {116--121},
	publisher = {Routledge},
	title = {Language attitudes},
	year = {2007}
}

@incollection{Garrett.2004,
	address = {Berlin},
	author = {Garrett, Peter and Coupland, Nikolas and Williams, Angie},
	booktitle = {Metalanguage},
	editor = {Coupland, Nikolas and Galasiński, Dariusz and Jaworski, Adam},
	pages = {193--226},
	publisher = {de Gruyter},
	series = {Language, Power and Social Process},
	title = {Adolescents' lexical repertoires of peer evaluation: {{B}}oring prats and {English} snobs},
	volume = {11},
	year = {2004}
}

@incollection{Gal.2016,
	address = {Cambridge},
	author = {Gal, Susan},
	booktitle = {Sociolinguistics},
	editor = {Coupland, Nikolas},
	pages = {113--135},
	publisher = {{Cambridge University Press}},
	title = {Sociolinguistic differentiation},
	year = {2016}
}

@incollection{Folsom1984,
	address = {Heidelberg},
	author = {Folsom, Marvin H.},
	booktitle = {Studies in descriptive {German} grammar},
	editor = {Pfeffer, J. Alan},
	pages = {68-80},
	publisher = {Groos},
	series = {Studies in descriptive linguistics},
	title = {Prepositions with the dative or accusative in written and spoken {German}},
	year = {1984}
}

@incollection{Errington.1985,
	address = {Orlando},
	author = {Errington, Joseph J.},
	booktitle = {Semiotic mediation},
	editor = {Mertz, Elizabeth and Parmentier, Richard J.},
	pages = {287--310},
	publisher = {{Academic Press}},
	series = {Language, thought, and culture},
	title = {On the Sature of the Sociolinguistic Sign: {D}escribing the {Javanese} Speech Levels},
	year = {1985}
}

@incollection{Elter2005,
	address = {Tübingen},
	author = {Elter, Irmgard},
	booktitle = {Korpuslinguistik {Deutsch}},
	editor = {Schwitalla, Johannes and Wegstein, Werner},
	pages = {125--135},
	publisher = {Niemeyer},
	title = {{Genitiv} vs. {{D}}ativ},
	year = {2005}
}

@incollection{Elspa.2005,
	address = {Berlin and New York},
	author = {Elspaß, Stephan},
	booktitle = {Standardvariation},
	editor = {Eichinger, Ludwig M. and Kallmeyer, Werner},
	pages = {63--99},
	publisher = {de Gruyter},
	series = {Jahrbuch des Instituts für Deutsche Sprache},
	sortname = {Elspaß, Stephan},
	title = {Standardisierung des {Deutschen}: {{A}}nsichten aus der neuen {Sprachgeschichte} `von unten'},
	year = {2005}
}

@incollection{Elmentaler2010,
	address = {Berlin and New York},
	author = {Elmentaler, Michael and Gessinger, Joachim and Wirrer, Jan},
	booktitle = {Perceptual dialectology},
	editor = {Anders, Christina Ada and Hundt, Markus and Lasch, Alexander},
	pages = {111--149},
	publisher = {de Gruyter},
	series = {Linguistik, Impulse \& Tendenzen},
	title = {Qualitative und Quantitative {Verfahren} in der {Ethnodialektologie} am {Beispiel} von {Salienz}},
	year = {2010}
}

@incollection{Eisenberg1979,
	address = {Berlin and New York},
	author = {Eisenberg, Peter},
	booktitle = {Die Partikeln der deutschen {Sprache}},
	editor = {Weydt, Harald},
	pages = {518--527},
	publisher = {de Gruyter},
	title = {Syntax und {Semantik} der denominalen Präpositionen des {Deutschen}},
	year = {1979}
}

@incollection{Eckert2005,
	address = {Cambridge},
	author = {Eckert, Penelope},
	booktitle = {Style and sociolinguistic variation},
	editor = {Eckert, Penelope and Rickford, John R.},
	pages = {119--126},
	publisher = {{Cambridge University Press}},
	title = {Style and social meaning},
	year = {2005}
}

@incollection{Eckert.2016,
	address = {Cambridge},
	author = {Eckert, Penelope},
	booktitle = {Sociolinguistics},
	editor = {Coupland, Nikolas},
	pages = {68--85},
	publisher = {{Cambridge University Press}},
	title = {Variation, meaning and social change},
	year = {2016}
}

@incollection{Eckert.2011,
	address = {Amsterdam and Philadelphia},
	author = {Eckert, Penelope},
	booktitle = {Language variation - {European} perspectives},
	doi = {10.1075/silv.7.02eck},
	editor = {Gregersen, Frans and Parrott, Jeffrey K. and Quist, Pia},
	pages = {13--30},
	publisher = {{John Benjamins}},
	series = {Studies in language variation},
	title = {Where does the social stop?},
	volume = {7},
	year = {2011}
}

@incollection{Ebner.2018,
	address = {Cambridge},
	author = {Ebner, Carmen},
	booktitle = {Standardising {English}},
	doi = {10.1017/9781108120470.011},
	editor = {Pillière, Linda},
	pages = {213--233},
	publisher = {{Cambridge University Press}},
	title = {Concepts of Correctness and Acceptability in {British} {{E}nglish}: {{{E}}}xploring Attitudes of Lay People},
	year = {2018}
}

@incollection{DuBois.2007,
	address = {Amsterdam},
	author = {{Du Bois}, John W.},
	booktitle = {Stancetaking in discourse},
	editor = {Englebretson, Robert},
	pages = {139--182},
	publisher = {{John Benjamins}},
	series = {Pragmatics \& beyond},
	title = {The stance triangle},
	year = {2007}
}

@incollection{Dryer2013,
	address = {Leipzig},
	author = {Dryer, Matthew S.},
	booktitle = {The World Atlas of Language Structures Online},
	editor = {Dryer, Matthew S. and Haspelmath, Martin},
	publisher = {{Max Planck Institute for Evolutionary Anthropology}},
	title = {Order of Adposition and Noun Phrase},
	url = {http://wals.info/feature/85A#2/20.3/153.1},
	urldate = {2017-02-20},
	year = {2013}
}

@incollection{Dohmer.2018,
	address = {Amsterdam and Philadelphia},
	author = {Döhmer, Caroline},
	booktitle = {{Germanic} Genitives},
	editor = {Ackermann, Tanja and Simon, Horst J. and Zimmer, Christian},
	pages = {15--36},
	publisher = {{John Benjamins}},
	series = {Studies in Language Companion},
	sortname = {D{o}hmer, Caroline},
	title = {A new perspective on the Luxembourgish genitive},
	year = {2018}
}

@incollection{DiMeola2011,
	address = {Rom},
	author = {{Di Meola}, Claudio},
	booktitle = {{Deutsch} aktuell},
	editor = {Moraldo, Sandro M.},
	pages = {214--233},
	publisher = {Carocci},
	series = {Lingue e letterature Carocci},
	title = {Präpositionen in der deutschen {Gegenwartssprache}: {{B}}estandsaufnahme und Entwicklungstendenzen},
	year = {2011}
}

@incollection{DiMeola2009,
	address = {Berlin},
	author = {{Di Meola}, Claudio},
	booktitle = {{Deutsche} {Grammatik}},
	editor = {Konopka, Marek and Strecker, Bruno},
	pages = {195--221},
	publisher = {de Gruyter},
	series = {Jahrbuch des Instituts für Deutsche Sprache},
	title = {Rektionsschwankungen bei Präpositionen -- erlaubt, verboten, unbeachtet},
	year = {2009}
}

@incollection{DiMeola2006,
	address = {Frankfurt a. M. and Wien},
	author = {{Di Meola}, Claudio},
	booktitle = {Variation im heutigen {Deutsch}},
	editor = {Neuland, Eva},
	pages = {419--430},
	publisher = {Lang},
	series = {Sprache -- Kommunikation -- Kultur},
	title = {Norm und Variation in der {Grammatik} am {Beispiel} der Präpositionen im {Deutschen}},
	year = {2006}
}

@incollection{DiMeola2005b,
	address = {Rom},
	author = {{Di Meola}, Claudio},
	booktitle = {Perspektiven Eins: {{A}}kten der 1. {{T}}agung {Deutsche} {Sprachwissenschaft} in Italien},
	editor = {{Di Meola}, Claudio},
	pages = {251--267},
	publisher = {{Istituto Italiano di Studi Germanici}},
	title = {Entwicklungstendenzen im deutschen Präpositionalsystem},
	year = {2005}
}

@incollection{DiMeola2003,
	address = {Amsterdam},
	author = {{Di Meola}, Claudio},
	booktitle = {Motivation in language},
	editor = {Cuyckens, Hubert and Berg, Thomas and Dirven, René and Panther, Klaus-Uwe and Radden, Günter and Cuyckens, H.},
	pages = {203--222},
	publisher = {{John Benjamins}},
	series = {Amsterdam studies in the theory and history of linguistic science. Series IV. Current issues in linguistic theory},
	title = {Grammaticalization of Postpositions in {German}},
	year = {2003}
}

@incollection{DiMeola2002,
	address = {Berlin},
	author = {Di Meola, Claudio},
	booktitle = {Perspectives on prepositions},
	editor = {Cuyckens, Hubert and Radden, Günter},
	pages = {101--129},
	publisher = {De Gruyter},
	series = {Linguistische Arbeiten},
	number = {454},
	title = {Präpositionale Rektionsalternanzen unter dem Gesichtspunkt der {Grammatikalisierung}: {{D}}as Prinzip der „maximalen Differenzierung“},
	year = {2002}
}

@incollection{Deppermann.2015,
	address = {Somerset},
	author = {Deppermann, Arnulf},
	booktitle = {The Handbook of Narrative Analysis},
	editor = {de Fina, Anna and Georgakopoulou, Alexandra},
	pages = {369--387},
	publisher = {Wiley},
	title = {Positioning},
	year = {2015}
}

@incollection{Davies.2006,
	address = {Bern},
	author = {Davies, Winifred and Langer, Nils},
	booktitle = {Empirische {Grundlagen} moderner Grammatikforschung},
	editor = {Donhauser, Karin and Valentin, Jean-Marie},
	pages = {155--162},
	publisher = {Lang},
	series = {Jahrbuch für internationale Germanistik Reihe A},
	title = {„Gutes“ {{Deutsch}}--„Schlechtes“ {{Deutsch}} von 1600 bis 2005},
	year = {2008}
}

@incollection{Cavanaugh.2013,
	address = {Amsterdam},
	author = {Cavanaugh, Jillian R.},
	booktitle = {Language variation -- {European} perspectives {IV}},
	editor = {Auer, Peter and Caro Reina, Javier and Kaufmann, Göz},
	pages = {45–56},
	publisher = {John Benjamins},
	series = {Studies in language variation},
	title = {Language Ideologies and Language Attitudes: {{A}} Linguistic Anthropological Perspective},
	year = {2013}
}

@incollection{Cameron.1990,
	address = {London},
	author = {Cameron, Deborah},
	booktitle = {Ideologies of language},
	editor = {Joseph, John E.},
	pages = {79--93},
	publisher = {Routledge},
	series = {Routledge politics of language series},
	title = {Demythologizing sociolinguistics: {W}hy language does not reflect society},
	year = {1990}
}

@incollection{Butterworth.2011,
	address = {Hildesheim},
	author = {Butterworth, Judith and Glawe, Meike},
	booktitle = {Perspektiven der {Variationslinguistik}},
	editor = {Ganswindt, Brigitte and Purschke, Christoph},
	pages = {371--391},
	publisher = {Olms},
	series = {Germanistische Linguistik},
	title = {„Wir sprechen hier an und für sich reinrassiges Hochdeutsch“. {{Z}}ur {Erforschung} der subjektiven Seiten von Sprachverwendung.},
	year = {2011}
}

@incollection{Bunting1996,
	address = {Opladen},
	author = {Bünting, Karl-Dieter and Pospiech, Ulrike},
	booktitle = {Öffentlicher {Sprachgebrauch}},
	editor = {Böke, Karin and Jung, Matthias and Wengeler, Martin},
	pages = {121--127},
	publisher = {{Westdeutscher Verlag}},
	sortname = {B{u}nting, Karl-Dieter and Pospiech, Ulrike},
	title = {Das Sprachtelefon: {Beobachtungen} von Unsicherheiten und Unzufriedenheiten von Sprachteilhabern -- ein Werkstattbericht},
	langid = {german},
	year = {1996}
}

@incollection{Blommaert.1999,
	address = {Berlin and New York},
	author = {Blommaert, Jan},
	booktitle = {Language ideological debates},
	editor = {Blommaert, Jan},
	pages = {1--38},
	publisher = {de Gruyter},
	title = {The debate is open},
	year = {1999}
}

@incollection{Beuge2017,
	address = {Berlin and Boston},
	author = {Beuge, Patrick},
	booktitle = {Der deutsche {Sprachraum} aus der {Sicht} linguistischer Laien},
	doi = {10.1515/9783110554212-006},
	editor = {Hundt, Markus and Palliwoda, Nicole and Schröder, Saskia and Hundt, Markus and Palliwoda, Nicole and Schröder, Saskia},
	pages = {161--181},
	publisher = {de Gruyter},
	title = {Laienlinguistisches Sprachnormwissen},
	year = {2017}
}

@incollection{Bergmann.1999,
	address = {Frankfurt a. M.},
	author = {Bergmann, Rolf},
	booktitle = {Das Frühneuhochdeutsche als sprachgeschichtliche Epoche: {{W}}erner {Besch} zum 70. {{G}}eburtstag},
	editor = {Hoffmann, Walter and Besch, Werner},
	pages = {59--79},
	publisher = {Lang},
	title = {Zur Herausbildung der deutschen Substantivgroßschreibung: {{{E}}}rgebnisse des {Bamberg}-Rostocker Projekts},
	year = {1999}
}

@incollection{Bene.1975,
	address = {Düsseldorf},
	author = {Beneš, Eduard},
	booktitle = {Sprachsystem und {Sprachgebrauch}},
	editor = {Engel, Ulrich},
	pages = {33--52},
	publisher = {Schwann},
	series = {Sprache der Gegenwart},
	sortname = {Benes, Eduard},
	title = {Präpositionswertige Präpositionalwendungen},
	year = {1974}
}

@incollection{Bell.2007,
	address = {London and New York},
	author = {Bell, Allan},
	booktitle = {The routledge companion to Sociolinguistics},
	editor = {Llamas, Carmen and Mullany, Louise and Stockwell, Peter},
	pages = {95--100},
	publisher = {Routledge},
	title = {Style and the linguistic repertoire},
	year = {2007}
}

@incollection{Becker2011,
	address = {Baltmannsweiler},
	author = {Becker, Tabea},
	booktitle = {Sprachliche {Strukturen} thematisieren},
	editor = {Köpcke, Klaus-Michael},
	pages = {199--217},
	publisher = {{Schneider Hohengehren}},
	series = {Diskussionsforum Deutsch},
	title = {„Entgegen des Trends“: Erwerb, Rektion und Didaktik von Präpositionen},
	langid = {german},
	year = {2011}
}

@incollection{Baur2009,
	address = {Wiesbaden},
	author = {Baur, Nina and Florian, Michael J.},
	booktitle = {Sozialforschung im Internet},
	editor = {Jackob, Nikolaus and Schoen, Harald and Zerback, Thomas},
	pages = {109--128},
	publisher = {{VS Verl. für Sozialwissenschaften}},
	title = {Stichprobenprobleme bei Online-Umfragen},
	year = {2009}
}

@incollection{Baumann2014,
	address = {Göttingen},
	author = {Baumann, Carolin and Dabóczi, Viktória},
	booktitle = {Umnutzung},
	editor = {Habscheid, Stephan},
	pages = {251--274},
	publisher = {Vandenhoeck \& Ruprecht},
	series = {Diagonal},
	sortname = {Baumann, Carolin and Dab{o}czi, Vikt{o}ria},
	title = {Umnutzung entgegen des Sprachwandels: {{I}}rreguläre Flexionsformen als Prestigeträger?},
	year = {2014}
}

@incollection{Bailey.2004,
	address = {Malden},
	author = {Bailey, Guy},
	booktitle = {The handbook of language variation and change},
	editor = {Chambers, Jack K. and Trudgill, Peter and Schilling-Estes, Natalie},
	pages = {312--332},
	publisher = {Blackwell},
	series = {Blackwell handbooks in linguistics},
	title = {Real and Apparent Time},
	year = {2004}
}

@incollection{Auer.2017,
	address = {Stuttgart},
	author = {Auer, Peter and Breuninger, Julia and Pfeiffer, Martin},
	booktitle = {Räume, {Grenzen}, Übergänge},
	editor = {Christen, Helen and Gilles, Peter and Purschke, Christoph},
	pages = {27--45},
	publisher = {Steiner},
	title = {Neuere {Entwicklungen} des {Alemannischen} an der französisch- deutschen Sprachgrenze im {Oberrheingebiet}},
	year = {2017}
}

@incollection{Auer.2013,
	address = {Berlin and Boston},
	author = {Auer, Peter},
	booktitle = {Pluricentricity},
	editor = {{Soares da Silva}, Augusto},
	pages = {19--48},
	publisher = {de Gruyter},
	series = {Applications of Cognitive Linguistics},
	title = {Enregistering pluricentric {German}},
	year = {2013}
}

@incollection{Auer.1996,
	address = {Bochum},
	author = {Auer, Peter and Barden, Birgit and Großkopf, Beate},
	booktitle = {Areale, Kontakte, {Dialekte}},
	editor = {Boretzky, Norbert and Auer, Peter},
	pages = {139--166},
	publisher = {Brockmeyer},
	series = {Bochum-Essener Beiträge zur Sprachwandelforschung},
	sortname = {Auer, Peter and Barden, Birgit and Großkopf, Beate},
	title = {Dialektanpassung bei sächsischen „Übersiedlern“ -- {Ergebnisse} einer Longitudinalstudie},
	year = {1996}
}

@incollection{Auer.1995,
	address = {Amsterdam and Philadelphia},
	author = {Auer, Peter},
	booktitle = {Handbook of Pragmatics},
	editor = {Verschueren, Jef and Östman, Jan-Ola and Blommaert, Jan},
	pages = {1--19},
	publisher = {{John Benjamins}},
	title = {Context and Contextualization},
	year = {1995}
}

@incollection{Auer.1989,
	address = {Tübingen},
	author = {Auer, Peter},
	booktitle = {Stil und Stilisierung},
	editor = {Hinnenkamp, Volker and Selting, Margret},
	pages = {27--59},
	publisher = {Niemeyer},
	title = {Natürlichkeit und Stil},
	year = {1989}
}

@incollection{Arendt2015,
	address = {Bremen},
	author = {Arendt, Birte and Kiesendahl, Jana},
	booktitle = {{Sprachwissenschaft} und Sprachkritik},
	editor = {Niehr, Thomas},
	pages = {101--130},
	publisher = {Hempen},
	series = {Greifswalder Beiträge zur Linguistik},
	title = {Sprachkritische Äußerungen in Kommentarforen -- Entwurf des Forschungsfeldes „Kritiklinguistik“},
	year = {2015}
}

@incollection{Androutsopoulos.2007,
	address = {Tübingen},
	author = {Androutsopoulos, Jannis K.},
	booktitle = {{Standard}, Variation und {Sprachwandel} in germanischen {Sprachen}},
	editor = {Fandrych, Christian and {Reiner Salverda}},
	pages = {113--155},
	publisher = {{Narr Francke Attempto}},
	title = {Ethnolekte in der Mediengesellschaft. {{S}}tilisierung und Sprachideologie in Performance, Fiktion und Metasprachdiskurs},
	year = {2007}
}

@incollection{Ammon.2005,
	address = {Berlin and New York},
	author = {Ammon, Ulrich},
	booktitle = {Standardvariation},
	editor = {Eichinger, Ludwig M. and Kallmeyer, Werner},
	pages = {28--41},
	publisher = {de Gruyter},
	series = {Jahrbuch des Instituts für Deutsche Sprache},
	title = {{Standard} und Variation: Norm, Autoriät, Legitimation},
	langid = {german},
	year = {2005}
}

@incollection{Allport.1935,
	address = {Worcester},
	author = {Allport, Gordon W.},
	booktitle = {A handbook of social psychology},
	editor = {Murchison, Carl},
	pages = {798--844},
	publisher = {{Clark University Press}},
	title = {Attitudes},
	year = {1935}
}

@incollection{Ajzen1989,
	address = {Hillsdale},
	author = {Ajzen, Icek},
	booktitle = {Attitude structure and function},
	editor = {Pratkanis, Anthony R. and Greenwald, Anthony G. and Breckler, Steven James},
	pages = {241--274},
	publisher = {{L. Erlbaum Associates}},
	title = {Attitude Structure and Behaviour},
	year = {1989}
}

@incollection{Agel1992,
	address = {Heidelberg},
	author = {Ágel, Vilmos},
	booktitle = {Texte, Sätze, Wörter und Moneme},
	editor = {Anschütz, Susanne R.},
	pages = {17--33},
	publisher = {{Heidelberger Orientverlag}},
	sortname = {Agel, Vilmos},
	title = {Die deutschen Genitivpräpositionen: {Prinzipien} ihrer Verwendung},
	langid = {german},
	year = {1992}
}

@incollection{Adler.2018,
	address = {Berlin and New York},
	author = {Adler, Astrid and Plewnia, Albrecht},
	booktitle = {Variation -- Normen -- Identitäten},
	editor = {Lenz, Alexandra and Plewnia, Albrecht},
	pages = {63--97},
	publisher = {de Gruyter},
	series = {Germanistische Sprachwissenschaft um 2020},
	title = {Möglichkeiten und {Grenzen} der quantitativen Spracheinstellungsforschung},
	year = {2018}
}

@book{vanDijk.1998,
	address = {London},
	author = {{van Dijk}, Teun A.},
	publisher = {{Sage Publications}},
	title = {Ideology: {{A}} multidisciplinary approach},
	url = {http://www.loc.gov/catdir/enhancements/fy0656/98145596-d.html},
	year = {1998}
}

@book{Zipf.1972,
	address = {New York},
	author = {Zipf, George Kingsley},
	publisher = {{Hafner Publishing Company}},
	title = {Human Behavior and the principle of least effort. {{A}}n Introduction to Human Ecology},
	year = {1972[1949]}
}

@book{Zifonun1997,
	address = {Berlin and New York},
	author = {Zifonun, Gisela and Hoffmann, Ludger and Strecker, Bruno},
	doi = {10.1515/9783110872163},
	number = {7},
	publisher = {de Gruyter},
	series = {Schriften des Instituts für Deutsche Sprache},
	title = {{Grammatik} der deutschen {Sprache}},
	year = {1997}
}

@book{Wustmann.1911,
	address = {Straßburg},
	author = {Wustmann, Rudolf},
	edition = {5.},
	publisher = {Trübner},
	title = {Allerhand Sprachdummheiten},
	year = {1911}
}

@book{Waldenberger.2009,
	address = {Tübingen},
	author = {Waldenberger, Sandra},
	number = {3},
	publisher = {Niemeyer},
	series = {Studien zur mittelhochdeutschen Grammatik},
	title = {Präpositionen und Präpositionalphrasen im Mittelhochdeutschen},
	year = {2009}
}

@book{Trudgill1986,
	address = {Oxford and New York},
	author = {Trudgill, Peter},
	number = {10},
	publisher = {Blackwell},
	series = {Language in society},
	title = {Dialects in contact},
	year = {1986}
}

@book{Szczepaniak2011,
	address = {Tübingen},
	author = {Szczepaniak, Renata},
	edition = {2.},
	price = {sfr 35.90 (freier Pr.), ca. EUR 19.90},
	publisher = {{Narr Francke Attempto}},
	series = {Narr Studienbücher},
	title = {{Grammatikalisierung} im {Deutschen}: {{{E}}}ine {E}inführung},
	url = {http://deposit.d-nb.de/cgi-bin/dokserv?id=3122947&prov=M&dok_var=1&dok_ext=htm},
	year = {2011}
}

@book{Silverstein.1981,
	address = {Austin},
	author = {Silverstein, Michael},
	publisher = {{Working Papers in Sociolinguistics}},
	title = {The limits of awareness},
	volume = {84},
	year = {1981}
}

@book{Sick2006,
	address = {Köln},
	author = {Sick, Bastian},
	edition = {3},
	number = {863},
	publisher = {Kiepenheuer \& Witsch},
	series = {KiWi},
	title = {Der Dativ ist dem {Genitiv} sein Tod. {{{E}}}in Wegweiser durch den Irrgarten der deutschen {Sprache}},
	year = {2006}
}

@book{Scott.2014,
	address = {Leiden},
	author = {Scott, Alan},
	publisher = {Brill},
	series = {Brill's studies in historical linguistics},
	title = {The genitive case in {Dutch} and {German}: {{A}} study of morphosyntactic change in codified languages},
	year = {2014}
}

@book{Schroder1986,
	address = {Leipzig},
	author = {Schröder, Jochen},
	edition = {2., unveränd.},
	price = {DM 11.60},
	publisher = {{Verl. Enzyklopädie}},
	sortname = {Schr{o}der, Jochen},
	title = {{Lexikon} deutscher Präpositionen},
	year = {1986}
}

@book{Sato.2022,
	address = {Heidelberg},
	author = {Sato, Megumi},
	institution = {Carl-Winter-Universitätsverlag and {Universität Salzburg}},
	number = {Band 77},
	price = {Festeinband : circa EUR 54.00 (DE)},
	publisher = {Winter},
	series = {Germanistische Bibliothek},
	title = {{Sprachvariation} und {Sprachwandel} im 18. {{{{U}}}}nd 19. {{J}}ahrhundert: {{{{U}}}}ntersuchungen zur Kasusrektion der Präpositionen \textit{wegen, während, statt} und \textit{trotz}},
	year = {2022}
}

@book{Romare.2004,
	address = {Göteborg},
	author = {Romare, Elisabeth},
	publisher = {{Acta Univ. Gothoburgensis}},
	series = {Göteborger germanistische Forschungen},
	title = {Präpositionen und Präpositionalisierungsprozesse: {{D}}er räumliche {Bereich} im Alt- und Mittelniederdeutschen},
	year = {2004}
}

@book{Rasinger2010,
	address = {London},
	author = {Rasinger, Sebastian M.},
	publisher = {Continuum},
	series = {Research methods in linguistics},
	title = {Quantitative research in linguistics: {{A}}n introduction},
	year = {2010}
}

@book{Porst2014,
	address = {Wiesbaden},
	author = {Porst, Rolf},
	edition = {4., erweiterte},
	publisher = {{Springer VS}},
	series = {Studienskripten zur Soziologie},
	title = {Fragebogen: {{{E}}}in {Arbeitsbuch}},
	year = {2014}
}

@book{Pfeffer.1984,
	address = {Berlin},
	author = {Pfeffer, Alan and Lohnes, Walter F. W. and Ortmann, Wolf Dieter},
	doi = {10.1515/9783110917130},
	number = {28-30},
	publisher = {de Gruyter},
	series = {Phonai},
	title = {{Textkorpora} 1: {{G}}runddeutsch. {{T}}exte der gesprochenen deutschen {Gegenwartssprache}. Überregionale {U}mgangssprache aus der Bundesrepublik {Deutschland}, der {DDR}, Österreich und der {Schweiz}},
	url = {http://www.degruyter.com/doi/book/10.1515/9783110917130},
	year = {1984}
}

@book{Milroy1991,
	address = {London and New York},
	author = {Milroy, James and Milroy, Lesley},
	edition = {2.},
	publisher = {Routledge},
	title = {Authority in language: {{I}}nvestigating language prescription and standardisation},
	year = {1991}
}

@book{Mikosch1987,
	address = {Tübingen},
	author = {Mikosch, Ingrid},
	number = {14},
	publisher = {Niemeyer},
	series = {Idiomatica},
	title = {Die Präpositionen in gesprochener {Sprache}: {{V}}orkommen und {Funktion} untersucht an Tonbandaufnahmen aus Baden-Württemberg, Bayrisch-{Schwaben} und Vorarlberg},
	year = {1987}
}

@book{Maurer.1942,
	address = {Straßburg},
	author = {Maurer, Friedrich},
	publisher = {Hünenburg},
	series = {Arbeiten vom Oberrhein},
	title = {Oberrheiner, {Schwaben}, Südalemannen},
	year = {1942}
}

@book{Matthias.1929,
	address = {Leipzig},
	author = {Matthias, Theodor},
	edition = {6.},
	publisher = {Brandstetter},
	title = {Sprachleben und Sprachschäden: {{{E}}}in Führer durch die Schwankungen und Schwierigkeiten des deutschen Sprachgebrauchs},
	year = {1929}
}

@book{Lindqvist1994,
	address = {Tübingen},
	author = {Lindqvist, Christer},
	number = {311},
	publisher = {Niemeyer},
	series = {Linguistische Arbeiten},
	title = {Zur {Entstehung} von Präpositionen im {Deutschen} und Schwedischen},
	year = {1994}
}

@book{Levshina.2015,
	address = {Amsterdam and Philadelphia},
	author = {Levshina, Natalia},
	price = {ePub},
	publisher = {{John Benjamins}},
	title = {How to do linguistics with R: {{D}}ata exploration and statistical analysis},
	year = {2015}
}

@book{Lenz.2003,
	address = {Stuttgart},
	author = {Lenz, Alexandra},
	number = {125},
	price = {EUR 78.00, CHF 124.80},
	publisher = {Steiner},
	series = {Beiheft Zeitschrift für Dialektologie und Linguistik},
	title = {{Struktur} und Dynamik des Substandards: {{{E}}}ine Studie zum {Westmitteldeutschen} ({Wittlich}/{E}ifel): {{Z}}ugl.: {{M}}arburg, Univ., Diss., 2002},
	year = {2003}
}

@book{Lehmann1992,
	address = {Erfurt},
	author = {Lehmann, Christian and Stolz, Christel},
	number = {6},
	publisher = {{Seminar für Sprachwissenschaft der Universität Erfurt}},
	series = {ASSidUE},
	title = {Bildung von Adpositionen im {Deutschen}},
	year = {1992}
}

@book{Lehmann.1995,
	address = {Berlin},
	author = {Lehmann, Christian},
	edition = {3.},
	number = {1},
	price = {DM 43.00 (freier Pr.) // (Softcover)},
	publisher = {{Language Science Press}},
	series = {LINCOM studies in theoretical linguistics},
	title = {Thoughts on grammaticalization},
	year = {2015}
}

@book{Labov2006,
	address = {Cambridge and New York},
	author = {Labov, William},
	edition = {2.},
	publisher = {{Cambridge University Press}},
	title = {The social stratification of {English} in {New York} City},
	year = {2006[1966]}
}

@book{Labov1978,
	address = {Königstein},
	author = {Labov, William},
	publisher = {Scriptor},
	series = {Monographien Linguistik und Kommunikationswissenschaft},
	number = {23},
	title = {{Sprache} im sozialen {Kontext}. {{B}}eschreibung und Erklärung struktureller und sozialer {Bedeutung} von {Sprachvariation}},
	year = {1978}
}

@book{Labov.2006,
	address = {Malden, Mass.},
	author = {Labov, William},
	number = {29},
	publisher = {Blackwell},
	series = {Language in society},
	title = {Principles of linguistic change: {{B}}and 2: {{S}}ocial Factors},
	year = {2006}
}

@book{Kuckartz2010,
	address = {Wiesbaden},
	author = {Kuckartz, Udo},
	doi = {10.1007/978-3-531-92126-6},
	edition = {3., aktualisierte},
	publisher = {{VS Verl. für Sozialwissenschaften}},
	title = {Einführung in die computergestützte Analyse qualitativer {Daten}},
	url = {http://dx.doi.org/10.1007/978-3-531-92126-6},
	year = {2010}
}

@book{Kuckartz.2014,
	address = {Weinheim and Basel},
	author = {Kuckartz, Udo},
	edition = {2., durchges.},
	price = {kart. : ca. EUR 14.95 (DE), ca. EUR 15.40 (AT), ca. sfr 21.30 (freier Pr.)},
	publisher = {Beltz},
	series = {Grundlagentexte Methoden},
	title = {Qualitative Inhaltsanalyse: {{M}}ethoden, Praxis, Computerunterstützung},
	year = {2014}
}

@book{Konig.2014,
	address = {Berlin},
	author = {König, Katharina},
	doi = {10.1524/9783110352245},
	number = {2},
	publisher = {{Akademie Verlag}},
	series = {Empirische Linguistik},
	sortname = {K{o}nig, Katharina},
	title = {Spracheinstellungen und Identitätskonstruktion: {{{E}}}ine gesprächsanalytische {Untersuchung} sprachbiographischer Interviews mit {Deutsch}-Vietnamesen: {{T}}eilw. {{Z}}ugl.: {{M}}ünster, Univ., Diss., 2013 u. {{D}}. {{T}}.: {{S}}pracheinstellungsäußerungen zu Mehrsprachigkeit},
	url = {http://www.degruyter.com/search?f_0=isbnissn&q_0=9783110352245&searchTitles=true},
	year = {2014}
}

@book{Klockow.1980,
	address = {Frankfurt a. M.},
	author = {Klockow, Reinhard},
	publisher = {{Haag und Herchen}},
	title = {{Linguistik} der Gänsefüßchen: {{{U}}}ntersuchungen zum Gebrauch der Anführungszeichen im gegenwärtigen {Deutsch}: {{Z}}ugl. : {{B}}erlin, Freie {U}niv., Diss., 1980},
	year = {1980}
}

@book{Kilian2010,
	address = {Berlin},
	author = {Kilian, Jörg and Niehr, Thomas and Schiewe, Jürgen},
	number = {43},
	publisher = {de Gruyter},
	series = {Germanistische Arbeitshefte},
	sortname = {Kilian, J{o}rg and Niehr, Thomas and Schiewe, J{u}rgen},
	title = {Sprachkritik: {{A}}nsätze und {Methoden} der kritischen Sprachbetrachtung},
	url = {http://www.reference-global.com/doi/book/10.1515/9783110231465},
	year = {2010}
}

@book{Jung1980,
	address = {Leipzig},
	author = {Jung, Walter},
	edition = {6.},
	publisher = {{Bibliographisches Institut}},
	title = {{Grammatik} der deutschen {Sprache}},
	year = {1980}
}

@book{Jonas.2014,
	address = {Berlin},
	author = {Jonas, Klaus and Stroebe, Wolfgang and Hewstone, Miles},
	edition = {6., vollst. überarb.},
	publisher = {{Springer Gabler}},
	series = {Springer-Lehrbuch},
	title = {Sozialpsychologie: {{{E}}}ine {E}inführung},
	url = {https://doi.org/10.1007/978-3-642-41091-8},
	year = {2014}
}

@book{Hundt.2000,
	address = {Berlin},
	author = {Hundt, Markus},
	publisher = {de Gruyter},
	series = {Studia linguistica Germanica},
	title = {„Spracharbeit“ im 17. {{J}}ahrhundert: {{S}}tudien zu Georg Philipp Harsdörffer, Justus Georg Schottelius und {Christian} Gueintz},
	url = {http://www.degruyter.com/doi/book/10.1515/9783110818079},
	year = {2000}
}

@book{Hundt.1992,
	address = {Stuttgart},
	author = {Hundt, Markus},
	number = {H. 78},
	price = {DM 48.00},
	publisher = {Steiner},
	series = {Zeitschrift für Dialektologie und Linguistik Beihefte},
	title = {{E}instellungen gegenüber dialektal gefärbter {Standardsprache}: {{{E}}}ine empirische {Untersuchung} zum {Bairischen}, Hamburgischen, Pfälzischen und Schwäbischen: {{Z}}ugl.: [{Freiburg}, Br.], Univ., Magisterarbeit, 1991},
	year = {1992}
}

@book{Hoberg.2008,
	address = {Wiesbaden},
	author = {Hoberg, Rudolf and Eichhoff-Cyrus and Schulz, Rüdiger},
	publisher = {{Gesellschaft für deutsche Sprache}},
	sortname = {Hoberg, Rudolf and Eichhoff-Cyrus and Schulz, R{u}diger},
	title = {Wie denken die {Deutschen} über ihre Muttersprache und über Fremdsprachen?},
	year = {2008}
}

@book{Heynatz.1777,
	address = {Berlin},
	author = {Heynatz, Johann Friedrich},
	edition = {3.},
	publisher = {Mylius},
	title = {{Deutsche} Sprachlehre zum Gebrauch der Schulen},
	year = {1777}
}

@book{Heringer.2015,
	address = {Paderborn},
	author = {Heringer, Hans Jürgen and Wimmer, Rainer},
	number = {4309},
	publisher = {UTB},
	series = {UTB M (Medium-Format)},
	sortname = {Heringer, Hans J{u}rgen and Wimmer, Rainer},
	title = {Sprachkritik: {{{E}}}ine {E}inführung},
	url = {http://www.utb-studi-e-book.de/9783838543093},
	year = {2015}
}

@book{Helbig.2017,
	address = {Stuttgart},
	author = {Helbig, Gerhard and Buscha, Joachim},
	publisher = {Klett},
	title = {{Deutsche} {Grammatik}: {{{E}}}in {Handbuch} für den Ausländerunterricht},
	year = {2017}
}

@book{Heine.1991,
	address = {Chicago},
	author = {Heine, Bernd and Claudi, Ulrike and Hünnemeyer, Friederike},
	publisher = {{University of Chicago Press}},
	sortname = {Heine, Bernd and Claudi, Ulrike and H{u}nnemeyer, Friederike},
	title = {Grammaticalization: {{A}} conceptual framework},
	year = {1991}
}

@book{Halliday1964,
	address = {London},
	author = {Halliday, Michael Alexander Kirkwood and MacIntosh, Angus and Strevens, Peter},
	number = {[1]},
	publisher = {Longman},
	series = {Longman linguistics library},
	title = {The linguistic sciences and language teaching},
	year = {1964}
}

@book{Gumperz.1982,
	address = {Cambridge},
	author = {Gumperz, John J.},
	number = {1},
	publisher = {{Cambridge University Press}},
	series = {Studies in interactional sociolinguistics},
	title = {Discourse strategies},
	year = {1982}
}

@book{Graff.1824,
	address = {Königsberg},
	author = {Graff, Eberhard Gottlieb},
	publisher = {Bornträger},
	title = {Die althochdeutschen Präpositionen: {{{E}}}in {Beitrag} zur deutschen Sprachkunde und Vorläufer eines althochdeutschen Sprachsatzes nach den Quellen des 8ten bis 11ten {Jahrhunderts}},
	year = {1824}
}

@book{Gloy1975,
	address = {Stuttgart},
	author = {Gloy, Klaus},
	number = {46},
	publisher = {Frommann-Holzboog},
	series = {Problemata},
	title = {Sprachnormen: {{L}}inguistische und soziologische Analysen: {{Z}}ugl.: {{K}}onstanz, Univ., Diss., 1974},
	year = {1975}
}

@book{Gartig2010,
	address = {Mannheim},
	author = {Gärtig, Anne-Kathrin and Plewnia, Albrecht and Rothe, Astrid},
	institution = {{Institut für Deutsche Sprache}},
	number = {40},
	price = {EUR 27.00 (DE)},
	publisher = {{Inst. für Dt. Sprache}},
	series = {Arbeitspapiere und Materialien zur deutschen Sprache},
	sortname = {G{a}rtig, Anne-Kathrin and Plewnia, Albrecht and Rothe, Astrid},
	title = {Wie Menschen in {Deutschland} über {Sprache} denken: {{{E}}}rgebnisse einer bundesweiten Repräsentativerhebung zu aktuellen {Sprache}instellungen},
	year = {2010}
}

@book{Garrett2003,
	address = {Cardiff},
	author = {Garrett, Peter and Coupland, Nikolas and Williams, Angie},
	publisher = {{University of Wales Press}},
	title = {Investigating language attitudes: {{S}}ocial meanings of dialect, ethnicity and performance},
	year = {2003}
}

@book{Garrett.2012,
	address = {Cambridge and New York and Melbourne and Madrid and Cape Town and Singapore and São Paulo and Delhi and Dubai and Tokio},
	author = {Garrett, Peter},
	publisher = {{Cambridge University Press}},
	series = {Key topics in sociolinguistics},
	title = {Attitudes to language},
	year = {2012}
}

@book{Gal.2019,
	address = {Cambridge and New York},
	author = {Gal, Susan and Irvine, Judith},
	publisher = {{Cambridge University Press}},
	title = {Signs of difference: {{L}}anguage and ideology in social life},
	year = {2019}
}

@book{Foucault.1981,
	address = {Frankfurt a. M.},
	author = {Foucault, Michel},
	publisher = {Suhrkamp},
	series = {Suhrkamp-Taschenbuch Wissenschaft},
	title = {Archäologie des Wissens},
	year = {1981}
}

@book{Foucault.1974,
	address = {München},
	author = {Foucault, Michel},
	publisher = {Hanser},
	title = {Die Ordnung des Diskurses},
	year = {1974}
}

@book{Eroms1981,
	address = {Heidelberg},
	author = {Eroms, Hans-Werner},
	number = {11},
	publisher = {Winter},
	series = {Monographien zur Sprachwissenschaft},
	title = {Valenz, {Kasus} und Präpositionen: {{{U}}}ntersuchungen zur Syntax und {Semantik} präpositionaler Konstruktionen in der deutschen {Gegenwartssprache}: {{Z}}ugl.: {{R}}egensburg, Habil.-Schr., 1977},
	year = {1981}
}

@book{Engel1988,
	address = {Heidelberg},
	author = {Engel, Ulrich},
	edition = {2., verb.},
	price = {DM 68.00},
	publisher = {Groos},
	title = {{Deutsche} {Grammatik}},
	year = {1988}
}

@book{Elspa2005,
	address = {Tübingen},
	author = {Elspaß, Stephan},
	number = {263},
	publisher = {Niemeyer},
	series = {Reihe Germanistische Linguistik},
	sortname = {Elspaß, Stephan},
	title = {{Sprachgeschichte} von unten: {{{U}}}ntersuchungen zum geschriebenen {Alltagsdeutsch} im 19. {{J}}ahrhundert: {{Z}}ugl.: {{M}}ünster (Westf.), {U}niv., Habil.-Schr., 2003},
	year = {2005}
}

@book{Eisenberg.2013,
	address = {Stuttgart},
	author = {Eisenberg, Peter},
	edition = {4., aktualisierte und überarb.},
	publisher = {Metzler},
	title = {Grundriß der deutschen {Grammatik}},
	year = {2013}
}

@book{Eckert2004,
	address = {Malden},
	author = {Eckert, Penelope},
	number = {27},
	price = {alk. paper},
	publisher = {Blackwell},
	series = {Language in society},
	title = {Linguistic variation as social practice: {{T}}he linguistic construction of identity in Belten High},
	year = {2004}
}

@book{Duden2016b,
	address = {Berlin},
	author = {Duden},
	edition = {8., vollständig überarbeitete},
	number = {9},
	price = {EUR 25.70 (AT), sfr 35.50 (freier Preis), EUR 24.99 (DE)},
	publisher = {Dudenverlag},
	series = {Der Duden in zwölf Bänden, das Standardwerk zur deutschen Sprache},
	title = {Das Wörterbuch der sprachlichen Zweifelsfälle: {{R}}ichtiges und gutes {Deutsch}},
	year = {2016}
}

@book{Duden2016,
	address = {Berlin},
	author = {Duden},
	edition = {9., vollständig überarbeitete und aktualisierte},
	institution = {Duden},
	number = {4},
	price = {eBook},
	publisher = {Dudenverlag},
	series = {Der Duden in zwölf Bänden, das Standardwerk zur deutschen Sprache},
	title = {Duden -- die {Grammatik}: {{{U}}}nentbehrlich für richtiges {Deutsch}},
	year = {2016}
}

@book{Doring2016,
	address = {Berlin and Heidelberg},
	author = {Döring, Nicola and Bortz, Jürgen},
	doi = {10.1007/978-3-642-41089-5},
	edition = {5. vollständig überarbeitete, aktualisierte und erweiterte},
	publisher = {Springer},
	series = {Springer-Lehrbuch},
	sortname = {D{o}ring, Nicola and Bortz, J{u}rgen},
	title = {Forschungsmethoden und Evaluation in den Sozial- und Humanwissenschaften},
	url = {http://dx.doi.org/10.1007/978-3-642-41089-5},
	year = {2016}
}

@book{Diewald.1997,
	address = {Berlin},
	author = {Diewald, Gabriele},
	number = {36},
	publisher = {de Gruyter},
	series = {Germanistische Arbeitshefte},
	title = {{Grammatikalisierung}: {{{E}}}ine {E}inführung in Sein und Werden grammatischer Formen},
	url = {http://www.degruyter.com/search?f_0=isbnissn&q_0=9783110946673&searchTitles=true},
	year = {1997}
}

@book{Diekmann2008,
	address = {Reinbek bei Hamburg},
	author = {Diekmann, Andreas},
	edition = {19., vollständig überarbeitete und erweiterte},
	number = {55678},
	publisher = {Rowohlt},
	series = {rororo rowohlts enzyklopädie},
	title = {Empirische Sozialforschung: {{G}}rundlagen, {Methoden}, Anwendungen},
	year = {2008}
}

@book{DiMeola2000,
	address = {Tübingen},
	author = {{Di Meola}, Claudio},
	number = {62},
	publisher = {Stauffenburg},
	series = {Studien zur deutschen Grammatik},
	title = {Die {Grammatikalisierung} deutscher Präpositionen},
	year = {2000}
}

@book{Davies2006,
	address = {Frankfurt a. M.},
	author = {Davies, Winifred and Langer, Nils},
	publisher = {Lang},
	title = {The Making of Bad Language: {{L}}ay Linguistic Stigmatisations in {German}: {P}ast and Present},
	year = {2006}
}

@book{Cuonz.2014b,
	address = {Tübingen},
	author = {Cuonz, Christina and Studler, Rebekka},
	number = {81},
	publisher = {Stauffenburg},
	series = {Stauffenburg Linguistik},
	title = {Sprechen über {Sprache}: {{P}}erspektiven und neue {Methoden} der {Sprache}instellungsforschung},
	year = {2014}
}

@book{Cuonz.2014,
	address = {Tübingen},
	author = {Cuonz, Christina},
	number = {93},
	price = {EUR 68.00 (DE), EUR 70.00 (AT), sfr 87.60 (freier Pr.)},
	publisher = {Francke},
	series = {Basler Studien zur deutschen Sprache und Literatur},
	title = {Sprachliche Werturteile von Laien: {{{E}}}ine sozio-kognitive Analyse},
	year = {2014}
}

@book{Coupland.2007,
	address = {Cambridge},
	author = {Coupland, Nikolas},
	publisher = {{Cambridge University Press}},
	series = {Key topics in sociolinguistics},
	title = {Style: {{L}}anguage variation and identity},
	url = {http://dx.doi.org/10.1017/CBO9780511755064},
	year = {2007}
}

@book{Cameron1995,
	address = {London and New York},
	author = {Cameron, Deborah},
	publisher = {Routledge},
	series = {The politics of language},
	title = {Verbal hygiene},
	year = {1995}
}

@book{Buhler.1999,
	address = {Stuttgart},
	author = {Bühler, Karl},
	edition = {3.},
	number = {1159},
	publisher = {{Lucius \& Lucius}},
	series = {UTB für Wissenschaft Uni-Taschenbücher Psychologie, Sprachwissenschaften},
	sortname = {B{u}hler, Karl},
	title = {{Sprachtheorie}: {{D}}ie Darstellungsfunktion der {Sprache}},
	year = {1999}
}

@book{Bredel.2011,
	address = {Heidelberg},
	author = {Bredel, Ursula},
	publisher = {Winter},
	series = {Kurze Einführungen in die germanistische Linguistik},
	title = {Interpunktion},
	year = {2011}
}

@book{Barbour1998,
	address = {Berlin and New York},
	author = {Barbour, Stephen and Stevenson, Patrick and Gebel, Konstanze},
	doi = {10.1515/9783110804751},
	publisher = {de Gruyter},
	series = {De-Gruyter-Studienbuch},
	title = {Variation im {Deutschen}: {{S}}oziolinguistische Perspektiven},
	year = {1998}
}

@book{Banhold2015,
	address = {Hamburg},
	author = {Banhold, Dominik},
	number = {204},
	price = {Pb. : EUR 99.80 (DE)},
	publisher = {Kovač},
	series = {Schriftenreihe Philologia},
	title = {Sprachnorm, Sprachbewertung, Sprachlehre: {{Z}}um Umgang mit flexionsmorphologischer Varianz in deutschen Schulgrammatiken (1801--1932)},
	year = {2015}
}

@book{Bachtin.1990,
	address = {Austin},
	author = {Bachtin, Michail M.},
	edition = {7.},
	publisher = {{University of Texas Press}},
	series = {University of Texas Press Slavic series},
	title = {The dialogic imagination: 4 essays},
	year = {1990}
}

@book{Atteslander2010,
	address = {Berlin},
	author = {Atteslander, Peter},
	edition = {13.},
	price = {PB., EUR 19.95, sfr 28.00, freier Pr},
	publisher = {{Erich Schmidt Verlag}},
	series = {ESV basics},
	title = {{Methoden} der empirischen Sozialforschung},
	year = {2010}
}

@book{Aronson.2014,
	address = {Hallbergmoos},
	author = {Aronson, Elliot and Wilson, Timothy D. and Akert, Robin M.},
	edition = {8., aktualisierte},
	price = {EUR 59.95 (DE), EUR 61.70 (AT), sfr 79.00 (freier Pr.)},
	publisher = {Pearson},
	series = {Always Learning},
	title = {Sozialpsychologie},
	url = {http://lib.myilibrary.com?id=652729},
	year = {2014}
}

@book{Antos1996,
	address = {Tübingen},
	author = {Antos, Gerd},
	publisher = {Niemeyer},
	series = {Germanistische Linguistik},
	title = {{Laienlinguistik}: {{S}}tudien zu {Sprach}- und Kommunikationsproblemen im {Alltag}. {{A}}m {Beispiel} von {Sprach}ratgebern und Kommunikationstrainings},
	year = {1996}
}

@book{Anderwald.2017,
	address = {Frankfurt a. M.},
	author = {Anderwald, Lieselotte and Hoekstra, Jarich},
	price = {MOBI},
	publisher = {Lang},
	series = {Kieler Forschungen zur Sprachwissenschaft},
	title = {Enregisterment: {{Z}}ur sozialen {Bedeutung} sprachlicher Variation},
	year = {2017}
}

@book{Agha2007,
	address = {Cambridge and New York},
	author = {Agha, Asif},
	number = {24},
	publisher = {{Cambridge University Press}},
	series = {Studies in the social and cultural foundations of language},
	title = {Language and social relations},
	year = {2007}
}

@article{Woolard2008,
	author = {Woolard, Kathryn A.},
	doi = {10.1111/j.1467-9841.2008.00375.x},
	journal = {Journal of Sociolinguistics},
	number = {4},
	pages = {432--452},
	title = {Why dat now? {{L}}inguistic-anthropological contributions to the explanation of sociolinguistic icons and change},
	volume = {12},
	year = {2008}
}

@article{Woolard1994,
	author = {Woolard, Kathryn A. and Schieffelin, Bambi B.},
	journal = {Annual review of Anthropology},
	pages = {55--82},
	title = {Language ideology},
	volume = {23},
	year = {1994}
}

@article{Wolfer.2020,
	author = {Wolfer, Sascha and Müller-Spitzer, Carolin and {Ribeiro Silveira}, Maria},
	doi = {10.37307/j.1868-775X.2020.02.06},
	journal = {Deutsche Sprache},
	pages = {174--192},
	sortname = {Wolfer, Sascha and M{u}ller-Spitzer, Carolin and {Ribeiro Silveira}, Maria},
	title = {Mit der Fähre nach {Island}, weil Flugangst. {{T}}extsortenspezifische Angemessenheit von \textit{weil} mit Verbletztstellung, \textit{weil} mit {Verbzweitstellung} und in elliptischen Konstruktionen empirisch untersucht},
	volume = {2},
	year = {2020}
}

@article{Vater.2015,
	author = {Vater, Heinz},
	journal = {Zeitschrift des Verbandes Polnischer Germanisten},
	number = {3},
	pages = {217--232},
	title = {Kasusveränderungen im gegenwärtigen {Deutschen}},
	volume = {4},
	year = {2015}
}

@article{Trudgill.1972,
	author = {Trudgill, Peter},
	journal = {Language in Society},
	number = {2},
	pages = {179--195},
	title = {Sex, covert prestige and linguistic change in the urban {British} {English} of Norwich},
	volume = {1},
	year = {1972}
}

@article{Tagliamonte.2012,
	author = {Tagliamonte, Sali A. and Baayen, R. Harald},
	doi = {10.1017/S0954394512000129},
	journal = {Language Variation and Change},
	number = {2},
	pages = {135--178},
	title = {Models, forests, and trees of {York} {English}: \textit{Was}/\textit{were} variation as a case study for statistical practice},
	volume = {24},
	year = {2012}
}

@article{Spitzmuller2013,
	author = {Spitzmüller, Jürgen},
	journal = {Zeitschrift für Diskursforschung},
	number = {3},
	pages = {263--287},
	sortname = {Spitzm{u}ller, J{u}rgen},
	title = {Metapragmatik, Indexikalität, soziale Registrierung: {{Z}}ur diskursiven Konstruktion sprachideologischer Positionen},
	volume = {1},
	year = {2013}
}

@article{Spitzmuller.2017b,
	author = {Spitzmüller, Jürgen and Flubacher, Mi-Cha and Bendl, Christian},
	journal = {Wiener Linguistische Gazette},
	pages = {1--18},
	sortname = {Spitzm{u}ller, J{u}rgen and Flubacher, Mi-Cha and Bendl, Christian},
	title = {Soziale Positionierung: Praxis und Praktik: {{{E}}}inführung in das Themenheft},
	url = {http://wlg.univie.ac.at/fileadmin/user_upload/p_wlg/812017/spitzmueller-flubacher-bendl-einf.pdf},
	volume = {81},
	langid = {german},
	year = {2017}
}

@article{Spitzmuller.2007,
	author = {Spitzmüller, Jürgen},
	journal = {Muttersprache},
	number = {3},
	pages = {185--198},
	sortname = {Spitzm{u}ller, J{u}rgen},
	title = {{Sprache} und Identität: {{W}}arum die Anglizismen die Gemüter erhitzen},
	volume = {117},
	year = {2007}
}

@article{Spitzmuller.2005,
	author = {Spitzmüller, Jürgen},
	journal = {Aptum. Zeitschrift für Sprachkritik und Sprachkultur},
	number = {3},
	pages = {248--261},
	sortname = {Spitzm{u}ller, J{u}rgen},
	title = {Das Eigene, das Fremde und das {U}nbehagen an der {Sprachkultur}. Überlegungen zur Dynamik sprachideologischer Diskurse},
	volume = {1},
	year = {2005}
}

@book{Spitta.2000,
	author = {Spitta, Gudrun},
	journal = {Eine Schriftenreihe des Studiengangs Primarstufean der Universität Bremen im Fachbereich 12: Bildungs- und Erziehungswissenschaften},
	title = {Sind Sprachbewusstheit und Sprachbewusstsein dasselbe? Oder: Gedanken zu einer vernachlässigten Differenzierung},
	url = {https://media.suub.uni-bremen.de/bitstream/elib/2859/1/00101144-1.PDF},
	langid = {german},
	year = {2000}
}

@article{Silverstein2003,
	author = {Silverstein, Michael},
	doi = {10.1016/S0271-5309(03)00013-2},
	journal = {Language \& Communication},
	pages = {193--229},
	title = {Indexical order and the dialectics of sociolinguistic life},
	volume = {23},
	year = {2003}
}

@article{Silverstein1992,
	author = {Silverstein, Michael},
	doi = {10.1075/prag.2.3.11sil},
	journal = {Pragmatics},
	number = {3},
	pages = {311--323},
	title = {The uses and utility of ideologies: {S}ome reflections},
	volume = {2},
	year = {1992}
}

@article{Silverstein.2017,
	author = {Silverstein, Michael},
	journal = {Journal of the Anthropological Society of Oxford},
	number = {1},
	pages = {134--164},
	title = {Standards, Styles, and Signs of the Social Self},
	volume = {9},
	year = {2017}
}

@article{Silverstein.2013,
	author = {Silverstein, Michael},
	doi = {10.1086/673252},
	journal = {Signs and Society},
	number = {2},
	pages = {327--366},
	title = {Discourse and the {No}-thing-ness of Culture},
	volume = {1},
	year = {2013}
}

@article{Shrier.1965,
	author = {Shrier, Martha},
	journal = {Language},
	number = {3},
	pages = {420--438},
	title = {Case systems in {German} dialects},
	volume = {41},
	year = {1965}
}

@article{Schreier.2014,
	author = {Schreier, Margrit},
	doi = {10.17169/fqs-15.1.2043},
	journal = {Forum Qualitative Sozialforschung},
	pages = {o. S.},
	title = {Varianten qualitativer Inhaltsanalyse: {{{E}}}in Wegweiser im Dickicht der Begrifflichkeiten},
	volume = {15},
	year = {2014}
}

@article{Schneider2013,
	author = {Schneider, Jan Georg},
	journal = {Sprachreport},
	number = {1-2},
	pages = {30--37},
	title = {Sprachliche ‚Fehler‘ aus sprachwissenschaftlicher {Sicht}},
	volume = {29},
	year = {2013}
}

@article{Schmid.1973,
	author = {Schmid, Rudolf},
	journal = {Papiere zur Linguistik},
	pages = {116--135},
	title = {{Dialekt} und Vorurteil: {{Z}}ur Beurteilung von {Dialekt}sprechern},
	volume = {5},
	year = {1973}
}

@article{Schiewe.2005,
	author = {Schiewe, Jürgen and Wengeler, Martin},
	journal = {Aptum. Zeitschrift für Sprachkritik und Sprachkultur},
	number = {1},
	pages = {1--13},
	sortname = {Schiewe, J{u}rgen and Wengeler, Martin},
	title = {Einführung der Herausgeber zum ersten Heft},
	volume = {1},
	year = {2005}
}

@article{Sato.2016,
	author = {Sato, Megumi},
	journal = {Sprachwissenschaft},
	number = {3/4},
	pages = {403--420},
	title = {Soziopragmatische {{U}ntersuchungen} zur Kasusrektion bei \textit{wegen} in inszeniert mündlichen Texten des 18. {{{U}}}nd 19. {{J}}ahrhunderts},
	volume = {41},
	year = {2016}
}

@article{Sato.2015,
	author = {Sato, Megumi},
	journal = {Muttersprache},
	number = {1},
	pages = {23--56},
	title = {„Wegen dem Clavier“. {{D}}ie Beethovens und der Rektionswandel der Präpositionen \textit{wegen, statt} und \textit{während} im Zeitraum 1520--1870},
	volume = {125},
	year = {2015}
}

@article{Rumsey.1990,
	author = {Rumsey, Alan},
	journal = {American anthropologist},
	number = {2},
	pages = {346--361},
	title = {Wording, meaning, and linguistic ideology},
	volume = {92},
	year = {1990}
}

@article{Rauh1990,
	author = {Rauh, Gisa},
	journal = {Wuppertaler Beiträge zur Sprachwissenschaft},
	pages = {33--63},
	title = {Präpositionen: {{{E}}}ine geschlossene Klasse?},
	volume = {7},
	year = {1990}
}

@article{Quirk.1964,
	author = {Quirk, Randolph and Mulholland, Joan},
	journal = {English Studies: A Journal Of English Language And Literature},
	number = {1-6},
	pages = {64--73},
	title = {Complex prepositions and related sequences},
	volume = {45},
	year = {1964}
}

@article{Purschke2014,
	author = {Purschke, Christoph},
	journal = {Linguistik online},
	number = {4},
	pages = {32--50},
	title = {„I remember it like it was interesting“: {{Z}}ur Theorie von {Salienz} und Pertinenz},
	volume = {66},
	year = {2014}
}

@article{Preston1996,
	author = {Preston, Dennis R.},
	doi = {10.1080/09658416.1996.9959890},
	journal = {Language Awareness},
	number = {1},
	pages = {40--74},
	title = {Whaddayaknow? {{T}}he modes of folk linguistic awareness},
	volume = {5},
	year = {1996}
}

@article{Preston.1991,
	author = {Preston, Dennis R.},
	doi = {10.2307/455433},
	journal = {American Speech},
	number = {1},
	pages = {33--56},
	title = {Sorting out the Variables in Sociolinguistic Theory},
	volume = {66},
	year = {1991}
}

@article{Potter.1998,
	author = {Potter, Jonathan},
	journal = {European review of social psychology},
	number = {1},
	pages = {233--266},
	title = {Discursive social psychology: {{F}}rom attitudes to evaluative practices},
	volume = {9},
	year = {1998}
}

@article{Petig1997,
	author = {Petig, William E.},
	doi = {10.2307/3531208},
	journal = {Die Unterrichtspraxis/Teaching German},
	number = {1},
	pages = {36},
	title = {Genitive Prepositions Used with the {Dative} in Spoken {German}},
	volume = {30},
	year = {1997}
}

@article{Ochs.1993,
	author = {Ochs, Elinor},
	journal = {Research on language and social interaction},
	number = {3},
	pages = {287--306},
	title = {Constructing social identity: {{A}} language socialization perspective},
	volume = {26},
	year = {1993}
}

@article{Milroy2001,
	author = {Milroy, James},
	journal = {Journal of Sociolinguistics},
	number = {4},
	pages = {530--555},
	title = {Language ideologies and the consequences of standardization},
	volume = {5},
	year = {2001}
}

@article{Maitz2015,
	author = {Maitz, Péter},
	journal = {Zeitschrift für Dialektologie und Linguistik},
	number = {2},
	pages = {206--227},
	sortname = {Maitz, P{e}ter},
	title = {{Sprachvariation}, sprachliche Ideologien und Schule},
	volume = {82},
	year = {2015}
}

@article{Liebscher.2009,
	author = {Liebscher, Grit and Dailey-O'Cain, Jennifer},
	doi = {10.1111/j.1467-9841.2009.00404.x},
	journal = {Journal of Sociolinguistics},
	number = {2},
	pages = {195--222},
	sortname = {Liebscher, Grit and Dailey-O'Cain, Jennifer},
	title = {Language attitudes in interaction},
	volume = {13},
	year = {2009}
}

@article{Leiner.2019,
	author = {Leiner, Dominik Johannes},
	doi = {10.18148/SRM/2019.V13I3.7403},
	journal = {Survey Research Methods},
	number = {3},
	pages = {229--248},
	title = {Too Fast, too Straight, too Weird: {{N}}on-Reactive Indicators for Meaningless Data in Internet Surveys},
	volume = {13},
	year = {2019}
}

@article{Lehmann.1985,
	author = {Lehmann, Christian},
	journal = {Lingua e stile},
	pages = {303--318},
	title = {Grammaticalization: {S}ynchronic variation and diachronic change},
	volume = {20},
	year = {1985}
}

@article{Langer.,
	author = {Langer, Nils},
	journal = {Mitteilungen des Deutschen Germanistenverbandes},
	number = {4},
	pages = {321--335},
	title = {Sprachkritik und Sprachnormen -- regionale, mediale und soziale Differenzierungen},
	volume = {60},
	year = {2013}
}

@article{Lambert.1967,
	author = {Lambert, Wallace E.},
	journal = {Journal of social issues},
	number = {2},
	pages = {91--109},
	title = {A social psychology of bilingualism},
	volume = {23},
	year = {1967}
}

@article{Lambert.1960,
	author = {Lambert, Wallace E. and Hodgson, Richard C. and Gardner, Robert C. and Fillenbaum, Samuel},
	journal = {The Journal of Abnormal and Social Psychology},
	number = {1},
	pages = {44--51},
	title = {Evaluational reactions to spoken languages},
	volume = {60},
	year = {1960}
}

@article{Labov1963,
	author = {Labov, William},
	doi = {10.1080/00437956.1963.11659799},
	journal = {WORD},
	number = {3},
	pages = {273--309},
	title = {The Social Motivation of a Sound Change},
	volume = {19},
	year = {1963}
}

@article{Kortmann.1992,
	author = {Kortmann, Bernd and König, Ekkehard},
	journal = {Linguistics},
	number = {4},
	pages = {671--698},
	sortname = {Kortmann, Bernd and K{o}nig, Ekkehard},
	title = {Categorial reanalysis: {{T}}he case of deverbal prepositions},
	volume = {30},
	year = {1992}
}

@article{Koplenig.2016,
	author = {Koplenig, Alexander and Knöbl, Ralf and Deppermann, Arnulf},
	journal = {Linguistische Berichte},
	pages = {171--196},
	sortname = {Koplenig, Alexander and Kn{o}bl, Ralf and Deppermann, Arnulf},
	title = {Methodological approaches to people's notions of spoken {Standard} {German}},
	volume = {246},
	year = {2016}
}

@article{Konig.2017,
	author = {König, Katharina},
	journal = {Sprache Interaktion},
	number = {75},
	pages = {1--30},
	sortname = {K{o}nig, Katharina},
	title = {Die interaktionale Genese von sprachbezogenem Wissen},
	volume = {11},
	year = {2017}
}

@article{Klein2003,
	author = {Klein, Wolf Peter},
	journal = {Linguistik online},
	number = {4},
	pages = {5--33},
	title = {Sprachliche Zweifelsfälle als linguistischer Gegenstand: {{Z}}ur Einführung in ein vergessenes {Thema} der {Sprachwissenschaft}.},
	volume = {16},
	year = {2003}
}

@article{Hennig2016,
	author = {Hennig, Mathilde and Lotzow, Stephanie},
	journal = {Deutsche Sprache. Zeitschrift für Theorie, Praxis, Dokumentation},
	pages = {1--22},
	title = {Über welche grammatischen {Konzepte} verfügen wir?~Ein empirischer {Beitrag} zu Grammatikbenutzungsforschung und Transferwissenschaft},
	volume = {44},
	year = {2016}
}

@incollection{Hazen.2011,
	author = {Hazen, Kirk},
	editor = {Wodak, R. and Johnstone, B. and Paul E. Kerswill},
	booktitle = {The {SAGE} Handbook of Sociolinguistics},
	pages = {24--39},
	title = {Labov: {{L}}anguage variation and change},
	year = {2011}
}

@article{Gillmann.2018,
	author = {Gillmann, Melitta},
	doi = {10.1515/flin-2018-0013},
	journal = {Folia Linguistica},
	number = {2},
	pages = {483--522},
	title = {Causal inference or conventionalized meaning? {{A}} corpus study of the {German} connector \textit{nachdem} `after' in regional standard varieties},
	volume = {52},
	year = {2018}
}

@article{Gessinger.2008,
	author = {Gessinger, Joachim},
	journal = {Niederdeutsches Jahrbuch},
	pages = {133--145},
	title = {Perzeptive {Dialektologie} und Spracheinstellungsforschung},
	volume = {131},
	year = {2008}
}

@article{Garrett.2001,
	author = {Garrett, Peter},
	journal = {Journal of Sociolinguistics},
	number = {4},
	pages = {626--631},
	title = {Language attitudes and sociolinguistics},
	volume = {5},
	year = {2001}
}

@article{Garrett.1999,
	author = {Garrett, Peter and Coupland, Nikolas and Williams, Angie},
	journal = {Language in Society},
	number = {3},
	pages = {321--354},
	title = {Evaluating dialect in discourse: {{T}}eachers' and teenagers' responses to young {English} speakers in {Wales}},
	volume = {28},
	year = {1999}
}

@article{Gal.2006b,
	author = {Gal, Susan},
	doi = {10.1017/S0964028206002515},
	journal = {Social Anthropology},
	number = {2},
	pages = {163},
	title = {Contradictions of standard language in {Europe}: {{I}}mplications for the study of practices and publics},
	volume = {14},
	year = {2006}
}

@article{Gal.1995,
	author = {Gal, Susan and Irvine, Judith},
	journal = {Social research},
	number = {4},
	pages = {967--1001},
	title = {The boundaries of languages and disciplines: {{H}}ow ideologies construct difference},
	volume = {62},
	year = {1995}
}

@article{Fiske.2002,
	author = {Fiske, Susan T. and Cuddy, Amy J. C. and Glick, Peter and Xu, Jun},
	doi = {10.1037//0022-3514.82.6.878},
	journal = {Journal of Personality and Social Psychology},
	number = {6},
	pages = {878--902},
	title = {A model of (often mixed) stereotype content: {{C}}ompetence and warmth respectively follow from perceived status and competition},
	volume = {82},
	year = {2002}
}

@article{Elspa.2015,
	author = {Elspaß, Stephan},
	doi = {10.1515/zgl-2015-0022},
	journal = {Zeitschrift für germanistische Linguistik},
	number = {3},
	pages = {387--420},
	sortname = {Elspaß, Stephan},
	title = {Grammatischer {Wandel} im (Mittel-){Neuhochdeutschen} -- von oben und von unten. {{P}}erspektiven einer Historischen {Soziolinguistik} des {Deutschen}},
	volume = {43},
	year = {2015}
}

@article{Eisenberg2007,
	author = {Eisenberg, Peter},
	journal = {Aptum. Zeitschrift für Sprachkritik und Sprachkultur},
	pages = {209--228},
	title = {Sprachliches Wissen im Wörterbuch der Zweifelsfälle. Über die {Rekonstruktion} einer Gebrauchsnorm},
	volume = {3},
	year = {2007}
}

@article{Eisenberg1990b,
	author = {Eisenberg, Peter and Voigt, Gerhard},
	journal = {Praxis Deutsch},
	pages = {10--15},
	title = {Grammatikfehler?},
	volume = {102},
	year = {1990}
}

@article{Eckert2012,
	author = {Eckert, Penelope},
	doi = {10.1146/annurev-anthro-092611-145828},
	journal = {Annual Review of Anthropology},
	number = {1},
	pages = {87--100},
	title = {Three Waves of Variation Study: {{T}}he Emergence of Meaning in the Study of Sociolinguistic Variation},
	volume = {41},
	year = {2012}
}

@article{Eckert2008,
	author = {Eckert, Penelope},
	doi = {10.1111/j.1467-9841.2008.00374.x},
	journal = {Journal of Sociolinguistics},
	number = {4},
	pages = {453--476},
	title = {Variation and the indexical field},
	volume = {12},
	year = {2008}
}

@article{DiMeola2004,
	author = {{Di Meola}, Claudio},
	journal = {Lingua},
	pages = {165--182},
	title = {The rise of the prepositional genitive in {German}---a grammaticalization phenomenon},
	volume = {114},
	year = {2004}
}

@article{DiMeola2001,
	author = {{Di Meola}, Claudio},
	journal = {Sprachwissenschaft},
	number = {1},
	pages = {59--83},
	title = {Vom Inhalts- zum Funktionswort: {{G}}rammatikalisierungspfade deutscher Adpositionen},
	volume = {26},
	year = {2001}
}

@article{DiMeola1999,
	author = {{Di Meola}, Claudio},
	journal = {Zeitschrift für germanistische Linguistik},
	pages = {344--351},
	title = {\textit{Entgegen, nahe, entsprechend} und \textit{gemäß} Dativpräpositionen mit Genitivrektion},
	volume = {27},
	year = {1999}
}

@article{DiMeola1998,
	author = {{Di Meola}, Claudio},
	journal = {Zeitschrift für Sprachwissenschaft},
	number = {2},
	pages = {204--235},
	title = {Semantisch relevante und semantisch irrelevante Kasusalternation am {Beispiel} von \textit{entlang}},
	volume = {17},
	year = {1998}
}

@article{Davies.2000,
	author = {Davies, Winifred},
	journal = {Zeitschrift für Dialektologie und Linguistik},
	number = {2},
	pages = {129--147},
	title = {Linguistic Norms at School: {{A}} Survey of Secondary-School Teachers in a {Central} {German} Dialect Area},
	volume = {67},
	year = {2000}
}

@article{Creber.1983,
	author = {Creber, Clare and Giles, Howard},
	journal = {Language Sciences},
	number = {2},
	pages = {155--161},
	title = {Social context and language attitudes: {{T}}he role of formality-informality of the setting},
	volume = {5},
	year = {1983}
}

@article{Cohen.1960,
	author = {Cohen, Jacob},
	doi = {10.1177/001316446002000104},
	journal = {Educational and Psychological Measurement},
	number = {1},
	pages = {37--46},
	title = {A Coefficient of Agreement for Nominal Scales},
	volume = {20},
	year = {1960}
}

@article{Cargile.1994,
	author = {Cargile, Aaron C. and Giles, Howard and Ryan, Ellen B. and Bradac, James J.},
	doi = {10.1016/0271-5309(94)90001-9},
	journal = {Language \& Communication},
	number = {3},
	pages = {211--236},
	title = {Language attitudes as a social process: {{A}} conceptual model and new directions},
	volume = {14},
	year = {1994}
}

@article{CampbellKibler.2008,
	author = {Campbell-Kibler, Kathryn},
	journal = {Language in Society},
	number = {5},
	pages = {637--659},
	title = {I'll be the judge of that: {{D}}iversity in social perceptions of ({ING})},
	volume = {37},
	year = {2008}
}

@article{CampbellKibler.2007,
	author = {Campbell-Kibler, Kathryn},
	doi = {10.1215/00031283-2007-002},
	journal = {American Speech},
	number = {1},
	pages = {32--64},
	title = {Accent, ({ING}), and the Social Logic of Listener Perceptions},
	volume = {82},
	year = {2007}
}

@article{Buscha1984,
	author = {Buscha, Joachim},
	journal = {Deutsch als Fremdsprache},
	number = {3},
	pages = {145--151},
	title = {Zur Syntax der Präpositionen},
	url = {http://zs.thulb.uni-jena.de/rsc/viewer/jportal_derivate_00231652/daf_1984-3_019.tif?logicalDiv=jportal_jparticle_00297873},
	volume = {21},
	year = {1984}
}

@article{Braunmueller1985,
	author = {Braunmüller, Kurt},
	doi = {10.1515/zfgl.1985.13.3.295},
	journal = {Zeitschrift für germanistische Linguistik},
	number = {3},
	pages = {295--309},
	sortname = {Braunm{u}ller, Kurt},
	title = {Überlegungen zu einer Theorie der sog. {{N}}ebenwortarten},
	volume = {13},
	year = {1985}
}

@article{BaldaquiEscandellJosepM.2011,
	author = {Baldaquí-Escandell, Josep M.},
	doi = {10.1080/01434632.2011.579129},
	journal = {Journal of Multilingual and Multicultural Development},
	number = {4},
	pages = {325--342},
	sortname = {Baldaqu{i}-Escandell, Josep M.},
	title = {Relations between formal linguistic insecurity and the perception of linguistic insecurity: {{A}} quantitative study in an educational environment at the Valencian Community ({Spain})},
	volume = {32},
	year = {2011}
}

@article{Auer2014,
	author = {Auer, Peter},
	doi = {10.13092/lo.66.1569},
	journal = {Linguistik online},
	number = {4},
	pages = {7--20},
	title = {Anmerkungen zum {Salienzbegriff} in der {Soziolinguistik}},
	volume = {66},
	year = {2014}
}

@article{Auer.1986,
	author = {Auer, Peter},
	journal = {Studium Linguistik},
	pages = {22--47},
	title = {Kontextualisierung},
	volume = {19},
	year = {1986}
}

@article{Artstein.2008,
	author = {Artstein, Ron and Poesio, Massimo},
	doi = {10.1162/coli.07-034-R2},
	journal = {Computational Linguistics},
	number = {4},
	pages = {555--596},
	title = {Inter-Coder Agreement for Computational Linguistics},
	volume = {34},
	year = {2008}
}

@article{Antos2003,
	author = {Antos, Gerd},
	journal = {Linguistik online},
	number = {4},
	pages = {35--46},
	title = {„Imperfektibles“ sprachliches Wissen: {{T}}heoretische Vorüberlegungen zu „sprachlichen Zweifelsfällen“},
	url = {http://www.linguistik-online.de/16_03/index.html},
	urldate = {2013-02-16},
	volume = {16},
	year = {2003}
}

@article{Androutsopoulos.2011,
	author = {Androutsopoulos, Jannis K.},
	journal = {Zeitschrift für Literaturwissenschaft und Linguistik},
	number = {164},
	pages = {93--120},
	title = {Die Erfindung des Ethhnolekts},
	volume = {41},
	year = {2011}
}

@article{AlBanyan.1998,
	author = {Al-Banyan, Ahmed and Preston, Dennis R.},
	journal = {Studia Anglica Posnaniensa},
	pages = {29--46},
	title = {What is {Standard} {American} {English}?},
	volume = {33},
	year = {1998}
}

@article{Ajzen.1977,
	author = {Ajzen, Icek and Fishbein, Martin},
	journal = {Psychological bulletin},
	number = {5},
	pages = {888--918},
	title = {Attitude-behavior relations: {{A}} theoretical analysis and review of empirical research},
	volume = {84},
	year = {1977}
}

@article{Agheyisi.1970,
	author = {Agheyisi, Rebecca and Fishman, Joshua A.},
	journal = {Anthropological linguistics},
	pages = {137--157},
	title = {Language attitude studies: {{A}} brief survey of methodological approaches},
	volume = {12},
	number = {5},
	year = {1970}
}

@article{Agha2005,
	author = {Agha, Asif},
	doi = {10.1525/jlin.2005.15.1.38},
	journal = {Journal of Linguistic Anthropology},
	number = {1},
	pages = {38--59},
	title = {Voice, Footing, Enregisterment},
	volume = {15},
	year = {2005}
}

@article{Agha2003,
	author = {Agha, Asif},
	doi = {10.1016/S0271-5309(03)00012-0},
	journal = {Language \& Communication},
	number = {3--4},
	pages = {231--273},
	title = {The social life of cultural value},
	volume = {23},
	year = {2003}
}

@article{Agha.1999,
	author = {Agha, Asif},
	journal = {Journal of Linguistic Anthropology},
	number = {1/2},
	pages = {216--219},
	title = {Register},
	volume = {9},
	year = {1999}
}
