@article{Brown1997,
	author = {Brown, James Dean},
	journal = {Language Learning and Technology},
	number = {1},
	pages = {44–59},
	title = {Computers in language testing: {{P}}resent research and some future directions},
	volume = {1},
	year = {1997}
}


@book{Brown2010,
	address = {New York},
	author = {Brown, Henry Douglas},
	publisher = {Pearson Education},
	title = {Language Assessment: {{P}}rinciples and Classroom Practices},
	year = {2010}
}


@article{BrownBrown2017,
	author = {Brown, Alan V. and Cox, Troy L. and Thompson, Gregory L.},
	journal = {Foreign Language Annals},
	number = {4},
	pages = {793--807},
	title = {A Comparative Discourse Analysis of {Spanish} Past Narrations from the {ACTFL} {OPI} and {OPI}c},
	volume = {50},
	year = {2017}
}


@book{Claypole2010,
	title = {The fractal approach to teaching {English as a Foreign Language}: {D}ynamism and change in {ELT}},
	author = {Claypole, Maurice},
	publisher = {LinguaBooks},
	year = {2010}
}


@book{GarcíaWei2014,
	address = {New York},
	author = {García, Ofelia and Wei, Li},
	publisher = {Palgrave Macmillan},
	sortname = {Garcia, O. and Wei, L.},
	title = {Translanguaging: {{L}}anguage, Bilingualism and Education},
	year = {2014}
}


@book{García2009,
	address = {Malden, MA and Oxford, UK},
	author = {García, Ofelia},
	publisher = {Wiley-Blackwell},
	sortname = {Garcia, O.},
	title = {Bilingual education in the 21st century: {{A}} global perspective},
	year = {2009}
}


@incollection{LantolfThorne2020,
        edition = {3},
	address = {New York},
	author = {Lantolf, James P. and Poehner, Matthew E. and Thorne, Steven L.},
	booktitle = {Theories in Second Language Acquisition},
	editor = {Bill VanPatten and Gregory D. Keating and Stefanie Wulff},
	pages = {223--247},
	publisher = {Routledge},
	title = {Sociocultural Theory and {L2} Development},
	year = {2020}
}



@article{Larsen-Freeman2015,
	author = {Larsen-Freeman, Diane},
	journal = {Language Teaching},
	pages = {491–505},
	title = {Saying what we mean: {{M}}aking the case for second language acquisition to become second language development},
	volume = {48},
	year = {2015}
}



@article{Larsen-Freeman2018,
	author = {Larsen-Freeman, Diane},
	journal = {Foreign Language Annals},
	pages = {55–72},
	title = {Looking ahead: {{F}}uture directions in, and future research in second language acquisition},
	volume = {51},
	year = {2018}
}


@incollection{Larsen-Freeman2017,
	address = {Amsterdam and Philadelphia},
	author = {Larsen-Freeman, Diane},
	booktitle = {Complexity theory and language development: {{I}}n honor of {Diane Larsen-Freeman}},
	editor = {Ortega, Lourdes and Han, ZhaoHong},
	pages = {11--50},
	publisher = {John Benjamins},
	title = {Complexity theory: {{T}}he lessons continue},
	year = {2017},
	note = {Special issue of Literacies 20 (2)}
}


@incollection{MenkeMalovrh2021,
    address = {Amsterdam/Philadelphia},
    author = {Menke, Mandy R. and Malovrh, Paul A.},
    booktitle = {Advancedness in Second Language {S}panish. {D}efinitions, challenges and possibilities},
    editor = {Mandy R. Menke and Paul A. Malovrh},
    pages = {18–-40},
    publisher = {John Benjamins},
    series = {Issues in Hispanic and Lusophone Linguistics},
    title = {The (limited) contributions of proficiency assessments in defining advancedness},
    number = {31},
    year = {2021}

}

@misc{Ortega2017,
	title = {The bi/multilingual turn in {SLA}: {H}ow far have we (not) come, and why?},
	author = {Ortega, Lourdes},
	note = {Plenary address, Second Language Research Forum 2017 conference, Ohio State University, Columbus},
	year = {2017}
}

@incollection{VanLier2010,
    address = {Mahwah, NJ},
    author = {Van Lier, Leo},
    booktitle = {Handbook of Second Language Teaching and Learning (Second Edition)},
    editor = {Eli Hinkel},
    pages = {383–394},
    publisher = {Erlbaum},
    title = {Language Learning: {{A}}n Ecological-Semiotic Approach},
    volume = {II},
    year ={2010}
}

@incollection{VanLier2011,
    address = {New York, NY},
    author = {Van Lier, Leo},
    booktitle = {Handbook of Second Language Teaching and Learning},
    editor = {Eli Hinkel},
    pages = {383–394},
    publisher = {Routledge},
    title = {Language Learning: {{A}}n Ecological-Semiotic Approach},
    volume = {II},
    year ={2011}
}

@article{VanLier1997,
	author = {Van Lier, Leo},
	journal = {TESOL Quarterly},
	pages = {783–787},
	title = {Approaches to Observation in Classroom Research—Observation from an Ecological Perspective},
	volume = {31},
	year = {1997}
}

@book{ACTFL2012,
	address = {Alexandria, VA},
	author = {{American Council on the Teaching of Foreign Languages}},
	shortauthor = {ACTFL},
	publisher = {ACTFL},
	title = {{ACTFL} provisional proficiency guidelines},
	year = {2012},
	url = {https://www.actfl.org/sites/default/files/guidelines/ACTFLProficiencyGuidelines2012.pdf},
}

@misc{ACTFL2015,
	author = {{ACTFL}},
	urldate = {2016-12-12},
	title = {{NCSSFL}-{ACTFL} Can-Do Statements},
	url = {http://www.actfl.org/global_statements},
	year = {2015}
}


@article{Aida1994,
	author = {Aida, Yukie},
	journal = {The Modern Language Journal},
	number = {2},
	pages = {155–168},
	title = {Examination of {Horwitz, Horwitz, and Cope’s} construct of foreign language anxiety: {{T}}he case of students of {Japanese}},
	volume = {78},
	year = {1994}
}


@book{Bandura1997,
	address = {New York},
	author = {Bandura, Albert},
	publisher = {Freeman},
	title = {Self-efficacy: {{T}}he exercise of control},
	year = {1997}
}


@incollection{Bandura1994,
	address = {New York},
	author = {Bandura, Albert},
	booktitle = {Encyclopedia of Human Behavior},
	editor = {Vilayanur Subramanian Ramachaudran},
	pages = {71–81},
	publisher = {Academic Press},
	title = {Self-Efficacy},
	volume = {4},
	year = {1994}
}


@book{Bandura1986,
	address = {Englewood Cliffs, NJ},
	author = {Bandura, Albert},
	publisher = {Prentice Hall},
	title = {Social foundations of thought and action: {{A}} social cognitive theory},
	year = {1986}
}


@article{Bandura1977,
	author = {Bandura, Albert},
	journal = {Psychological Review},
	number = {2},
	pages = {191–215},
	title = {Self-efficacy: {{T}}oward a unifying theory of behavioral change},
	volume = {84},
	year = {1977}
}


@incollection{Beaudrie2009,
	address = {Madrid/Frankfurt a. M.},
	author = {Beaudrie, Sara M.},
	booktitle = {Español en {E}stados {U}nidos y otros contextos de contacto: {{S}}ociolingüística, ideología y pedagogía},
	editor = {Manel Lacorte and Jennifer Leeman},
	pages = {325–345},
	publisher = {Iberoamericana/Vervuert Verlag},
	title = {Receptive bilinguals’ language development in the classroom: {{T}}he differential effects of heritage versus foreign language curriculum},
	year = {2009}
}


@incollection{Carreira2003,
	address = {Washington, DC},
	author = {Carreira, Maria M.},
	booktitle = {Mi Lengua: {{S}panish} as a Heritage Language in the {United States}},
	editor = {Ana Roca and Cecilia Colombi},
	pages = {51–77},
	publisher = {Georgetown University Press},
	title = {Profiles of {SNS} students in the twenty-first century: {{P}}edagogical implications of the changing demographics and social status of {U}.{S}. {{H}}ispanics},
	year = {2003}
}


@article{ChengHorwitzSchallert1999,
	author = {Cheng, Yuh-show and Horwitz, Elaine K. and Schallert, Diane L.},
	journal = {Language Learning},
	number = {3},
	pages = {417–446},
	title = {Language anxiety: {{D}}ifferentiating writing and speaking components},
	volume = {49},
	year = {1999}
}


@book{CohenChi2002,
	address = {Minneapolis, MN},
	author = {Cohen, Andrew D. and Oxford, Rebecca and Chi, Julie C.},
	publisher = {Center for Advanced Research on Language Acquisition, University of Minnesota},
	title = {Language Strategy Use Survey},
	year = {2002}
}


@incollection{CollettSullivan2010,
	address = {Tokyo, Japan},
	author = {Collett, Paul and Sullivan, Kristen},
	booktitle = {Can Do statements in language education in {Japan} and beyond: {{A}}pplications of the {CEFR}},
	editor = {Maria Gabriela Schmidt and Naoyuki Naganuma and Fergus O’Dwyer and Alexander Imig and Kazumi Sakai},
	pages = {167–183},
	publisher = {Asahi Press},
	title = {Considering the use of Can Do statements to develop learners’ self-regulative and metacognitive strategies},
	year = {2010}
}

@inproceedings{Correa2011,
    address = {Somerville, MA},
    author = {Correa, Maite},
    booktitle = {Selected proceedings of the 13th {H}ispanic {L}inguistics {S}ymposium},
    editor ={Luis A. Ortiz-López},
    pages = {128–138},
    publisher = {Cascadilla Proceedings Project},
    title = {Heritage language learners of Spanish: {{W}}hat role does metalinguistic knowledge play in their acquisition of the subjunctive?},
    year = {2011}
}


@article{CoryellClark2009,
	author = {Coryell, Joellen E. and Clark, M. Carolyn},
	journal = {Foreign Language Annals},
	number = {3},
	pages = {483–504},
	title = {{One} right way, intercultural participation, and language learning anxiety: {{A}} qualitative analysis of adult online heritage and nonheritage language learners},
	volume = {42},
	year = {2009}
}


@book{CouncilofEurope2002,
	address = {Strasbourg, France},
	author = {{Council of Europe}},
	publisher = {Council of Europe},
	title = {Common {European} framework of reference for languages: {{L}}earning, teaching, assessment},
	year = {2002}
}

@book{CouncilofEurope2001,
	address = {Strasbourg},
	author = {{Council of Europe}},
	title = {European {L}anguage {P}ortfolio ({ELP})},
	year = {2001}
}


@article{CoxWinke2018,
	author = {Cox, Troy L. and Malone, Margaret E. and Winke, Paula},
	journal = {Foreign Language Annals},
	number = {1},
	pages = {104–115},
	title = {Future directions in assessment: {{I}}nfluences of standards and implications for language learning},
	volume = {51},
	year = {2018}
}


@article{Cummins1979,
	author = {Cummins, Jim},
	journal = {Working Papers on Bilingualism},
	pages = {121–129},
	title = {Cognitive/academic language proficiency, linguistic interdependence, the optimum age question and some other matters},
	volume = {19},
	year = {1979}
}


@article{DalyMiller1975,
	author = {Daly, John A. and Miller, Michael D.},
	journal = {Research in the Teaching of English},
	number = {3},
	pages = {250–256},
	title = {Further studies in writing apprehension: {{S}}{AT} scores, success expectations, willingness to take advanced courses, and sex differences},
	volume = {9},
	year = {1975}
}


@article{DalyShamo1976,
	author = {Daly, John A. and Shamo, Wayne G.},
	journal = {Journal of Occupational Psychology},
	pages = {55–56},
	title = {Writing apprehension and occupational choice},
	volume = {49},
	year = {1976}
}


@article{DewaeleFurnham2008,
	author = {Dewaele, Jean-Marc and Petrides, K. V. and Furnham, Adrian},
	journal = {Language Learning},
	number ={4},
	pages = {911–960},
	title = {Language anxiety among adult multilinguals: {{A}} review and empirical investigation},
	volume = {58},
	year = {2008}
}

@book{Ellis1994,
    address = {Oxford},
    author = {Ellis, Rod},
    publisher = {Oxford University Press},
    title = {The Study of Second Language Acquisition},
    year = {1994}
}

@article{HedgcockLefkowitz2016,
	author = {Hedgcock, John S. and Lefkowitz, Natalie},
	journal = {Applied Language Learning},
	number = {1},
	pages = {1–38},
	title = {Differentiating heritage and foreign language learners of Spanish: {{N}}eeds, perceptions, and expectations},
	volume = {26},
	year = {2016}
}


@article{Hlas2018,
	author = {Hlas, Anne Cummings},
	journal = {Foreign Language Annals},
	number = {1},
	pages = {46–54},
	title = {Grand challenges and great potential in foreign language teaching and learning},
	volume = {51},
	year = {2018}
}


@article{Horwitz1986,
	author = {Horwitz, Elaine K.},
	journal = {TESOL Quarterly},
	number = {3},
	pages = {559–562},
	title = {Preliminary evidence for the reliability and validity of a foreign language anxiety scale},
	volume = {20},
	year = {1986}
}

@Article{Horwitz2001,
  author  = {Horwitz, Elaine K.},
  journal = {Annual Review of Applied Linguistics},
  title   = {Language anxiety and achievement},
  year    = {2001},
  doi    = {10.1017/S01000071},
  pages   = {112–126},
  volume  = {21},
}


@article{HorwitzCope1986,
	author = {Horwitz, Elaine K. and Horwitz, Michael B. and Cope, Joann A.},
	journal = {The Modern Language Journal},
	number = {2},
	pages = {125–132},
	title = {Foreign language classroom anxiety},
	volume = {70},
	year = {1986}
}


@article{Kim2009,
	author = {Kim, Sung-Yeon},
	journal = {Foreign Language Annals},
	number ={1},
	pages = {138–157},
	title = {Questioning the stability of foreign language classroom anxiety and motivation across different classroom contexts},
	volume = {42},
	year = {2009}
}


@article{Klein2007,
	author = {Klein, Larissa},
	journal = {Canadian Modern Language Review. La Revue canadienne des langues vivantes},
	pages = {181–-197},
	title = {Auto-evaluation: {{D}}aily Self-Assessment in the {FSL} Classroom},
	volume = {64},
	number = {1},
	year = {2007}
}


@book{Krashen1982,
	address = {Oxford},
	author = {Krashen, Stephen D.},
	publisher = {Pergamon},
	title = {Principles and practice in second language acquisition},
	year = {1982}
}


@book{Krashen1985,
	address = {Beverly Hills, CA},
	author = {Krashen, Stephen D.},
	publisher = {Laredo},
	title = {The Input Hypothesis: {{I}}ssues and Implications},
	year = {1985}
}


@book{LittlePerclova2001,
	address = {Strasbourg},
	author = {Little, David and Perclova, Radka},
	publisher = {Council of Europe, Modern Language Division},
	title = {The {European} language portfolio: {{A}} guide for teachers and teacher trainers},
	year = {2001}
}


@incollection{Long1985,
	address = {Bristol, UK},
	author = {Long, Michael Hugh},
	booktitle = {Modelling and assessing second language acquisition},
	editor = {Kenneth Hyltenstam and Manfred Pienemann},
	pages = {77–99},
	publisher = {Multilingual Matters},
	title = {A role for instruction in second language acquisition: {{T}}ask-based language teaching},
	year = {1985}
}


@book{Macaro2001,
	address = {New York},
	author = {Macaro, Ernesto},
	publisher = {Continuum},
	title = {Learning Strategies in Second and Foreign Language Classrooms},
	year = {2001}
}


@book{MacIntyreGardner1988,
	address = {672). London, Canada},
	author = {MacIntyre, Peter D. and Gardner, Robert C.},
	publisher = {University of Western Ontario, Department of Psychology},
	title = {The measurement of anxiety and applications to second language learning: {{A}}n annotated bibliography (Research Bulletin {No}},
	year = {1988}
}


@article{MacIntyreGardner1989,
	author = {MacIntyre, Peter D. and Gardner, Robert C.},
	journal = {Language Learning},
	pages = {251–275},
	title = {Anxiety and language learning: {{T}}owards a theoretical clarification},
	volume = {39},
	year = {1989}
}


@article{MacIntyreGardner1991,
	author = {MacIntyre, Peter D. and Gardner, Robert C.},
	journal = {Modern Language Journal},
	pages = {296–304},
	title = {Investigating language class anxi-ety using the focused essay technique},
	volume = {75},
	year = {1991}
}


@article{MacIntyreGardner1994a,
	author = {MacIntyre, Peter D. and Gardner, Robert C.},
	journal = {Studies in Second Language Acquisition},
	pages = {1–17},
	title = {The effects of induced anxiety on cognitive processing in second language learning},
	volume = {16},
	year = {1994}
}


@article{MacIntyreGardner1994b,
	author = {MacIntyre, Peter D. and Gardner, Robert C.},
	journal = {Language Learning},
	pages = {283–305},
	title = {The subtle effects of language anxiety on cognitive processing in the second language},
	volume = {44},
	year = {1994b}
}


@article{MacIntyreClément1997,
	author = {MacIntyre, Peter D. and Noels, Kimberly A. and Clément, Richard},
	journal = {Language Learning},
	pages = {265–287},
	sortname = {MacIntyre, P. and Noels, K. and Clement, R.},
	title = {Biases in self-ratings of second language proficiency: {{T}}he role of language anxiety},
	volume = {47},
	year = {1997}
}

@incollection{MacIntyre1999,
    address = {Boston},
    author = {MacIntyre, Peter D.},
    booktitle = {Affect in Foreign Language and Second Language Learning: {{A}} Practical guide to creating a low anxiety classroom atmosphere},
    editor = {Dolly J. Young},
    pages = {24–25},
    publisher = {McGraw-Hill},
    title = {Language anxiety: {{A}} review of research for language teachers},
    year = {1999}
}

@article{MillsHerron2007,
	author = {Mills, Nicole and  Pajares, Frank and Herron, Carol},
	journal = {Language Learning},
	number = {3},
	pages = {417--442},
	title = {Self-Efficacy of College Intermediate {French} Students: {{R}}elation to Achievement and Motivation},
	volume = {57},
	year = {2007}
}





@incollection{MoellerYu2015,
    address = {Decatur, GA},
    author = {Moeller, Aleidine K. and Yu, Fei},
    booktitle = {Dimention 2015},
    editor = {Pete Swanson},
    pages = {50–-69},
    publisher = {SCOLT},
    title = {{NCSSFL-ACTFL} Can-Do Statements: {{A}}n effective tool for improving language learning within and outside the classroom},
    year = {2015}
}

@article{MoellerWu2012,
	author = {Moeller, Aleidine K. and Theiler, Janine M. and Wu, Chaorong},
	journal = {Modern Language Journal},
	number = {2},
	pages = {153--169},
	title = {Goal setting and student achievement: {{A}} longitudinal study},
	volume = {96},
	year = {2012}
}

@article{Montrul2011b,
	author = {Montrul, Silvina},
	journal = {Studies in Second Language Acquisition},
	number = {2},
	pages = {163–192},
	title = {Morphological errors in {Spanish} second language learners and heritage speakers},
	volume = {33},
	year = {2011}
}

@article{Montrul2011,
	author = {Montrul, Silvina},
	journal = {Studies in Second Language Acquisition},
	number = {2},
	pages = {155–161},
	title = {Introduction: {{T}}he linguistic competence of heritage speakers},
	volume = {33},
	year = {2011}
}

@incollection{Norris2009,
	address = {Malden, MA},
	author = {Norris, John M.},
	booktitle = {The Handbook of Language Teaching},
	editor = {Michael H. Long and Catherine J. Doughty},
	pages = {578–594},
	publisher = {Wiley-Blackwell},
	title = {Task-Based Teaching and Testing},
	year = {2009}
}


@book{Nunan2004,
	address = {Cambridge},
	author = {Nunan, David},
	publisher = {Cambridge University Press},
	title = {Task-Based Language Teaching},
	year = {2004}
}


@article{PapanthymouDarra2018,
	author = {Papanthymou, Anastasia and Darra, Maria},
	journal = {World Journal of Education},
	doi = {10.5430/wje.v8n6p130},
	number = {6},
	pages = {130–146},
	title = {Student Self-Assessment in Higher Education: {{T}}he International Experience and the {G}reek Example},
	volume = {8},
	year = {2018}
}


@article{Phillips1992,
	author = {Phillips, Elaine M.},
	journal = {The Modern Language Journal},
	number = {1},
	pages = {14–26},
	title = {The effects of Language Anxiety on Student Test Oral Performance and Attitudes},
	volume = {76},
	year = {1992}
}

@article{RaoofiChan2012,
	author = {Raoofi, Saeid and Tan, Bee Hoon and Chan, Swee Heng},
	journal = {English Language Teaching},
	number = {11},
	pages = {60–73},
	title = {Self-efficacy in Second /Foreign language Learning contexts},
	volume = {5},
	year = {2012}
}


@article{SparksGanschow1991,
	author = {Sparks, Richard L. and Ganschow, Leonore},
	journal = {Modern Language Journal},
	pages = {3–16},
	title = {Foreign language learning difficulties: {{A}}ffective or native language aptitude differences?},
	volume = {75},
	year = {1991}
}


@article{Tallon2009,
	author = {Tallon, Michael},
	journal = {Foreign Language Annals},
	pages = {112–137},
	title = {Foreign language anxiety and heritage students of {Spanish}: {{A}} quantitative study},
	volume = {42},
	year = {2009}
}


@article{TigchelaarGass2017,
	author = {Tigchelaar, Magda and Bowles, Ryan P. and Winke, Paula and Gass, Susan},
	journal = {Foreign Language Annals},
	number = {3},
	pages = {584–-600},
	title = {Assessing the Validity of {ACTFL} Can-Do Statements for Spoken Proficiency: {{A}} Rasch Analysis},
	volume = {50},
	year = {2017}
}


@phdthesis{Torres2011,
	author = {Torres, Kelly Moore},
	title = {Heritage Language Learners' Perceptions of Taking Spanish Language Classes: {{I}}nvestigating Perceptions of Skill-Specific Anxieties, Self-Efficacies, and Ethnic Identity},
	url = {http://purl.flvc.org/fsu/fd/FSU_migr_etd-1273},
	school = {Florida State University},
	year = {2011}
}

@article{TorresTurner2015,
    author = {Torres, Kelly Moore and Turner, Jeannine E.},
    journal = {International Journal of Bilingual Education and Bilingualism},
    number = {7},
    pages = {1–17},
    title = {Heritage language learners' perceptions of acquiring and maintaining the Spanish language},
    volume = {20},
    year = {2015}
}


@article{TorresTurner2016,
	author = {Torres, Kelly Moore and Turner, Jeannine E.},
	journal = {Journal of Spanish Language Teaching},
	pages = {57–73},
	title = {Students’ foreign language anxiety and self-efficacy beliefs across different levels of University foreign language coursework},
	volume = {3},
	year = {2016}
}

@incollection{Valdés2001,
	address = {Washington, DC},
	author = {Valdés, Guadalupe},
	booktitle = {Heritage languages in {America}: {{P}}reserving a national resource},
	editor = {Peyton, Joy K. and Donald A. Ranard and Scott McGinnis},
	pages = {37-77},
	publisher = {Center for Applied Linguistics and Delta Systems},
	sortname = {Valdes, Guadalupe},
	title = {Heritage language students: {{P}}rofiles and possibilities},
	year = {2001}
}

@incollection{Valdés2000a,
	address = {New York},
	author = {Valdés, Guadalupe},
	booktitle = {{S}panish for native speakers: {AATSP} professional development series handbook for teachers {K-16}},
	editor = {Valdés, Guadalupe},
	pages = {1--20},
	publisher = {Hartcourt College},
	sortname = {Valdes, Guadalupe},
	title = {Introduction},
	year = {2000}
}



@book{Weibell2011,
	address = {Principles of learning},
	author = {Weibell, Christian J.},
	urldate = {2018-09-14},
	url = {https://principlesoflearning.wordpress.com},
	publisher = {7 principles to guide personalized, student-centered learning in the technology-enhanced, blended learning environment},
	year = {2011}
}


@article{Wenden1998,
	author = {Wenden, Anita J.},
	journal = {Applied Linguistics},
	number = {4},
	pages = {515–537},
	title = {Metacognitive Knowledge and Language Learning},
	volume = {19},
	year = {1998}
}


@article{Woodrow2006,
	author = {Woodrow, Lindy},
	journal = {RELC Journal},
	number = {3},
	pages = {308–328},
	title = {Anxiety and speaking {English} as a second language},
	volume = {27},
	year = {2006}
}


@article{Woodrow2011,
	author = {Woodrow, Lindy},
	journal = {System},
	pages = {510–522},
	number = {4},
	title = {College {English} writing affect: {{S}}elf-efficacy and anxiety},
	volume = {39},
	year = {2011}
}


@article{Young1986,
	author = {Young, D.},
	journal = {Foreign Language Annals},
	number = {5},
	pages = {439–445},
	title = {The relationship between anxiety and foreign language oral proficiency ratings},
	volume = {19},
	year = {1986}
}


@article{Young1991,
	author = {Young, Dolly J.},
	journal = {The Modern Language Journal},
	number = {4},
	pages = {426–439},
	title = {Creating a low-anxiety classroom environment: {{W}}hat does language anxiety research suggest?},
	volume = {75},
	year = {1991}
}


@article{Ziegler2012,
	author = {Ziegler, Nicholas A. and Moeller, Aleidine K.},
	journal = {Foreign Language Annals},
	number = {3},
	pages = {330–348},
	title = {Increasing self-regulated learning through the {LinguaF}olio},
	volume = {45},
	year = {2012}
}


@incollection{Zyzik2016,
	address = {Washington, DC},
	author = {Zyzik, Eve},
	booktitle = {Innovative approaches to heritage language teaching},
	editor = {Marta Ana Fairclough and Sara M. Beaudrie},
	pages = {19–38},
	publisher = {Georgetown University Press},
	title = {Towards a prototype model of the heritage language learner: {{{U}}}nderstanding strengths and needs},
	year = {2016}
}


@article{Alcón-Soler2015,
	author = {Alcón-Soler, Eva},
	journal = {System},
	pages = {62–74},
	sortname = {Alcón-Soler, E.},
	title = {Pragmatic learning and study abroad: {{{E}}}ffects of instruction and length of stay},
	volume = {48},
	year = {2015}
}


@article{AlcónSolerSánchezHernández2017,
	author = {Alcón-Soler, Eva and Sánchez Hernández, Ariadna},
	journal = {Atlantis},
	number = {2},
	pages = {191–210},
	sortname = {Alcon-Soler, E. and Sanchez Hernandez, A.},
	title = {Learning pragmatic routines during study abroad: {{A}} focus on proficiency and type of routine},
	volume = {39},
	year = {2017}
}


@incollection{Andersen1990,
	address = {Clevedon},
	author = {Andersen, Roger W.},
	booktitle = {Second language acquisition: {{F}}oreign language learning},
	editor = {Bill VanPatten and James F. Lee},
	pages = {45–68},
	publisher = {Multilingual Matters},
	title = {Models, processes, principles and strategies: {{S}}econd language acquisition inside and outside the classroom},
	year = {1990}
}


@book{BachmanPalmer1996,
	address = {New York},
	author = {Bachman, Lyle F. and Palmer, Adrian S.},
	publisher = {Oxford University Press},
	title = {Language testing in practice: {{D}}esigning and developing useful language tests},
	year = {1996}
}


@article{Bardovi-HarligBastos2011,
	author = {Bardovi-Harlig, Kathleen and Bastos, Maria-Thereza},
	journal = {Intercultural Pragmatics},
	pages = {347–384},
	title = {Proficiency, length of stay, and intensity of interaction, and the acquisition of conventional expressions in {L}2 pragmatics},
	volume = {8},
	year = {2011}
}


@article{Bardovi-HarligHartford1993,
	author = {Bardovi-Harlig, Kathleen and Hartford, Beverly S.},
	journal = {Studies in Second Language Acquisition},
	pages = {279–304},
	title = {Learning the rules of academic talk: {{A}} longitudinal study of pragmatic development},
	volume = {15},
	year = {1993}
}


@book{Barron2003,
	address = {Amsterdam},
	author = {Barron, Anne},
	publisher = {John Benjamins},
	title = {Acquisition in interlanguage pragmatics: {{L}}earning how to do things with words in a study abroad context},
	year = {2003}
}


@incollection{Barron2006,
	address = {Clevedon, UK},
	author = {Barron, Anne},
	booktitle = {Language learners in study abroad contexts},
	editor = {Margaret A. DuFon and Eton E. Churchill},
	pages = {59–88},
	publisher = {Multilingual Matters},
	title = {Learning to say “you” in {German}: {{T}}he acquisition of sociolinguistic competence in a study abroad context},
	year = {2006}
}


@article{Barron2007,
	author = {Barron, Anne},
	journal = {Intercultural Pragmatics},
	number = {2},
	pages = {129–166},
	title = {‘{A}h no honestly we’re okay’: {{L}}earning to upgrade in a study abroad context},
	volume = {4},
	year = {2007}
}


@article{Barron2019,
	author = {Barron, Anne},
	journal = {Journal of Pragmatics},
	pages = {87–105},
	title = {Using corpus-linguistic methods to track longitudinal development: {{R}}outine apologies in the study abroad context},
	volume = {146},
	year = {2019}
}


@article{Bataller2010,
	author = {Bataller, Rebeca},
	journal = {Foreign Language Annals},
	number = {1},
	pages = {160–175},
	title = {Making a request for a service in {Spanish}: {{P}}ragmatic development in the study abroad setting},
	volume = {43},
	year = {2010}
}


@article{BatallerShively2011,
	author = {Bataller, Rebeca and Shively, Rachel L.},
	journal = {Journal of {L}inguistics and {L}anguage {T}eaching},
	number = {1},
	pages = {15–50},
	title = {Roleplays and naturalistic data in interlanguage pragmatic research: {{S}}ervice encounters during study abroad},
	volume = {2},
	year = {2011}
}


@article{BellSalsbury2014,
	author = {Bell, Nancy D. and Skalicky, Stephen and Salsbury, Tom},
	journal = {Language Learning},
	pages = {72–102},
	title = {Multicompetence in {L}2 language play: {{A}} longitudinal case study},
	volume = {64},
	year = {2014}
}


@book{Blum-KulkaKasper1989,
	address = {Norwood, NJ},
	booktitle = {Cross-cultural pragmatics: {{R}}equests and apologies},
	editor = {Blum-Kulka, Shoshana and House, Juliane and Kasper, Gabriele},
	publisher = {Ablex Publishing},
	title = {Cross-cultural pragmatics: {{R}}equests and apologies},
	number = {31},
	series = {{A}dvances in {D}iscourse {P}rocesses},
	year = {1989}
}


@incollection{Bouton1999,
	address = {Cambridge},
	author = {Bouton, Lawrence F.},
	booktitle = {Culture in second language teaching and learning},
	editor = {Eli Hinkel},
	pages = {47–70},
	publisher = {Cambridge University Press},
	title = {Developing nonnative speaker skills in interpreting conversational implicatures in {{E}nglish}: {{{E}}}xplicit teaching can ease the process},
	year = {1999}
}


@book{BrownLevinson1987,
	address = {Cambridge},
	author = {Brown, Penelope and Levinson, Stephen C.},
	publisher = {Cambridge University Press},
	title = {Politeness: {{S}}ome universals in language use},
	year = {1987}
}


@article{CanaleSwain1980,
	author = {Canale, Michael and Swain, Merrill},
	journal = {Applied Linguistics},
	number = {1},
	pages = {1–-47},
	title = {Theoretical aspects of communicative approaches to second language teaching and testing},
	volume = {1},
	year = {1980}
}


@phdthesis{Cheng2005,
	author = {Cheng, Stephanie Weijung},
	school = {University of Iowa},
	title = {An exploratory cross-cultural study of interlanguage pragmatic development of expressions of gratitude by {Chinese} learners of {English}},
	year = {2005}
}


@incollection{Cohen2004,
	address = {Clevedon},
	author = {Cohen, Andrew D.},
	booktitle = {Studying speaking to inform second language learning},
	editor = {Diana Boxer and Andrew D. Cohen},
	pages = {302--327},
	publisher = {Multilingual Matters},
	title = {Assessing speech acts in a second language},
	year = {2004}
}


@article{CohenShively2007,
	author = {Cohen, Andrew D. and Shively, Rachel L.},
	journal = {Modern Language Journal},
	pages = {189--212},
	title = {Acquisitions of requests and apologies in {Spanish} and {French}: {{I}}mpact of study abroad and strategy-building intervention},
	volume = {91},
	year = {2007}
}


@article{ColeAnderson2001,
	author = {Cole, Simon and Anderson, Aaron},
	journal = {The Language Teacher},
	pages = {7--11},
	title = {Requests by young {Japanese}: {{A}} longitudinal study},
	volume = {25},
	year = {2001}
}


@article{Cordelia1996,
	author = {Cordella, Marisa},
	journal = {Language, Culture and Curriculum},
	number = {2},
	pages = {148–-162},
	title = {Confrontational style in {Spanish} arguments: {{P}}ragmatics and teaching outlook},
	volume = {9},
	year = {1996}
}


@article{CzerwionkaCuza2017a,
	author = {Czerwionka, Lori and Cuza, Alejandro},
	journal = {Hispania},
	number = {2},
	pages = {239–-260},
	title = {Second language acquisition of {Spanish} service industry requests in an immersion context},
	volume = {100},
	year = {2017}
}


@article{CzerwionkaCuza2017b,
	author = {Czerwionka, Lori and Cuza, Alejandro},
	journal = {Intercultural Pragmatics},
	pages = {391–-419},
	title = {A pragmatic analysis of {L}2 {Spanish} requests: {{A}}cquisition in three situational contexts during short-term study abroad},
	volume = {14},
	year = {2017}
}

@book{TaguchiRoever2017,
	address = {Oxford},
	author = {Taguchi, Naoko and Roever, Carsten},
	publisher = {Oxford University Press},
	title = {Second language pragmatics},
	year = {2017}
}

@book{CulpeperTaguchi2018,
	address = {New York, NY},
	author = {Culpeper, Jonathan and Mackey, Alison and Taguchi, Naoko},
	publisher = {Routledge},
	title = {Second language pragmatics: {{F}}rom theory to research},
	year = {2018}
}


@incollection{DeKeyser2007,
	address = {Cambridge},
	author = {DeKeyser, Robert M.},
	booktitle = {Practice in a Second Language: {{P}}erspectives from Applied Linguistics and Cognitive Psychology},
	editor = {Robert M. DeKeyser},
	pages = {208–226},
	publisher = {Cambridge University Press},
	title = {Study abroad as foreign language practice},
	year = {2007}
}


@incollection{DePablosOrtega2008,
	address = {Valencia},
	author = {De Pablos Ortega, Carlos},
	booktitle = {Cortesía y conversación de lo escrito a lo oral},
	editor = {Antonio Briz and Antonio Hidalgo and Marta Albelda and Josefa Contreras and  Hernández Flores, Nieves},
	pages = {685–691},
	publisher = {Programa EDICE},
	title = {Análisis sociopragmático del acto de habla expresivo de agradecimiento en español},
	year = {2008}
}


@article{DiBartolomeoJung2019,
	author = {DiBartolomeo, Megan and Elias, Vanessa and Jung, Daniel},
	journal = {Letrônica},
	number = {4},
	pages = {1–17},
	title = {Investigating the effects of pragmatic instruction: {{A}} comparison of {L}2 {Spanish} compliments and apologies during short term study abroad},
	volume = {12},
	year = {2019}
}


@article{Dings2014,
	author = {Dings, Abby},
	journal = {Modern Language Journal},
	number = {3},
	pages = {742–756},
	title = {Interactional competence and the development of alignment activity},
	volume = {98},
	year = {2014}
}


@phdthesis{Dufon1999,
	author = {Dufon, Margaret Ann},
	school= {University of Hawai’i at Manoa, Honolulu},
	title = {The acquisition of linguistic politeness in {Indonesian} by sojourners in naturalistic interactions},
	year = {1999}
}


@article{Félix-Brasdefer2004,
	author = {Félix-Brasdefer, J. César},
	journal = {Language Learning},
	number = {4},
	pages = {587–653},
	sortname = {Félix-Brasdefer, J. C.},
	title = {Interlanguage refusals: {{L}}inguistic politeness and length of residence in the target community},
	volume = {54},
	year = {2004}
}


@article{Félix-Brasdefer2007,
	author = {Félix-Brasdefer, J. César},
	journal = {Intercultural Pragmatics},
	pages = {253–286},
	sortname = {Felix-Brasdefer, J. C.},
	title = {Pragmatic development in the {Spanish} as a {FL} classroom: {{A}} cross- sectional study of learner requests},
	volume = {4},
	year = {2007}
}


@incollection{Félix-Brasdefer2010,
	address = {Amsterdam},
	author = {Félix-Brasdefer, J. César},
	booktitle = {Speech act performance: {{T}}heoretical, empirical, and methodological issues},
	editor = {Alicia Martínez-Flor and Esther Usó-Juan},
	pages = {41–56},
	publisher = {John Benjamins},
	sortname = {Felix-Brasdefer, J. C.},
	title = {Data collection methods in speech act performance: {{D}}{CT}s, role plays, and verbal reports},
	year = {2010}
}


@incollection{Félix-Brasdefer2013,
	address = {Amsterdam},
	author = {Félix-Brasdefer, J. César},
	booktitle = {Refusals in instructed contexts and beyond},
	editor = {Otilia Martí-Arnández and Patricia Salazar-Campillo},
	pages = {147–173},
	publisher = {Rodopi},
	sortname = {Felix-Brasdefer, J. C.},
	title = {Refusing in {L}2 {Spanish}: {{T}}he effects of the context of learning during a short-term study abroad program},
	year = {2013}
}


@article{Félix-BrasdeferHasler-Barker2015,
	author = {Félix-Brasdefer, J. César and Hasler-Barker, Maria},
	journal = {System},
	pages = {75–85},
	sortname = {Felix-Brasdefer, J. C. and Hasler-Barker, M.},
	title = {Complimenting in {Spanish} in a short-term study abroad context},
	volume = {48},
	year = {2015}
}


@incollection{Félix-BrasdeferHasler-Barker2017,
	address = {Abingdon, Oxford and New York, NY},
	author = {Félix-Brasdefer, J. César and Hasler-Barker, Maria},
	booktitle = {The {Routledge} handbook of Pragmatics},
	editor = {Anne Barron and Yueguo Gu and Gerard Steen},
	pages = {27–40},
	publisher = {Routledge},
	sortname = {Felix-Brasdefer, J. C. and Hasler-Barker, M.},
	title = {Elicited data},
	year = {2017}
}


@article{Félix-BrasdeferMcKinnon2017,
	author = {Félix-Brasdefer, J. César and McKinnon, Sean},
	journal = {Journal of Spanish Language Teaching},
	number = {2},
	pages = {99–113},
	sortname = {Felix-Brasdefer, J. C. and McKinnon, S.},
	title = {Perceptions of impolite behavior in study abroad Contexts and the teaching of impoliteness in L2 {Spanish}},
	volume = {3},
	year = {2017}
}


@article{Fukasawa2012,
	author = {Fukasawa, Emi},
	journal = {Sophia Linguistica},
	pages = {123–146},
	title = {Development of the speech act ‘compliment response’ and its relation to outside classroom {English} during study abroad},
	volume = {60},
	year = {2012}
}


@article{Golato2003,
	author = {Golato, Andrea},
	journal = {Applied Linguistics},
	number = {1},
	pages = {90–121},
	title = {Studying compliment responses: {{A}} comparison of {DCT}s and recordings of naturally occurring talk},
	volume = {24},
	year = {2003}
}

@incollection{Halenko2018,
    address = {Cambridge},
    author = {Halenko, Nicola},
    booktitle = {Practice in Second Language Learning},
    editor = {Christian Jones},
    pages = {137–163},
    publisher = {Cambridge University Press},
    title = {Using computer-assisted language learning (CALL) tools to enhance output practice},
    year = {2018}
}

@article{HalenkoJones2011,
	author = {Halenko, Nicola and Jones, Christian},
	journal = {System},
	number = {2},
	pages = {240–250},
	title = {Teaching pragmatic awareness of spoken requests to {C}hinese {EAP} learners in the {UK}: {I}s explicit instruction effective?},
	volume = {39},
	year = {2011}
}


@article{HalenkoJones2017,
	author = {Halenko, Nicola and Jones, Christian},
	journal = {System},
	pages = {26–37},
	title = {Explicit instruction of spoken requests: {{A}}n examination of pre-departure instruction and the study abroad environment},
	volume = {68},
	year = {2017}
}


@phdthesis{Han2005,
	author = {Han, Sangkyung},
	school = {University of Pennsylvania, Philadelphia},
	title = {The interlanguage pragmatic development of the speech act of requests by {Korean} non-native speakers of {English} in an {ESL} setting},
	year = {2005}
}


@article{Hassall2013,
	author = {Hassall, Tim},
	journal = {Journal of Pragmatics},
	pages = {1–17},
	title = {Pragmatic development during short-term study abroad: {{T}}he case of address terms in {Indonesian}},
	volume = {55},
	year = {2013}
}


@article{Hassall2015a,
	author = {Hassall, Tim},
	journal = {Intercultural Pragmatics},
	pages = {415–442},
	title = {Influence of fellow {L}2 learners on pragmatic development during study abroad},
	volume = {12},
	year = {2015}
}


@article{Hassall2015b,
	author = {Hassall, Tim},
	journal = {Multilingua},
	pages = {33–59},
	title = {Individual variation in {L}2 study abroad outcomes: {{A}} case study from {Indonesian} pragmatics},
	volume = {34},
	year = {2015}
}

@article{Pinto2005,
	author = {Pinto, Derrin},
	journal = {Spanish in {C}ontext},
	pages = {1-27},
	title = {The acquisition of requests by second language learners of {S}panish},
	volume = {2},
	year = {2005}
}

@article{Henery2015,
	author = {Henery, Ashlie},
	journal = {Language Awareness},
	pages = {316–331},
	title = {On the development of metapragmatic awareness abroad: {{T}}wo case studies exploring the role of expert-mediation},
	volume = {24},
	year = {2015}
}


@article{Hernández2010,
	author = {Hernández, Todd A.},
	journal = {Modern Language Journal},
	pages = {600–617},
	sortname = {Hernandez, T. A.},
	title = {The relationship among motivation, interaction, and the development of second language oral proficiency in a study abroad context},
	volume = {94},
	year = {2010}
}


@article{Hernández2016,
	author = {Hernández, Todd A.},
	journal = {Study Abroad Research in Second Language Acquisition and International Education},
	number = {2},
	pages = {186–216},
	sortname = {Hernandez, T. A.},
	title = {Acquisition of {L}2 {Spanish} requests in short-term study abroad},
	volume = {1},
	year = {2016}
}


@article{Hernández2018a,
	author = {Hernández, Todd A.},
	journal = {Studies in Second Language Learning and Teaching},
	pages = {599–620},
	sortname = {Hernandez, T. A.},
	title = {L2 {Spanish} apologies development during short-term study abroad},
	volume = {8},
	year = {2018}
}


@incollection{Hernández2018b,
	address = {Cambridge},
	author = {Hernández, Todd A.},
	booktitle = {Practice in second language learning},
	editor = {Christian Jones},
	pages = {197–227},
	publisher = {Cambridge University Press},
	sortname = {Hernandez, T. A.},
	title = {Language practice and study abroad},
	year = {2018}
}



@article{HernándezBoero2018a,
	author = {Hernández, Todd A. and Boero, Paulo},
	journal = {Foreign Language Annals},
	pages = {389–410},
	sortname = {Hernandez, T. A. and Boero, P.},
	title = {Explicit intervention for {Spanish} pragmatic development during short-term study abroad: {{A}}n examination of learner request production and cognition},
	volume = {51},
	year = {2018}
}


@article{HernándezBoero2018b,
	author = {Hernández, Todd A. and Boero, Paulo},
	journal = {Journal of Spanish Language Teaching},
	pages = {35–49},
	sortname = {Hernandez, Todd A. and Boero, Paulo},
	title = {Explicit instruction for request strategy development during short-term study abroad},
	volume = {5},
	year = {2018}
}

@article{HernándezBoero2019,
	author = {Hernández, Todd A. and Boero, Paulo},
	journal = {Journal of Linguistics and Language Teaching},
	pages = {45-73},
	sortname = {Hernandez, Todd A. and Boero, Paulo},
	title = {Acquiring Pragmatic Competence during Short-Term Study Abroad: {T}he Service Encounter Request},
	volume = {10},
	year = {2019}
}

@phdthesis{Hoffman-Hicks1999,
	author = {Hoffman-Hicks, Sheila D.},
	school = {Indiana University, Bloomington},
	title = {The longitudinal development of {F}rench foreign language pragmatic competence: {{E}}vidence from study abroad participants},
	year = {1999}
}


@misc{InstituteofInternationalEducation2017,
	title = {Open Doors: {R}eport on International Educational Exchange},
	author = {{Institute of International Education}},
	urldate = {2021-12-20},
	url = {http://opendoors.iienetwork.org},
	year = {2017}
}


@phdthesis{Ishida2010,
	title = {Development of interactional competence in {L}2 {J}apanese during study abroad: {{T}}he use of modal expressions in recipient actions},
	author = {Ishida, Midori},
	school = {University of Hawaii},
	address = {Manoa, Honolulu},
	year = {2010}
}


@book{IshiharaCohen2010,
	address = {New York},
	author = {Ishihara, Noriko and Cohen, Andrew D.},
	publisher = {Routledge},
	title = {Teaching and learning pragmatics: {{W}}here language and culture meet},
	year = {2010}
}


@article{Iwasaki2008,
	author = {Iwasaki, Noriko},
	journal = {Applied Linguistics},
	number = {1},
	pages = {45--71},
	title = {Style shifts among {{Japan}ese} learners before and after study abroad in {Japan}: {{B}}ecoming active social agents in {{Japan}ese}},
	volume = {31},
	year = {2008}
}


@incollection{Kasper2000,
	address = {London},
	author = {Kasper, Gabriele},
	booktitle = {Culturally speaking: {{M}}anaging rapport through talk across cultures},
	editor = {Helen Spencer-Oatey},
	pages = {316–369},
	publisher = {Continuum},
	title = {Data collection in pragmatics research},
	year = {2000}
}


@article{KasperDahl1991,
	author = {Kasper, Gabriele and Dahl, Merete},
	journal = {Studies in Second Language Acquisition},
	number = {2},
	pages = {215–247},
	title = {Research methods in interlanguage pragmatics},
	volume = {13},
	year = {1991}
}


@book{KasperRose2002,
	address = {Malden, MA},
	author = {Kasper, Gabriele and Rose, Kenneth R.},
	publisher = {Wiley-Blackwell},
	title = {Pragmatic development in a second language},
	year = {2002}
}


@book{KelleyMeyers1995,
	address = {Arlington, VA},
	author = {Kelley, Colleen and Meyers, Judith},
	publisher = {Vangent},
	title = {Cross-cultural adaptability inventory manual},
	year = {1995}
}


@article{Kinginger2008,
	author = {Kinginger, Celeste},
	journal = {Modern Language Journal},
	pages = {1–131},
	title = {Language learning in study abroad: {{C}}ase studies of {A}mericans in {France}},
	volume = {92},
	year = {2008}
}


@incollection{Kinginger2015,
	address = {Amsterdam},
	author = {Kinginger, Celeste},
	booktitle = {Social interaction, identity and language learning during residence abroad},
	editor = {Rosamond Mitchell, Nicole Tracy-Ventura and Kevin McManus},
	pages = {53–74},
	publisher = {EuroSLA},
	title = {Language socialization in the homestay: {{A}}merican high school students in {China}},
	year = {2015}
}


@article{Kondo1997,
	author = {Kondo, Sachiko},
	journal = {Sophia Linguistica},
	pages = {265–284},
	title = {The development of pragmatic competence by {Japanese} learners of {English}: {{L}}ongitudinal study of interlanguage apologies},
	volume = {41},
	year = {1997}
}


@article{Li2014,
	author = {Li, Shuai},
	journal = {System},
	pages = {103–116},
	title = {The effects of different levels of linguistic proficiency on the development of {L}2 {C}hinese request production during study abroad},
	volume = {45},
	year = {2014}
}


@book{LoCastro2003,
	address = {Ann Arbor, MI},
	author = {LoCastro, Virginia},
	publisher = {The University of Michigan Press},
	title = {An introduction to pragmatics: {{S}}ocial action for language teachers},
	year = {2003}
}


@book{LoCastro2012,
	address = {New York, NY},
	author = {LoCastro, Virginia},
	publisher = {Routledge},
	title = {Pragmatics for language educators: {{A}} sociolinguistic perspective},
	year = {2012}
}


@incollection{MagnanBack2006,
	address = {Boston, MA},
	author = {Magnan, Sally Sieloff and Back, Michele},
	booktitle = {Insights from study abroad for language programs},
	editor = {Sharon Wilkinson},
	pages = {22–44},
	publisher = {Heinle},
	title = {Requesting help in {French}: {{D}}eveloping pragmatic features during study abroad},
	year = {2006}
}


@book{MárquezReiter2000,
	address = {Amsterdam},
	author = {Márquez Reiter, Rosina},
	publisher = {John Benjamins},
	sortname = {Marquez Reiter, R.},
	title = {Linguistic politeness in {Britain} and {Uruguay}: {{A}} contrastive study of requests and apologies},
	year = {2000}
}


@article{MárquezReiter2002,
	author = {Márquez Reiter, Rosina},
	journal = {Pragmatics},
	pages = {135–151},
	sortname = {Marquez Reiter, R.},
	title = {A contrastive study of conventional indirectness in {{Spanish}}: {{{E}}}vidence from {P}eninsular and {U}ruguayan {{Spanish}}},
	volume = {12},
	year = {2002}
}


@article{Martínez-FlorUsó-Juan2006,
	author = {Martínez-Flor, Alicia and Usó-Juan, Esther},
	journal ={Applied Language Learning},
	number = {2},
	pages = {39–63},
	title = {A comprehensive pedagogical framework to develop pragmatics in the foreign language classroom: {{T}}he {6R}s approach},
	volume = {16},
	year = {2006}
}

@article{Masuda2011,
	author = {Masuda, Kyoko},
	journal = {Modern Language Journal},
	pages = {519–540},
	title = {Acquiring interactional competence in a study abroad context: {{J}}apanese language learners’ use of the interactional particle \textit{ne}},
	volume = {95},
	year = {2011}
}


@article{Matsumura2001,
	author = {Matsumura, Shoichi},
	journal = {Language Learning},
	pages = {635–679},
	title = {Learning the rules for offering advice: {{A}} quantitative approach to second language socialization},
	volume = {51},
	year = {2001}
}


@article{Matsumura2003,
	author = {Matsumura, Shoichi},
	journal = {Applied Linguistics},
	pages = {465–491},
	title = {Modelling the relationships among interlanguage pragmatic development, {L}2 proficiency, and exposure to {L}2},
	volume = {24},
	year = {2003}
}


@article{Mir2020,
	author = {Mir, Montserrat},
	journal = {Study Abroad Research in Second Language Acquisition},
	number = {2},
	pages = {230–257},
	title = {Teaching and learning about {Spanish} {L}2 compliments in short-term study abroad},
	volume = {5},
	year = {2020}
}


@phdthesis{Morris2017,
	author = {Morris, Kimberly J.},
	school = {University of California, Davis},
	title = {Learning by doing: {{T}}he affordances of task-based pragmatics instruction for beginning {L}2 {S}panish learners studying abroad},
	year = {2017}
}


@incollection{Osuka2014,
	address = {Amsterdam},
	author = {Osuka, Naoko},
	booktitle = {Current issues in intercultural pragmatics},
	editor = {Istvan Kecskes and Stavros Assimakopoulos},
	pages = {275–296},
	publisher = {John Benjamins},
	title = {Development of pragmatic routines by {Japanese} learners in a study abroad context},
	year = {2014}
}


@incollection{PérezVidalShively2019,
	address = {New York},
	author = {Pérez Vidal, Carmen and Shively, Rachel L.},
	booktitle = {Handbook of {SLA} and pragmatics},
	editor = {Naoko Taguchi},
	pages = {355–371},
	publisher = {Routledge},
	sortname = {Perez Vidal, C. and Shively, R. L.},
	title = {L2 pragmatic development in study abroad settings},
	year = {2019}
}

@incollection{Ren2018,
	address = {New York, NY},
	author = {Ren, Wei},
	booktitle = {Routledge handbook of study abroad research and practice},
	editor = {Sanz, C. and Morales-Front, A.},
	pages = {119-133},
	publisher = {Routledge},
	sortname = {Ren, Wei},
	title = {Developing {L}2 pragmatic competence in study abroad contexts},
	year = {2018}
}

@article{Ren2013,
	author = {Ren, Wei},
	journal = {Pragmatics},
	number = {4},
	pages = {715–741},
	title = {The effect of study abroad on the pragmatic development of internal modification of refusals},
	volume = {23},
	year = {2013}
}


@article{Ren2014,
	author = {Ren, Wei},
	journal = {Applied Linguistics},
	pages = {575–594},
	title = {A longitudinal investigation into {L}2 learners’ cognitive processes during study abroad},
	volume = {35},
	year = {2014}
}


@article{Ren2019,
	author = {Ren, Wei},
	journal = {Journal of Pragmatics},
	pages = {137–149},
	title = {Pragmatic development of {Chinese} during study abroad: {{A}} cross-sectional study of learner requests},
	volume = {146},
	year = {2019}
}

@article{RockeyEtAl2020,
	author = {Rockey, Catherine and Tiegs, Jessica and Fernández, Julieta},
	journal = {CALICO Journal},
	pages = {85--108},
	sortname = {Rockey, R. and Tiegs, J. and Fernandez, J.},
	title = {Mobile application use in technology-enhanced {DCT}s},
	volume = {37},
	year = {2020}
}


@phdthesis{Rodríguez2001,
	title = {The perception of requests in {Spanish} by instructed learners of {Spanish} in the second and foreign-language contexts: {A} longitudinal study of acquisition patterns},
	author = {Rodríguez, Silvia},
	school = {Indiana University},
	address = {Bloomington},
	sortname = {Rodriguez, S.},
	year = {2001}
}


@article{Roever2012,
	author = {Roever, Carsten},
	journal = {ELT Journal},
	pages = {10--21},
	title = {What learners get for free: {{L}}earning routine formulae in {ESL} and {EFL} environments},
	volume = {66},
	year = {2012}
}


@article{RussellVásquez2018,
	author = {Russell, Victoria and Vásquez, Camilla},
	journal = {IALLT Journal of Language Learning Technologies},
	pages = {69--96},
	sortname = {Russell, V. and Vasquez, C.},
	title = {Assessing the effectiveness of a web-based tutorial for interlanguage pragmatic development prior to studying abroad},
	volume = {48},
	year = {2018}
}


@incollection{Sanz2014,
	address = {Amsterdam},
	author = {Sanz, Cristina},
	booktitle = {Language acquisition in study abroad and formal instruction contexts},
	editor = {Carmen Pérez-Vidal},
	pages = {1--13},
	publisher = {John Benjamins},
	title = {Contributions of study abroad research to our understanding of {SLA} processes and outcomes: {{T}}he {SALA} project, an appraisal},
	year = {2014}
}


@incollection{Schauer2004,
	address = {Amsterdam},
	author = {Schauer, Gila A.},
	booktitle = {{EUROSLA} Yearbook 4},
	editor = {Susan H. Foster-Cohen and Michael Sharwood Smith and Antonella Sorace and Mitsuhiko Ota},
	pages = {253--273},
	publisher = {John Benjamins},
	title = {{May} you speaker louder maybe? {{I}}nterlanguage pragmatic development in requests},
	year = {2004}
}


@article{Schauer2006,
	author = {Schauer, Gila A.},
	journal = {Language Learning},
	pages = {269--318},
	title = {Pragmatic awareness in {ESL} and {EFL} contexts: {{C}}ontrast and development},
	volume = {56},
	year = {2006}
}


@article{Schauer2007,
	author = {Schauer, Gila A.},
	journal = {Intercultural Pragmatics},
	pages = {193--220},
	title = {Finding the right words in the study abroad context: {{T}}he development of {German} learners’ use of external modifiers in {English}},
	volume = {4},
	year = {2007}
}


@book{Schauer2009,
	address = {London},
	author = {Schauer, Gila A.},
	publisher = {Continuum},
	title = {Interlanguage pragmatic development: {{T}}he study abroad context},
	year = {2009}
}


@incollection{Schmidt2001,
	address = {New York},
	author = {Schmidt, Richard},
	booktitle = {Cognition and second language instruction},
	editor = {Peter Robinson},
	pages = {3--33},
	publisher = {Cambridge University Press},
	title = {Attention},
	year = {2001}
}



@article{Shively2010,
	author = {Shively, Rachel L.},
	journal = {Foreign Language Annals},
	pages = {105--137},
	title = {From the virtual world to the real world: {{A}} model of pragmatics instruction for study abroad},
	volume = {43},
	year = {2010}
}


@article{Shively2011,
	author = {Shively, Rachel L.},
	journal = {Journal of Pragmatics},
	pages = {1818--1835},
	title = {L2 pragmatic development in study abroad: {{A}} longitudinal study of {Spanish} service encounters},
	volume = {43},
	year = {2011}
}


@article{Shively2013,
	author = {Shively, Rachel L.},
	journal = {Modern Language Journal},
	pages = {930--946},
	title = {Learning to be funny in {Spanish} during study abroad: {{L}}2 humor development},
	volume = {97},
	year = {2013}
}


@article{Shively2015,
	author = {Shively, Rachel L.},
	journal = {System},
	pages = {86--98},
	title = {Developing interactional competence during study abroad: {{L}}istener responses in L2 {Spanish}},
	volume = {48},
	year = {2015}
}


@article{Shively2016,
	author = {Shively, Rachel L.},
	journal = {Journal of Spanish Language Teaching},
	pages = {157--170},
	title = {Development of assessments in {L}2 {Spanish} in study abroad},
	volume = {3},
	year = {2016}
}


@article{ShivelyCohen2008,
	author = {Shively, Rachel L. and Cohen, Andrew D.},
	journal = {Íkala, revista de lenguaje y cultura},
	pages = {53--118},
	title = {Development of {Spanish} requests and apologies during study abroad},
	volume = {13},
	year = {2008}
}


@article{Taguchi2006,
	author = {Taguchi, Naoko},
	journal = {Pragmatics},
	pages = {513--535},
	title = {Analysis of appropriateness in a speech act request in {L}2 {English}},
	volume = {16},
	year = {2006}
}


@article{Taguchi2008a,
	author = {Taguchi, Naoko},
	journal = {Language Learning},
	pages = {33--71},
	title = {Cognition, language contact, and development of pragmatic comprehension in a study abroad context},
	volume = {58},
	year = {2008}
}

@article{Taguchi2015,
	author = {Taguchi, Naoko},
	journal = {Modern Language Journal},
	pages = {518--535},
	title = {Instructed pragmatics at a glance: {W}here instructional studies were, are, and should be going. {S}tate-of-the-art article. },
	volume = {98},
	year = {2015}
}

@article{Taguchi2008b,
	author = {Taguchi, Naoko},
	journal = {Studies in Second Language Acquisition},
	pages = {423--452},
	title = {The role of learning environment in the development of pragmatic comprehension: {{A}} comparison of gains made between {EFL} and {ESL} learners},
	volume = {30},
	year = {2008}
}


@article{Taguchi2011,
	author = {Taguchi, Naoko},
	journal = {International Review of Applied Linguistics},
	pages = {265--293},
	title = {Do proficiency and study abroad experience affect speech production? {{A}}nalysis of appropriateness, accuracy, and fluency},
	volume = {49},
	year = {2011}
}


@article{Taguchi2014production,
	author = {Taguchi, Naoko},
	journal = {System},
	pages = {109--121},
	title = {Production of routines in {L}2 {{E}nglish}: {{{E}}}ffect of proficiency and study abroad experience},
	volume = {41},
	year = {2014}
}


@article{Taguchi2014development,
	author = {Taguchi, Naoko},
	journal = {Modern Language Journal},
	pages = {518--535},
	title = {Development of interactional competence in {Japanese} as a second language: {{{U}}}se of incomplete sentences as interactional resources},
	volume = {98},
	year = {2014}
}


@incollection{Taguchi2018,
	address = {Amsterdam},
	author = {Taguchi, Naoko},
	booktitle = {Critical reflections on data in second language acquisition},
	editor = {Aarnes Gudmestad and Amanda Edmonds},
	pages = {7--32},
	publisher = {John Benjamins},
	title = {Data collection and analysis in developmental L2 pragmatics research: {{D}}iscourse completion test, role play, and naturalistic recording},
	year = {2018}
}


@article{TaguchiLi2016,
	author = {Taguchi, Naoko and Xiao, Feng and Li, Shuai},
	journal = {Modern Language Journal},
	pages = {775--796},
	title = {Effects of interactional competence and social contact on speech act production in a {Chinese} study abroad context},
	volume = {100},
	year = {2016}
}


@article{Turnbull2001,
	author = {Turnbull, William},
	journal = {Pragmatics},
	pages = {31--61},
	title = {An appraisal of pragmatic elicitation techniques for the social psychological study of talk: {{T}}he case of request refusals},
	volume = {11},
	year = {2001}
}



@article{VilarBeltrán2014,
	author = {Vilar Beltrán, Elina},
	journal = {International Journal of English Studies},
	pages = {79--96},
	sortname = {Vilar Beltran, E.},
	title = {Length of stay abroad: {{{E}}}ffects of time on the speech act of requesting},
	volume = {14},
	year = {2014}
}


@incollection{VandeBergLou2012,
	address = {Sterling, VA},
	author = {Vande Berg, Michael and Paige, R. Michael and Lou, Kris Hemming},
	booktitle = {Student learning abroad: {{W}}hat our students are learning, what they’re not, and what we can do about it},
	editor = {Michael Vande Berg and R. Michael Paige and Kris Hemming Lou},
	pages = {3--28},
	publisher = {Stylus},
	title = {Student learning abroad: {{P}}aradigms and assumptions},
	year = {2012}
}


@article{WargaScholmberger2007,
	author = {Warga, Muriel and Schölmberger, Ursula},
	journal = {Intercultural Pragmatics},
	pages = {221--252},
	title = {The acquisition of {French} apologetic behavior in a study abroad context},
	volume = {4},
	year = {2007}
}


@article{WinkeTeng2010,
	author = {Winke, Paula M. and Teng, Chunhong},
	journal = {Intercultural Pragmatics},
	pages = {363--399},
	title = {Using task-based pragmatics tutorials while studying abroad in {China}},
	volume = {7},
	year = {2010}
}


@incollection{Woodfield2012,
	address = {Amsterdam},
	author = {Woodfield, Helen},
	booktitle = {Pragmaticvariation in first and second language contexts: {{M}}ethodological issues},
	editor = {J. César Félix-Brasdefer and Dale A. Koike},
	pages = {209--223},
	publisher = {John Benjamins},
	title = {Pragmatic variation in learner perception: {{T}}he role of retrospective verbal report in {L}2 speech act research},
	year = {2012}
}


@misc{AdvanceCTE2012,
	urldate = {2019-08-21},
	author = {{Advance Career Technical Education}},
	shortauthor = {{Advance CTE}},
	url = {https://cte.careertech.org/sites/default%20/files/CCFrame-HealthScience.pdf},
	title = {Career Clusters: {{P}}athways to College and Career Readiness (Health Science)},
	year = {2012}
}


@article{BatesHauboBojesenChristensen2015,
	author = {Bates, Douglas and Maechler, Martin and Bolker, Ben and Walker, Steven and Haubo Bojesen  Christensen, Rune},
	journal = {R package version},
	pages = {1–7},
	title = {lme4: {{L}}inear mixed-effects models using {Eigen} and {S4}},
	volume = {1},
	year = {2015}
}

@article{BatesWalker2015,
	author = {Bates, Douglas and Maechler, Martin and Bolker, Ben and Walker, Steven},
	title = {lme4: {{L}}inear mixed-effects models using {Eigen} and {S4}. {R} package version 67},
	year = {2015}
}

@article{Beaudrie2012,
	author = {Beaudrie, Sara M.},
	journal = {Heritage Language Journal},
	pages = {i-xi},
	title = {Introduction: {{D}}evelopments in {Spanish} heritage language assessment},
	volume = {9},
	year = {2012}
}


@article{BerberyOBrien2018,
	author = {Berbery, Maria Luz and O’Brien, Karen M.},
	journal = {Journal of Career Assessment},
	number = {2},
	pages = {377--392},
	sortname = {Berbery, Maria Luz and O’Brien, Karen M.},
	title = {Going to college? {{L}}atina/{L}atino high school students’ college-going self-efficacy and educational goals},
	volume = {26},
	year = {2018}
}



@book{BrandBrowning2013,
	address = {Washington DC: American Institutes for Research},
	urldate = {2020-10-24},
	author = {Brand, Betsy and Valent, Andrew and Browning, Andrea},
	url = {https://files.eric.ed.gov/fulltext/%20ED555696.pdf},
	title = {How Career and Technical Education Can Help Students be College and Career Ready: {{A}} primer},
	year = {2013}
}


@book{BureauofLaborStatistics2020,
	address = {Occupational Outlook Handbook. U.S. Department of Labor},
	urldate = {2020-10-26},
	author = {{Bureau of Labor Statistics}},
	url = {https://www.bls.gov/ooh/media-and-communication/interpreters-and-translators.htm},
	title = {Interpreters and Translators},
	year = {2020}
}


@article{BurielMoran1998,
	author = {Buriel, Raymond and Perez, William and De Ment, Terri L. and Chavez, David V. and Moran, Virginia R.},
	journal = {Hispanic Journal of Behavioral Sciences},
	number = {3},
	pages = {283--297},
	title = {The relationship of language brokering to academic performance, biculturalism, and self-efficacy among {L}atino adolescents},
	volume = {20},
	year = {1998}
}


@article{CarpiLents2017,
	author = {Carpi, Anthony and Ronan, Darcy M. and Falconer, Heather M. and Lents, Nathan H.},
	journal = {Journal of Research in Science Teaching},
	number = {2},
	pages = {169--194},
	title = {Cultivating minority scientists: {{{U}}}ndergraduate research increases self-efficacy and career ambitions for underrepresented students in {STEM}},
	volume = {54},
	year = {2017}
}


@article{Carreira2012,
	author = {Carreira, Maria M.},
	journal = {Heritage Language Journal},
	pages = {100--120},
	title = {Formative assessment in {HL} teaching: {{P}}urposes, procedures, and practices},
	volume = {9},
	year = {2012}
}


@article{CastellanoStone2003,
	author = {Castellano, Marisa and Stringfield, Sam and Stone III, James R.},
	journal = {Review of Educational Research},
	number = {2},
	pages = {231--272},
	title = {Secondary career and technical education and comprehensive school reform: {{I}}mplications for research and practice},
	volume = {73},
	year = {2003}
}


@article{Delgado-Romero2018,
	author = {Delgado-Romero, Edward A. and De Los Santos, Jhokania and Raman, Vineet S.},
	journal = {Journal of Mental Health Counseling},
	number = {4},
	pages = {341--352},
	sortname = {Delgado-Romero, E. and De Los Santos, J. and Raman, V.},
	title = {Caught in the middle: {{S}}panish speaking bilingual mental health counselors as language brokers},
	volume = {40},
	year = {2018}
}


@article{Dwyer2001,
	author = {Dwyer, James},
	journal = {The Hastings Center Report},
	number = {2},
	pages = {31--36},
	title = {{Babel}, justice and democracy: {{R}}eflections on a shortage of interpreters at a public hospital},
	volume = {31},
	year = {2001}
}

@misc{OhioCTE2017,
	urldate = {2020-10-15},
	title= {{CTE} {R}eport {C}ard. {L}earning that {W}orks {R}esource {C}enter},
	url = {https://careertech.org/resource/OH_CTE_Report_Card},
	author = {{Ohio Department of Education}},
	year = {2017}
}

@misc{EliminationofEnglishLanguageArtsIStateAssessment:InformationforDistrictsandSchoolsSchools2019,
	urldate = {2020-10-15},
	title= {Elimination of {English} {L}anguage {A}rts {I} {S}tate {A}ssessment: {I}nformation for Districts and Schools},
	url = {http://education.ohio.gov/getattachment/Topics/Testing/Sections/Resources/Elimination-of-ELA.pdf.aspx?lang=en-US},
	author = {{Ohio Department of Education}},
	year = {2019}
}

@article{Fairclough2006,
	author = {Fairclough, Marta},
	journal = {Foreign Language Annals},
	pages = {595--604},
	title = {Language placement exams for heritage speakers of {Spanish}: {{L}}earning from students’ mistakes},
	volume = {39},
	year = {2006}
}


@misc{Gonzales2015,
	author = {Gonzales, John M.},
	note = {Center for Health Policy and Economics, University of Southern California},
	urldate = {2019-07-05},
	url = {http://centerforhealthreporting.org/article/medical-interpreters-short-supply-health-coverage-grows},
	title = {Medical interpreters in short supply as health coverage grows},
	year = {2015}
}



@article{GushueScalan2006,
	author = {Gushue, George V. and Clarke, Christine P. and Pantzer, Karen M. and Scalan, Kolone R. L.},
	journal = {The Career Development Quarterly},
	pages = {307--317},
	title = {Self-efficacy, perceptions of barriers, vocational identity, and the career exploration behavior of {L}atino-a high school students},
	volume = {54},
	year = {2006}
}


@article{Jocson2018,
	author = {Jocson, Korina M.},
	journal = {Urban Education},
	number = {5},
	pages = {640--667},
	title = {“{I} want to do more and change things”: {{R}}eframing {CTE} toward possibilities in urban education},
	volume = {53},
	year = {2018}
}


@article{Mejia-SmithGushue2017,
	author = {Mejia-Smith, Brenda and Gushue, George V.},
	journal = {Journal of Counseling and Development},
	number = {2},
	pages = {145--155},
	title = {{Latina}/o college students' perceptions of career barriers: {{I}}nfluence of ethnic identity, acculturation, and self-efficacy},
	volume = {95},
	year = {2017}
}


@misc{Ohio’sStateTestsEnglishLanguageArtsandMathematicsPerformanceStandardsStandards2019,
	title = {Ohio’s {S}tate {T}ests {E}nglish {L}anguage {A}rts and {M}athematics {P}erformance {S}tandards},
	author  = {{Ohio Department of Education}},
	url = {https://ohportal.cambiumast.com/core/fileparse.php/3094/urlt/OH_Math_ELA_Performance_Standards.pdf},
	urldate = {2020-10-15},
	year = {2019}
}


@article{OjedaLeigh2012,
	author = {Ojeda, Lizette and Piña-Watson, Brandy and Castillo, Linda G. and Castillo, Rosalinda and Khan, Noshaba and Leigh, Jennifer},
	journal = {Journal of Career Development},
	number = {2},
	pages = {208--228},
	sortname = {Ojeda, L. and Pina-Watson, B. and Castillo, L. G. and Castillo, R. and Khan, N. and Leigh, J.},
	title = {Acculturation, enculturation, ethnic identity, and conscientiousness as predictors of {L}atino boys’ and girls’ career decision self-efficacy},
	volume = {39},
	year = {2012}
}


@article{ParraPolinsky2018,
	author = {Parra, Maria Luisa and Llorente Bravo, Marta and Polinsky, Maria},
	journal = {Heritage Language Journal},
	pages = {203--241},
	title = {De bueno a muy bueno: {{H}}ow pedagogical intervention boosts language proficiency in advanced heritage learners},
	volume = {15},
	year = {2018}
}


@article{PotowskiMorgan-Short2012,
	author = {Potowski, Kim and Parada, MaryAnn and Morgan-Short, Kara},
	journal = {Heritage Language Journal},
	pages = {51--76},
	title = {Developing an online placement exam for {Spanish} heritage speakers and {L}2 students},
	volume = {9},
	year = {2012}
}


@book{RCoreTeam2017,
	address = {Vienna, Austria},
	author = {{R Core Team}},
	publisher = {R Foundation for Statistical Computing},
	title  = {R: {A} language and environment for statistical computing},
	url = {https://www.R-project.org},
	year = {2017}
}


@book{States’CareerClusterInitiative2008,
	urldate = {2019-08-21},
	author = {{States’ Career Cluster Initiative}},
	url = {https://cte.careertech.org/sites/default/files/K%26S-CareerCluster-HS-2008.pdf},
	sortname = {States’ Career Cluster Initiative},
	title = {Health Science Career Cluster Support Service Pathway Knowledge and Skills Statements},
	year = {2008}
}

@article{LuzzoMcWhirter2001,
	author = {Luzzo, Darrell Anthony and McWhirter, Ellen Hawley},
	journal = {Journal of Counseling \& Development},
	number = {1},
	pages = {61--67},
	title = {Sex and ethnic differences in the perception of educational and career-related barriers and levels of coping efficacy},
	volume = {79},
	year = {2001}
}

@article{ShapiroWilk1965,
	author = {Shapiro, Samuel Sanford and Wilk, Martin B.},
	journal = {Biometrika},
	number = {3/4},
	pages = {591--611},
	title = {An analysis of variance test for normality (complete samples)},
	volume = {52},
	year = {1965}
}


@article{StipanovicWitherell2017,
	author = {Stipanovic, Natalie and Stringfield, Sam and Witherell, Eric},
	journal = {Peabody Journal of Education},
	number = {2},
	pages = {209--221},
	title = {The influence of a career pathways model and career counseling on students' career and academic self-efficacy},
	volume = {92},
	year = {2017}
}

@article{Thomas1983,
	author = {Thomas, Jenny},
	journal = {Applied Linguistics},
	pages = {91--112},
	doi = {https://doi.org/10.1093/applin/4.2.91},
	title = {Cross-Cultural Pragmatic Failure},
	volume = {4},
	year = {1983}
}

@article{Thompson2015,
	author = {Thompson, Gregory L.},
	journal = {Journal of Hispanic Higher Education},
	pages = {82--96},
	title = {Understanding the heritage language student: {{P}}roficiency and placement},
	volume = {14},
	year = {2015}
}


@incollection{Bailey2017,
	address = {Cham},
	author = {Bailey, Alison L.},
	booktitle = {Language testing and assessment, 3rd edition},
	editor = {Shohamy, Elana, Iair G. Or and Stephen May},
	pages = {323--342},
	publisher = {Springer},
	title = {Assessing the language of young learners},
	year = {2017}
}


@book{BeaudriePotowski2014,
	address = {New York},
	author = {Beaudrie, Sara M. and Ducar, Cynthia and Potowski, Kim},
	publisher = {McGraw-Hill Education},
	title = {Heritage language teaching: {{R}}esearch and Practice},
	year = {2014}
}




@incollection{Beaudrie2016,
	address = {Amsterdam and Philadelphia},
	author = {Beaudrie, Sara M.},
	booktitle = {Advances in {Spanish} as a heritage language},
	editor = {Pascual y Cabo, Diego},
	pages = {143--158},
	publisher = {John Benjamins},
	title = {Advances in {Spanish} heritage language assessment. {{R}}esearch and instructional considerations},
	year = {2016}
}


@article{BeaudrieDucar2012,
	author = {Beaudrie, Sara M. and Cynthia Ducar},
	doi = {10.46538/hlj.9.1.5},
	journal = {Heritage Language Journal},
	number = {1},
	pages = {77–99},
	title = {Language placement and beyond: {{G}}uidelines for the design and implementation of a computerized {Spanish} heritage language exam},
	volume = {9},
	year = {2012}
}


@book{BeckettMiller2006,
	address = {Greenwich, CT},
	booktitle = {Project-based second and foreign language education: {{P}}ast, present and future},
	editor = {Beckett, Gulbahar H. and Paul Chamness Miller},
	publisher = {Information Age Publishing},
	title = {Project-based second and foreign language education: {{P}}ast, present and future},
	year = {2006}
}

@misc{ABRACE2020,
	author = {{ABRACE Inc.}},
	shortauthor = {{ABRACE}},
	urldate = {2021-01-14},
	title = {{Brazilian} {A}ssociation for {C}ulture and {E}ducation},
	url = {https://abracebrasil.org},
	year = {2020}
}

@misc{BlizzardBatalova2019,
	author = {Blizzard, Brittany and Jeanne Batalova},
	publisher = {Migration Policy Institute},
	address = {Migration Policy Institute},
	urldate = {2021-06-03},
	title = {{Brazilian} immigrants in the {United States}},
	url = {https://www.migrationpolicy.org/article/brazilian-immigrants-united-states-2017},
	year = {2019}
}


@article{Block2007,
	author = {Block, David},
	doi = {10.2167/illt043.0},
	journal = {Innovation in Language Learning and Teaching},
	number = {1},
	pages = {66–82},
	title = {Bilingualism: {{F}}our assumptions and four responses},
	volume = {1},
	year = {2007}
}


@article{BlumenfeldPalincsar1991,
	title = {Motivating project-based learning: {S}ustaining the doing, supporting the learning},
	author = {Blumenfeld, Phyllis C. and Elliot Soloway and Ronald W. Marx, Joseph S. Krajcik and Mark Guzdial and Annemarie Palincsar},
	journal = {Educational Psychologist},
	volume = {26},
	number = {3--4},
	pages = {369--398},
	year = {1991},
	doi = {10.1080/00461520.1991.9653139}
}


@book{Boruchowski2014,
	address = {Miami},
	author = {Boruchowski, Ivian Destro},
	doi = {10.25148/etd.FI14110712},
	publisher = {Florida International University},
	title = {Curriculum development in a heritage language community-based school: {{A}} Qualitative inquiry regarding a {Brazilian}-{Portuguese} program in {South} {F}lorida},
	year = {2014}
}


@incollection{Boruchowski2015,
	address = {New York},
	author = {Boruchowski, Ivian Destro},
	booktitle = {{Português} como língua de herança: {{A}} filosofia do começo, meio e fim},
	editor = {Jennings-Winterle, Felicia and Maria Célia Lima-Hernandes},
	pages = {162–175},
	publisher = {Brasil em Mente},
	title = {Diretrizes e princípios norteadores para um currículo de língua de herança},
	year = {2015}
}


@book{BradunasTopping1988,
	address = {Washington, DC},
	author = {Bradunas, Elena and Brett Topping},
	publisher = {American Folklife Center},
	title = {Ethnic heritage and language schools in {America}},
	year = {1988}
}


@book{BrownAbeywickrama2010,
	address = {New York},
	edition = {2},
	author = {Brown, Henry Douglas and Priyanvada Abeywickrama},
	publisher = {Teachers College Press},
	title = {Language assessment: {{P}}rinciples and classroom practices},
	year = {2010}
}


@article{Carreira2012a,
	author = {Carreira, Maria M.},
	journal = {Heritage Language Journal},
	number = {1},
	pages = {100–120},
	title = {Formative assessment in {HL} teaching: {{P}}urposes, procedures, and practices},
	volume = {9},
	year = {2012}
}


@incollection{Carreira2012b,
	address = {Washington, DC},
	author = {Carreira, Maria M.},
	booktitle = {{Spanish} as a heritage language in the {United States}: {{T}}he state of the field},
	editor = {Beaudrie, Sara M. and Marta Fairclough},
	pages = {223–240},
	publisher = {Georgetown University Press},
	title = {Meeting the needs of heritage language learners: {{A}}pproaches, strategies, and research},
	year = {2012}
}


@incollection{Carreira2014,
	address = {Cambridge},
	author = {Carreira, Maria M.},
	booktitle = {Rethinking heritage language education},
	editor = {Trifonas, Peter Pericles and Themistoklis Aravossitas},
	pages = {20–44},
	publisher = {Cambridge University Press},
	title = {Teaching heritage language learners: {{A}} study of programme profiles, practices and needs},
	year = {2014}
}


@incollection{Carvalho2012,
	address = {Washington, DC},
	author = {Carvalho, Ana M.},
	booktitle = {{Spanish} as a heritage language in the {United States}: {{T}}he state of the field},
	editor = {Beaudrie, Sara M. and Marta Fairclough},
	pages = {139–157},
	publisher = {Georgetown University Press},
	title = {Code-switching: {{F}}rom theoretical to pedagogical considerations},
	year = {2012}
}


@misc{CenterforAppliedLinguistcs2013,
	author = {{Center for Applied Linguistcs}},
	urldate = {2021-06-03},
	title = {Heritage {L}anguages in {A}merica},
	url = {https://www.cal.org/heritage/profiles/index.html},
	year = {2013}
}


@misc{CoalitionofCommunity-BasedHeritageLanguageSchools2018,
	author = {{Coalition of Community-Based Heritage Language Schools}},
	url= {https://heritagelanguageschools.org/coalition/article/189449},
	urldate = {2021-06-01},
	title = {What are community-based heritage language schools?},
	year = {2018}
}

@misc{TheCoalitionofCommunity-BasedHeritageLanguageSchools2018,
	author = {{Coalition of Community-Based Heritage Language Schools}},
	url= {https://heritagelanguageschools.org/coalition/article/189449},
	urldate = {2021-06-01},
	title = {What are community-based heritage language schools?},
	year = {2018}
}

@incollection{Compton2001,
	address = {McHenry, IL},
	author = {Compton, Carol J.},
	booktitle = {Heritage languages in {America}: {{P}}reserving a national resource},
	editor = {Peyton, Joy K., Donald A. Ranard and Scott McGinnis},
	pages = {145–166},
	publisher = {Center for Applied Linguistics and Delta Systems},
	title = {Heritage language communities and schools: {{C}}hallenges and recommendations},
	year = {2001}
}


@article{Douglas2005,
	author = {Douglas, Masako O.},
	journal = {Heritage Language Journal},
	number = {1},
	pages = {60–82},
	title = {Pedagogical theories and approaches to teach young learners of {Japanese} as a heritage language},
	volume = {3},
	year = {2005}
}


@incollection{Douglas2008,
	address = {New York and London},
	author = {Douglas, Masako O.},
	booktitle = {Teaching {Chinese}, {Japanese}, and {Korean} heritage language students: {{C}}urriculum needs, materials, and assessment},
	editor = {Kondo-Brown, Kimi and James Dean Brown},
	pages = {237–270},
	publisher = {Lawrence Erlbaum},
	title = {Curriculum design for young learners of {Japanese} as a heritage language},
	year = {2008}
}


@article{Elder2005,
	title = {Evaluating the effectiveness of heritage language education: {W}hat role for testing?},
	author = {Elder, Catherine},
	pages = {196-212},
	journal = {International Journal of Bilingual Education and Bilingualism},
	volume = {8},
	number = {2/3},
	year = {2005}
}


@article{Fairclough2012a,
	author = {Fairclough, Marta},
	doi = {10.46538/hlj.9.1.7},
	journal = {Heritage Language Journal},
	number = {1},
	pages = {121–138},
	title = {A working model for assessing {Spanish} heritage language learners’ language proficiency through a placement exam},
	volume = {9},
	year = {2012}
}


@incollection{Fairclough2012b,
	address = {Washington, DC},
	author = {Fairclough, Marta},
	booktitle = {{Spanish} as a heritage language in the {United States}: {{T}}he state of the field},
	editor = {Beaudrie, Sara M. and Marta Fairclough},
	pages = {259--278},
	publisher = {Georgetown University Press},
	title = {Language assessment: {{K}}ey theoretical considerations in the academic placement of spanish language heritage learners},
	year = {2012}
}


@article{FaircloughBermejo2010,
	author = {Fairclough, Marta and Belpoliti, Flavia and Bermejo, Encarna},
	journal = {Hispania},
	number = {2},
	pages = {273–291},
	title = {Developing an electronic placement examination for heritage learners of {Spanish}: {{C}}hallenges and payoffs},
	volume = {93},
	year = {2010}
}


@article{Foster1982,
	author = {Foster, Charles R.},
	journal = {The Phi Delta Kappan},
	number = {5},
	pages = {342–344},
	title = {Defusing the issues in bilingualism and bilingual education},
	volume = {63},
	url = {https://www.jstor.org/stable/20386326},
	year = {1982}
}


@incollection{GodoyLitran2017,
	address = {London},
	author = {Godoy, Cíntia and Christina Litran},
	booktitle = {O {POLH} ({Português} como língua de herança) na Europa},
	editor = {Souza, Ana and Camila Lira},
	pages = {264–274},
	publisher = {JNPaquet Books},
	sortname = {Godoy, Cintia and Christina Litran},
	title = {Bilingua e. {{V}}.: {{A}} difusão da cultura de língua portuguesa em Berlim},
	year = {2017}
}


@article{Gonzalez2012,
	title = {Assessment of bilingual/multilingual pre-K-grade 12 students: {A} critical discussion of past, present, and future issues},
	doi = {10.1080/00405841.2012.726058},
	author = {Gonzalez, Virginia},
	journal = {Theory into Practice},
	volume = {51},
	number = {4},
	pages = {290-296},
	year = {2012}
}


@article{GutierrezSlavin1992,
	author = {Gutierrez, Roberto and Robert Slavin},
	doi = {10.3102/00346543062004333},
	journal = {Review of Educational Research},
	number = {4},
	pages = {333–376},
	title = {Achievement effects of the nongraded elementary school: {{A}} best evidence synthesis},
	volume = {62},
	year = {1992}
}


@article{Ilieva2007,
	author = {Ilieva, Gabriela N.},
	journal = {South Asia Language Pedagogy and Technology},
	pages = {24–33},
	title = {Project-based learning of {Hindi}: {{M}}anaging the mixed-abilities classroom},
	volume = {1},
	url = {http://salpat.uchicago.edu},
	year = {2007}
}


@incollection{IlievaClark-Gareca2016,
	address = {Washington, DC},
	author = {Ilieva, Gabriela N. and Beth Clark-Gareca},
	booktitle = {Innovative Strategies for Heritage Language Teaching {{A}} Practical Guide for the Classroom},
	editor = {Fairclough, Marta and Sara M. Beaudrie},
	pages = {214–236},
	publisher = {Georgetown University Press},
	title = {Heritage language learner assessment: {{T}}oward proficiency standards},
	year = {2016}
}


@article{Kondo-Brown2010,
	title = {Curriculum development for advancing heritage language competence: {R}ecent research, current practices, and a future agenda},
	doi = {10.1017/S0267190510000012},
	author = {Kondo-Brown, Kimi},
	journal= {Annual Review of Applied Linguistics},
	volume = {30},
	pages = {24-41},
	year = {2010}
}


@incollection{Leeman2012,
	address = {Washington, DC},
	author = {Leeman, Jennifer},
	booktitle = {{Spanish} as a heritage language in the {United States}: {{T}}he state of the field},
	editor = {Beaudrie, Sara M. and Marta Fairclough},
	pages = {43–60},
	publisher = {Georgetown University Press},
	title = {Investigating language ideologies in {Spanish} as a heritage language},
	year = {2012}
}


@incollection{Lico2015,
	address = {New York},
	author = {Lico, Ana Lúcia},
	booktitle = {{Português} como língua de herança: {{A}} filosofia do começo, meio e fim},
	editor = {Jennings-Winterle, Felicia and Maria Célia Lima-Hernandes},
	pages = {216–228},
	publisher = {Brasil em Mente},
	sortname = {Lico, Ana Lucia},
	title = {Família, escola e comunidade no processo de ensino-aprendizagem de {PLH}: {{D}}o começo ao fim},
	year = {2015}
}


@incollection{Lira2017,
	address = {London},
	author = {Lira, Camila},
	booktitle = {O {POLH} ({Português} como língua de herança) na {E}uropa},
	editor = {Souza, Ana and Camila Lira},
	pages = {275–295},
	publisher = {JNPaquet Books},
	title = {Linguarte e. {{V}}.: {{C}}ontribuindo para o desenvolvimento do {POLH} na {Alemanha}},
	year = {2017}
}


@misc{LiuEtAl2011,
	author = {Liu, Na and Anne Musica and Silvia Koscak and Polina Vinogradova and Jacqueline López},
	note = {Center for Applied Linguistics. Heritage Briefs Collection},
	publisher = {Center for Applied Linguistics},
	urldate = {2019-03-10},
	title = {Challenges and needs of community-based heritage language programs and how they are addressed},
	url = {http://www.cal.org/resource-center/resource-archive/heritage-briefs},
	year = {2011}
}


@book{Lu2020,
	author = {Lu, Tommy},
	publisher = {Coalition of Community-Based Heritage Language Schools},
	urldate = {2021-06-03},
	title = {Community-based heritage language schools – 2020: Partners in language education},
	url = {https://www.heritagelanguageschools.org/media/files/Community-Based-Heritage-Language-Schools-2020-g3-u0k.pdf},
	year = {2020}
}


@article{Lucero2018,
	author = {Lucero, Audrey},
	journal = {Language, Speech and Hearing Services in Schools},
	urldate = {2019-03-10},
	number = {3},
	pages = {607–621},
	title = {The development of bilingual narrative retelling among {Spanish}–{English} dual language learners over two years},
	volume = {49},
	year = {2018}
}


@article{MacGregor-Mendoza2012,
	author = {MacGregor-Mendoza, Patricia},
	journal = {Heritage Language Journal},
	number = {1},
	pages = {1–26},
	title = {{Spanish} as a heritage language assessment: {{S}}uccesses, failures, lessons learned},
	volume = {9},
	year = {2012}
}


@incollection{Quadros2017,
	address = {London},
	author = {Dias de Quadros, Magaly },
	booktitle = {O {POLH} ({Português} como língua de herança) na Europa},
	editor = {Souza, Ana and Camila Lira},
	pages = {226–236},
	publisher = {JNPaquet Books},
	title = {A hora do ensino em Dubai: {{P}}reservando heranças linguística e cultural},
	year = {2017}
}


@incollection{SilvaBoruchowski2016,
	address = {Roosevelt, NJ},
	author = {Silva, Gláucia V. and Ivian Destro Boruchowski},
	booktitle = {A handbook for {Portuguese} instructors in the {U}.{{S}}.},
	editor = {Milleret, Margo and Mary Risner},
	pages = {161–194},
	publisher = {Boavista Press},
	sortname = {Silva, Glaucia V. and Ivian Destro Boruchowski},
	title = {Heritage learners},
	year = {2016}
}


@article{Son2017,
	author = {Son, Young-A},
	journal = {Foreign Language Annals},
	number = {2},
	pages = {367–386},
	title = {Toward useful assessment and evaluation of heritage language learning},
	volume = {50},
	year = {2017}
}


@incollection{Souza2017,
	address = {London},
	author = {Souza, Ana Luiza de},
	booktitle = {O {POLH} ({Português} como língua de herança) na Europa},
	editor = {Souza, Ana and Camila Lira},
	pages = {237–253},
	publisher = {JNPaquet Books},
	title = {Casa do Brasil em Florença: À procura de um espaço linguístico},
	year = {2017}
}


@article{VacaTorresRodrígues2017,
	author = {Vaca Torres, Ady Marcela and Gómez Rodrígues, Luis Fernando},
	journal = {Profile},
	number = {2},
	pages = {57–71},
	sortname = {Vaca Torres, Ady Marcela and  Gomez Rodrigues, Luis Fernando},
	title = {Increasing {EFL} learners’ oral production at a public school through project-based learning},
	volume = {19},
	year = {2017}
}


@incollection{Valdés1981,
	address = {New York},
	author = {Valdés, Guadalupe},
	booktitle = {Teaching {Spanish} to the {Hispanic} bilingual: {{I}}ssues, aims and methods},
	editor = {Valdés, Guadalupe, Anthony G. Lozano and Rodolfo García-Moya},
	pages = {3–20},
	publisher = {Teachers College Press},
	sortname = {Valdes, Guadalupe},
	title = {Pedagogical implications of teaching {{Spanish}} to the {{Spanish}}-speaking in the {United States}},
	year = {1981}
}


@incollection{Valdés1997,
	address = {Boston},
	author = {Valdés, Guadalupe},
	booktitle = {{La} enseñanza del español a hispanohablantes. {{P}}raxis y teoría},
	editor = {Colombi, M. Cecilia and Francisco X. Alarcón},
	pages = {8–44},
	publisher = {Houghton Mifflin},
	sortname = {Valdes, Guadalupe},
	title = {The teaching of {{Spanish}} to bilingual {{Spanish}}-speaking students: {{O}}utstanding issues and unanswered questions},
	year = {1997}
}




@book{ValdésGarcía-Moya1981,
	address = {New York},
	booktitle = {Teaching {Spanish} to the {Hispanic} bilingual: {{I}}ssues, aims and methods},
	editor = {Valdés, Guadalupe and Anthony G. Lozano and Rodolfo García-Moya},
	publisher = {Teachers College Press},
	sortname = {Valdes, Guadalupe, Anthony G. Lozano and Rodolfo Garcia-Moya},
	title = {Teaching {Spanish} to the {Hispanic} bilingual: {{I}}ssues, aims and methods},
	year = {1981}
}



@article{VergaraWilson2012,
	author = {Vergara Wilson, Dámian},
	doi = {10.46538/hlj.9.1.3},
	journal = {Heritage Language Journal},
	pages = {27--50},
	title = {Developing a placement exam for {Spanish} heritage language learners: {{I}}tem analysis and learner characteristics},
	volume = {9},
	year = {2012}
}



@incollection{WangGreen2001,
	address = {McHenry, IL},
	author = {Wang, Shuhan C. and Nancy Green},
	booktitle = {Heritage languages in {America}: {{P}}reserving a national resource},
	editor = {Peyton, Joy K., Donald A. Ranard and Scott McGinnis},
	pages = {167–196},
	publisher = {Center for Applied Linguistics and Delta Systems},
	title = {Heritage language students in the {K}-12 education system},
	year = {2001}
}


@book{WigginsMcTighe2005,
	address = {Alexandria, VA},
	author = {Wiggins, Grant and Jay McTighe},
	publisher = {Association for Supervision and Curriculum Development},
	title = {Understanding by design},
	year = {2005}
}


@incollection{Ziegler1981,
	address = {New York},
	author = {Ziegler, Janet D.},
	booktitle = {Teaching {Spanish} to the {Hispanic} bilingual: {{I}}ssues, aims and methods},
	editor = {Valdés, Guadalupe, Anthony G. Lozano and Rodolfo García-Moya},
	pages = {211–214},
	publisher = {Teachers College Press},
	title = {Guidelines for the construction of a {{{Spanish}}} placement examination for the {{{Spanish}}}-dominant {{{Spanish}}}-{English} bilingual},
	year = {1981}
}


@article{Alarcón2010,
    ids = {Alarcon2010},
	author = {Alarcón, Irma},
	journal = {Foreign Language Annals},
	number = {2},
	pages = {269--288},
	sortname = {Alarcon, Irma},
	title = {Advanced heritage learners of {Spanish}: {{A}} sociolinguistic profile for pedagogical purposes},
	volume = {43},
	year = {2010},
	doi = {10.1111/j.1944-9720.2010.01078.x}
}


@book{AmíasEtAl2003,
	address = {Iquitos, Peru},
	author = {Amías, Rosa and Victor Yuyarima and Mabel Morí and José Mashingash},
	publisher = {FORMABIAP},
	sortname = {Amias, Rosa and Victor Yuyarima and Mabel Mori and Jose Mashingash},
	title = {Cuentos en Tarjetas},
	year = {2003}
}


@article{Dorian1980,
	title = {Language shift in community and individual: {The} phenomenon of the laggard semi-speaker},
	author = {Dorian, Nancy C.},
	journal = {International Journal of the Sociology of Language},
	volume = {25},
	pages = {85--94},
	year = {1980},
	doi = {10.1515/ijsl.1980.25.85}
}

@incollection{HolmEtAl2003,
	editor = {Jon Reyhner and Octaviana V. Trujillo and Roberto L. Carrasco and Louise Lockard},
	booktitle = {Nurturing Native Languages},
	pages = {25-52},
	address = {Flagstaff},
	author = {Holm Wayne and Irene Silentman and Laura Wallace},
	publisher = {Northern Arizona University},
	title = {Situational {{Navajo}}: {{A}} school-based, verb-centered way of teaching {{Navajo}}},
	year = {2003}
}


@book{INEI2017,
	title = {Censos Nacionales 2017: {XII} de Población, {VII} de Vivienda y {III} de Comunidades Indígenas},
	author = {{Instituto Nacional de Estadística e Informática ({INEI})}},
	shortauthor = {INEI},
	urldate = {2019-01-05},
	url = {http://censos2017.inei.gob.pe/redatam/},
	sortname = {{Instituto Nacional de Estadistica e Informatica (INEI)}},
	year = {2017}
}


@incollection{LópezGarcía2016,
	address = {New York},
	author = {López, Luis Enrique and Fernando García},
	booktitle = {Indigenous Language Revitalization in the {Americas}},
	editor = {Serafín M. Coronel-Molina and Teresa L. McCarty},
	pages = {292--343},
	publisher = {Routledge},
	sortname = {Lopez, Luis Enrique and Fernando Garcia},
	title = {The {Home}-{S}chool-{C}ommunity Interface in Language Revitalization in {Latin} {America} and the {Caribbean}},
	year = {2016}
}


@article{LopezOdango2015,
	author = {Lopez Odango, Emerson},
	journal = {Language Documentation and Conservation},
	pages = {32--58},
	title = {{May} Sasabihin ang Kabataan ‘The Youth {Have} Something to Say’: {{O}}uth perspectives on language shift and linguistic identity},
	volume = {9},
	year = {2015}
}


@article{MartinEtAl2013,
	author = {Martin, Cynthia and Swender, Elvira and Rivera-Martinez, Mildred},
	journal = {Heritage Language Journal},
	number = {2},
	pages = {211--225},
	title = {Assessing the oral proficiency of heritage speakers according to the {ACTFL} proficiency guidelines 2012 -- {S}peaking},
	volume = {10},
	year = {2013}
}


@book{MayorBodmer2009,
	address = {Iquitos},
	author = {Mayor, Pedro and Bodmer, Richard},
	publisher = {CETA},
	title = {Pueblos indígenas de la Amazonía peruana},
	year = {2009}
}


@book{MinisteriodeEducacióndelPerú2016,
        ids = {MinistryofEducationofPeru2016},
	address = {Lima},
	author = {{Ministerio de Educación del Perú}},
	publisher = {DIGEIBIR -- Ministerio de Educación},
	sortname = {{Ministerio de Educacion del Peru}},
	title = {Plan Nacional de Educación Intercultural Bilingüe al 2021: {R}esolución Ministerial {N°} 629-2016-{MINEDU} del 14 de diciembre de 2016},
	year = {2016}
}


@book{MinisteriodeEducacióndelPerú2013,
	address = {Primera Edición. Lima},
	author = {{Ministerio de Educación del Perú}},
	publisher = {DIGEIBIR -- Ministerio de Educación},
	sortname = {{Ministerio de Educacion del Peru}},
	title = {Documento Nacional de Lenguas Originarias del Perú},
	year = {2013}
}



@article{Montrul2008,
	author = {Montrul, Silvina},
	journal = {Second Language Research, SAGE Publications},
	number = {4},
	pages = {487--506},
	title = {Review article: {{S}}econd language acquisition welcomes the heritage language learner: {{O}}pportunities of a new field},
	volume = {24},
	year = {2008}
}


@book{Moseley2010,
	address = {Paris},
	publisher = {UNESCO Publishing},
	booktitle = {Atlas of the world’s languages in danger},
	editor = {Moseley, Christopher},
	url = {http://www.unesco.org/culture/en/endangeredlanguages/atlas},
	urldate = {2012-04-29},
	title = {Atlas of the world’s languages in danger},
	year = {2010}
}

@book{PapaCoquincheRosalesAlvarado2015,
	address = {Iquitos, Peru},
	author = {Papa Coquinche, Claudio and Rosales Alvarado, Haydée},
	publisher = {FORMABIAP},
	sortname = {Papa Coquinche, Claudio and Haydee Rosales Alvarado},
	title = {Kichwa shimita allita yachashun sumakta ayllukunawan kuyntankapa -- {Texto} para la enseñanza-aprendizaje del Kichwa como segunda lengua},
	year = {2015}
}


@article{PolinskyKagan2007,
	author = {Polinsky, Maria  and Olga Kagan},
	journal = {Language and Linguistics Compass},
	number = {5},
	pages = {368--395},
	title = {Heritage languages: {{I}}n the `wild' and in the classroom},
	volume = {1},
	year = {2007},
	doi = {10.1111/j.1749-818X.2007.00022.x}
}


@book{Potowski2018,
	author = {Potowski, Kim},
	publisher = {Routledge},
	address = {London},
	title = {Handbook of {Spanish} as a heritage/minority language},
	year = {2018}
}


@incollection{Queixalós2009,
	address = {Quito},
	author = {Queixalós, Francesc},
	publisher = {AECID/FUNPROEIB Andes/UNICEF},
	sortname = {Queixalos, Francesc},
	title = {Amazonía: {{A}}spectos Generales},
	year = {2009},
	booktitle = {Atlas sociolingüístico de pueblos indígenas en {América Latina}},
	editor = {Inge Sichra},
	pages = {231--244}
}


@article{Rothman2009,
	author = {Rothman, Jason},
	journal = {International Journal of Bilingualism},
	number = {2},
	pages = {155--163},
	title = {Understanding the nature and outcomes of early bilingualism: {{R}}omance languages as heritage languages},
	volume = {13},
	year = {2009}
}


@book{Silva-Corvalán1994,
	address = {Oxford},
	author = {Silva-Corvalán, Carmen},
	publisher = {Clarendon},
	sortname = {Silva-Corvalan, Carmen},
	title = {Language contact and change: {{S}}panish in Los Angeles},
	year = {1994}
}


@book{SolísFonseca2002,
	address = {Lima},
	author = {Solís Fonseca, Gustavo},
	publisher = {Programa FORTE-PE; Ministerio de Educación},
	sortname = {Solis Fonseca, Gustavo},
	title = {Lenguas en la {Amazonía} peruana},
	year = {2002}
}

@incollection{SolísFonseca2009,
    address = {Quito},
    author = {Solís Fonseca, Gustavo},
    booktitle = {Atlas Sociolingüístico de Pueblos Indígenas en América Latina},
    editor = {Inge Sichra},
    pages = {302--332},
    publisher = {AECID/FUNPROEIB Andes/UNICEF},
    title = {Perú amazónico},
    year = 2009
}



@book{TrapnellEtAl2018,
	address = {Iquitos, Perú},
	booktitle = {Formabiap: {{R}}epensando la Educación Intercultural Bilingüe},
	editor = {Trapnell Forero, Lucy and Medina Tuesta, Dubnar and Robilliard Ferreira, Sandra},
	publisher = {FORMABIAP},
	title = {Formabiap: {{R}}epensando la Educación Intercultural Bilingüe},
	url = {http://www.formabiap.org/sitio/index.php/publicaciones/libros},
	year = {2018}
}


@article{Valdés1989,
	author = {Valdés, Guadalupe},
	journal = {Hispania},
	pages = {392--401},
	sortname = {Valdes, Guadalupe},
	title = {Teaching {Spanish} to {Hispanic} bilinguals: {{A}} look at oral proficiency testing and the proficiency movement},
	volume = {72},
	year = {1989}
}


@article{Valdés2005,
	author = {Valdés, Guadalupe},
	journal = {Modern Language Journal},
	title = {Bilingualism, heritage language learners, and SLA research: {O}pportunities lost or seized?},
	pages = {410--426},
	sortname = {Valdes, Guadalupe},
	volume = {89},
	year = {2005},
	doi = {10.1111/j.1540-4781.2005.00314.x}
}


@article{Vallejos2014,
	author = {Vallejos, Rosa},
	journal = {Language Documentation and Conservation},
	pages = {38--65},
	title = {Integrating language documentation, language preservation, and linguistic research: {{W}}orking with the {Kukamas} from the {Peruvian Amazon}},
	volume = {8},
	year = {2014}
}


@incollection{Vallejos2015,
	address = {Hermosillo},
	author = {Vallejos, Rosa},
	booktitle = {Estudios de Lenguas Amerindias 3: {{C}}ontribuciones al estudio de las lenguas originarias de América},
	editor = {Ana Fernandez and Albert Alvarez and Zarina Estrada},
	pages = {199--225},
	publisher = {Universidad de Sonora},
	title = {{La} indexicalidad de género en kukama-kukamiria desde una perspectiva tipológica},
	year = {2015}
}


@book{Vallejos2016a,
	address = {Leiden},
	author = {Vallejos, Rosa},
	publisher = {Brill},
	title = {A Grammar of {Kukama-Kukamiria}: {{A}} language from the {Amazon}},
	year = {2016}
}


@incollection{Vallejos2016b,
	address = {Berlin},
	author = {Vallejos, Rosa},
	booktitle = {Language Documentation and Revitalization in {Latin} {America}},
	editor = {Gabriela Perez-Baez, Chris Rogers and Jorge Rosés-Labrada},
	pages = {143--164},
	publisher = {De Gruyter Mouton},
	title = {Structural outcomes of obsolescence and revitalization: {{D}}ocumenting variation among the {Kukama-Kukamirias}},
	year = {2016}
}


@article{Vallejos2018,
	author = {Vallejos, Rosa},
	doi = {10.1086/695549},
	pages = {S129--S147},
	title = {{Kukama-Kukamiria}},
	journal = {International Journal of {American} Linguistics},
	volume = {84},
	number = {S1},
	year = {2018}
}


@article{VallejosEtAl2020,
	author = {Vallejos, Rosa and Evelyn Fernandez-Lizárraga and Haley Patterson},
	journal = {Studies in Hispanic and Lusophone Linguistics},
	doi = {10.1515/shll-2020-2028},
	pages = {219--245},
	sortname = {Vallejos, Rosa, Evelyn Fernandez-Lizarraga and Haley Patterson},
	title = {The role of information structure in the instantiation of objects: {{{E}}}vidence from {Amazonian} {Spanish}},
	volume = {13},
	number = {1},
	year = {2020}
}

@book{BroadfootStobart2002,
	address = {London},
	author = {Broadfoot, Patricia and Daugherty, Richard and Gardner, John and Harlen, Wynne and James, Mary and Stobart, Gordon},
	publisher = {Assessment Reform Group},
	title = {Assessment for {L}earning: 10 {P}rinciples. {R}esearch-based principles to guide classroom practice {A}ssessment for {L}earning},
	year = {2002}
}

@incollection{CortazziJin1996,
	address = {Cambridge},
	author = {Cortazzi, Martin and Jin, Lixian},
	booktitle = {Society and the language classroom},
	editor = {Coleman, Hywel},
	pages = {64--85},
	publisher = {Cambridge University Press},
	title = {Cultures of learning: {{L}}anguage classrooms in {China}},
	year = {1996}
}


@book{Crystal2009,
	author = {Crystal, David},
	publisher = {Cambridge University Press},
	address = {Cambridge},
	title = {Language and the internet},
	year = {2009}
}


@book{DelpitKilgourDowdy2003,
	address = {New York},
	booktitle = {The skin that we speak: {{T}}houghts on language and culture in the classroom},
	editor = {Delpit, Lisa and Kilgour Dowdy, Joanne},
	publisher = {The New Press},
	title = {The skin that we speak: {{T}}houghts on language and culture in the classroom},
	year = {2003}
}


@article{Freeman2000,
	author = {Freeman, Donald},
	journal = {TESOL Matters},
	pages = {1--6},
	title = {Imported theories/Local understandings},
	volume = {10},
	year = {2000}
}


@book{Gee2014,
	address = {Champaign, IL},
	author = {Gee, James Paul},
	publisher = {Common Ground Research Networks},
	title = {Collected Essays on learning and assessment in the digital world},
	year = {2014}
}


@book{Green2014,
	address = {New York, NY},
	author = {Green, Anthony},
	publisher = {Routledge},
	title = {Exploring language assessment and testing: {{L}}anguage in action},
	year = {2014}
}


@incollection{HardingKremmel2017,
	address = {Boston, MA},
	author = {Harding, Luke and Kremmel, Benjamin},
	booktitle = {Handbook of second language assessment},
	editor = {Dina Tsagari and Jayanti Veronique Banerjee},
	pages = {413–427},
	publisher = {De Gruyter Mouton},
	title = {Teacher assessment literacy and professional development},
	year = {2017}
}

@incollection{BrownTrace2017,
	address = {New York},
	author = {Brown, James Dean and Trace, Jonathan},
	booktitle = {Handbook of research in second language teaching and learning: {V}olume {III}},
	editor = {Hinkel, Eli},
	pages = {490–505},
	publisher = {Routledge},
	title = {Classroom assessment},
	year = {2017}
}

@article{LeungRea-Dickins2007,
	author = {Leung, Constant and Rea-Dickins, Pauline},
	journal = {Language Assessment Quarterly},
	number = {1},
	pages = {6--36},
	title = {Teacher assessment as policy instrument: contradictions and capacities},
	volume = {4},
	year = {2007}
}

@article{HuangLaskowski2014,
	author = {Huang, Jingzi and Laskowski, Terry},
	journal = {International Journal of Literacies},
	number = {2},
	pages = {29--50},
	title = {Developing linguistic sensitivity of {English} second language teacher candidates for linguistically responsive instruction},
	volume = {20},
	year = {2014}
}


@incollection{Hymes1993,
	address = {Washington, D.C.},
	author = {Hymes, Dell},
	booktitle = {Language, communication, and social meaning},
	editor = {James E. Alatis},
	pages = {23–40},
	publisher = {Georgetown University Press},
	title = {Inequality in language: {{T}}aking for granted},
	year = {1993}
}





@book{MazakCarroll2016,
	editor = {Mazak, Catherine M. and Carroll, Kevin S.},
	year = {2016},
	title = {{T}ranslanguaging in higher education: {B}eyond monolingual ideologies},
	publisher = {Multilingual Matters},
	address = {Buffalo, NY/Bristol, UK}

}

@book{MenkeMalovhr2021,
	title = {Advancedness in second language {Spanish}: {D}efinitions, challenges, and possibilities},
	author = {Malovrh, Paul A. and Menke, Mandy R.},
	publisher = {John Benjamins},
	address = {Amsterdam/Philadelphia},
	year = {2021}
}


@misc{NCTEJuly312005,
	author = {{NCTE}},
	note = {{P}osition Statement},
	title = {{S}upporting Linguistically and Culturally Diverse Learners in {English} Education},
	year = {2005}
}


@article{PhakitiIsaacs2021,
	title = {Classroom assessment and validity: {P}sychometric and edumetric approaches},
	author = {Phakiti, Aek and Isaacs, Talia},
	journal = {The European Journal of Applied Linguistics and TEFL},
	pages = {3-24},
	volume = {10},
	number = {1},
	year = {2021}
}


@article{Poehner2008,
	author = {Poehner, Matthew E.},
	journal = {... Bringing the ZPD into the equation: Capturing L2 development during computerized dynamic assessment. Language Teaching Research},
	number = {3},
	pages = {323–342},
	title = {Dynamic assessment: {{A}} Vygotskian approach to understanding and promoting second language development},
	volume = {17},
	year = {2008}
}


@book{Rosi.Solé2016,
	address = {London},
	author = {Ros i Solé, Cristina},
	publisher = {Palgrave McMillan},
	title = {The personal world of the language learner},
	year = {2016}
}

@article{McNamaraRoever2006,
	author = {McNamara, Tim and Roever, Carsten},
	journal = {International Journal of Applied Linguistics},
	pages = {242–258},
	title = {Language testing: the social dimension},
	volume = {16},
	number = {2},
	year = {2006}
}

@article{Shahbari2018,
	author = {Shahbari, Juhaina Awawdeh and Abu-Alhija, Fadia Nasser},
	journal = {International Journal of Science and Math Education},
	pages = {1315–1335},
	title = {Does Training in Alternative Assessment Matter? {{T}}he Case of Prospective and Practicing Mathematics Teachers’ Attitudes Toward Alternative Assessment and Their Beliefs About the Nature of Mathematics},
	volume = {16},
	year = {2018}
}




@incollection{Thorne2008,
	address = {New York, NY},
	author = {Thorne, Steven L.},
	booktitle = {{{S}}econd and Foreign Language Education},
	editor = {Nelleke Van Duesen-Scholl and Nancy H. Hornberger},
	pages = {325--336},
	publisher = {Springer},
	title = {Computer-Mediated Communication},
	number = {4},
	series = {Encyclopedia of {L}anguage and {E}ducation},
	edition = {2},
	year = {2008}
}


@article{ThorneLu2012,
	author = {Thorne, Steven L. and Fischer, Ingrid and Lu, Xiaofei},
	journal = {ReCALL Journal},
	number = {3},
	pages = {279--301},
	title = {The Semiotic Ecology and Linguistic Complexity of an Online Game World},
	volume = {24},
	year = {2012}
}


@article{ThorneJakonen2021,
	author = {Thorne, Steven L. and Hellermann, John and Jakonen, Teppo},
	journal = {Modern Language Journal},
	pages = {106--125},
	title = {Rewilding Language {E}ducation: {{{E}}}mergent Assemblages and {E}ntangled Actions},
	volume = {105},
	year = {2021}
}



@article{Tudor2003,
	author = {Tudor, Ian},
	journal = {System},
	number = {1},
	pages = {1--12},
	title = {Learning to live with complexity: {{L}}earning to live with complexity: {{T}}owards an ecological perspective on language teaching},
	volume = {31},
	year = {2003}
}


@book{Tudor2001,
	author = {Tudor, Ian},
	publisher = {Cambridge University Press},
	address  = {New York, NY},
	title = {The dynamics of the language classroom},
	year = {2001}
}


@incollection{Turner2012,
	address = {New York, NY},
	author = {Turner, Carolyn E.},
	booktitle = {The {Routledge} handbook of language testing},
	editor = {Glenn Fulcher and Fred Davidson},
	pages = {65–78},
	publisher = {Routledge},
	title = {Classroom assessment},
	year = {2012}
}





@article{Adair-HauckEtAl2006,
	author = {Adair-Hauck, Bonnie and Glisan, Eileen W. and Koda, Keiko and Sandrock, Paul},
	journal = {Foreign Language Annals},
	pages = {359–382},
	title = {The integrated performance assessment ({IPA}): {{C}}onnecting assessment to instruction and learning},
	volume = {39},
	year = {2006}
}


@book{Adair-HauckEtAl2013,
	address = {Alexandria, VA},
	author = {Adair-Hauck, Bonnie and Glisan, Eileen W. and Troyan, Francis J.},
	publisher = {ACTFL},
	title = {Implementing integrated performance assessment},
	year = {2013}
}


@article{Adair-HauckTroyan2013,
	author = {Adair-Hauck, Bonnie and Troyan, Francis J.},
	journal = {Foreign Language Annals},
	number = {1},
	pages = {23--44},
	title = {A descriptive and co-constructive approach to integrated performance assessment feedback},
	volume = {46},
	year = {2013}
}


@article{AlamAkar2019,
	author = {Alam, Md. Jahangir and Akar, Tahmina},
	journal = {English Language Teaching},
	number = {7},
	pages = {161--172},
	title = {Assessment challenges and impact of formative portfolio assessment ({FPA}) on {EFL} learners’ writing performance: {{A}} case study on the preparatory {English} language course},
	volume = {12},
	year = {2019}
}


@article{AshClayton2009,
	author = {Ash, Sarah L. and Clayton, Patti H.},
	journal = {Journal of Applied Learning in Higher Education},
	number = {1},
	pages = {25--48},
	title = {Generating, deepening, and documenting learning: {{T}}he power of critical reflection in applied learning},
	volume = {1},
	year = {2009}
}


@incollection{Bennett1986,
	address = {New York},
	author = {Bennett, Milton J.},
	booktitle = {Cross-cultural orientation: {{N}}ew conceptualisation and applications},
	editor = {R. Michael Paige},
	pages = {27–70},
	publisher = {University Press of America},
	title = {Towards ethnorelativism: {{A}} developmental model of intercultural sensitivity},
	year = {1986}
}


@article{Bernhardt2006,
	author = {Bernhardt, Elizabeth B.},
	journal = {Modern Language Journal},
	number = {4},
	pages = {588--590},
	title = {Student learning outcomes as professional development and public relations},
	volume = {90},
	year = {2006}
}

@incollection{BringleHudson2004,
	address = {Washington, D.C.},
	author = {Bringle, Robert G. and Phillips, Mindy A. and Hudson, Michael},
	booktitle = {The measure of service learning: {R}esearch scales to assess student experiences},
	editor = {Robert G. Bringle and Mindy A. Phillips and Michael Hudson},
	pages = {3-10},
	publisher = {American Psychological Association},
	title = {Understanding service learning},
	year = {2004}
}

@book{BringleHudson200,
	address = {Washington, D.C.},
	editor = {Robert G. Bringle and Mindy A. Phillips and Michael Hudson},
	booktitle = {The measure of service learning: {R}esearch scales to assess student experiences},
	author = {Bringle, Robert G. and Phillips, Mindy A. and Hudson, Michael},
	pages = {3-10)},
	publisher = {American Psychological Association},
	title = {Understanding service learning},
	year = {2004}

}


@book{BrownThompson2018,
	address = {Washington, DC},
	author = {Brown, Alan V. and Thompson, Gregory L.},
	publisher = {Georgetown University Press},
	title = {The changing landscape of {Spanish} language curricula},
	year = {2018}
}


@book{Byram1997,
	address = {Clevedon},
	author = {Byram, Michael},
	publisher = {Multilingual Matters},
	title = {Teaching and assessing intercultural communicative competence},
	year = {1997}
}


@article{ByrnesNorris2010,
	author = {Byrnes, Heidi and Maxim, Hiram H. and Norris, John M.},
	journal = {The Modern Language Journal},
	pages = {1--235},
	title = {Realizing Advanced Foreign Language Writing Development in Collegiate Education: {{C}}urricular Design, Pedagogy, Assessment},
	volume = {94},
	year = {2010}
}


@book{CliffordReisinger2019,
	address = {Washington, D.C.},
	publisher = {Georgetown University Press},
	author = {Clifford, Joan and Reisinger, Deborah S.},
	doi = {10.2307/j.ctv7cjw41},
	title = {Community-Based Language Learning: {{A}} Framework for Educators},
	year = {2019}
}


@article{DelettKevorkian2001,
	author = {Delett, Jennifer S. and Barnhardt, Sarah and Kevorkian, Jennifer A.},
	journal = {Foreign Language Annals},
	number = {6},
	pages = {559--568},
	title = {A framework for portfolio assessment in the foreign language classroom},
	volume = {34},
	year = {2001}
}


@article{GardnerMasgoret1997,
	author = {Gardner, Robert C. and Tremblay, Paul F. and Masgoret, Anne-Marie},
	journal = {The Modern Language Journal},
	number = {3},
	pages = {344--362},
	title = {Towards a full model of second language learning: {{A}}n empirical investigation},
	volume = {81},
	year = {1997}
}


@book{GeneseeUpshur1996,
	address = {New York},
	author = {Genesee, Fred and Upshur, John A.},
	publisher = {Cambridge University Press},
	title = {Classroom-based evaluation in second language education},
	year = {1996}
}


@book{Hamp-LyonsCondon2000,
	address = {Cresskill},
	author = {Hamp-Lyons, Liz and Condon, William},
	publisher = {Hampton Press},
	title = {Assessing the portfolio: {{P}}rinciples for practice, theory, and research},
	year = {2000}
}


@book{Jacoby2015,
	address = {San Francisco, CA},
	author = {Jacoby, Barbara},
	publisher = {Jossey-Bass Publishers},
	title = {Service-learning essentials: {{Q}}uestions, answers, and lessons learned},
	year = {2015}
}


@misc{Johnson2019,
	author = {Johnson, Steven},
	title = {Colleges lose a ‘stunning’ 651 foreign-language programs in 3 years},
	journal = {The Chronicle of Higher Education},
	url = {https://www.chronicle.com/article/colleges-lose-a-stunning-651-foreign-language-programs-in-3-years},
	urldate = {2021-04-01}
}


@article{Lam2017,
	author = {Lam, Ricky},
	journal = {Assessing Writing},
	pages = {84--97},
	title = {Taking stock of portfolio assessment scholarship: {{F}}rom research to practice},
	volume = {31},
	year = {2017}
}


@article{LowtherPereira2015,
	author = {Lowther Pereira, Kelly},
	journal = {Heritage Language Journal},
	number = {2},
	pages = {159–185},
	title = {Developing critical language awareness via service-learning for {Spanish} heritage speakers},
	volume = {12},
	year = {2015}
}


@book{McMillan2018,
	address = {Classroom assessment},
	author = {McMillan, James},
	publisher = {Pearson},
	address = {Boston, MA},
	title = {Principles and practice that enhance student learning and motivation},
	edition = {7},
	year = {2018}
}


@article{MedinaGordon2014,
	author = {Medina, Almitra and Gordon, Leslie},
	journal = {Foreign Language Annals},
	number = {2},
	pages = {357–371},
	title = {Service-learning, phonemic perception, and learner motivation: {{A}} quantitative study},
	volume = {47},
	year = {2014}
}


@article{MooneyEdwards2001,
	author = {Mooney, Linda A. and Edwards, Bob},
	journal = {Teaching Sociology},
	number = {2},
	pages = {181-194},
	title = {Experiential learning in sociology: {{S}}ervice learning and other community-based learning initiatives},
	doi = {10.2307/1318716},
	volume = {29},
	year = {2001}
}


@article{Norris2006,
	author = {Norris, John M.},
	journal = {Modern Language Journal},
	number = {4},
	pages = {576–83},
	title = {The why and (how) of student learning outcomes assessment in college {FL} education},
	volume = {90},
	year = {2006}
}


@article{Pedersen2010,
	author = {Pedersen, Paula J.},
	journal = {International Journal of Intercultural Relations},
	number = {1},
	pages = {70--80},
	title = {Assessing intercultural effectiveness outcomes in a year-long study abroad program},
	volume = {34},
	year = {2010}
}


@misc{PierceOMalley1992,
	author = {Pierce, Lorraine Valdez and O'Malley, J. Michael},
	volume = {9},
	note = {Program Information Guide Series, 9. National Clearinghouse for Bilingual Education},
	title = {Performance and portfolio assessment for language minority students},
	year = {1992}
}


@article{Rifkin2005,
	author = {Rifkin, Benjamin},
	journal = {Modern Language Journal},
	pages = {3–18},
	title = {A ceiling effect in traditional classroom foreign language instruction: {{D}}ata from {Russian}},
	volume = {89},
	year = {2005}
}


@article{Magnan1986,
	author = {Magnan, Sally Sieloff},
	journal = {Foreign Language Annals},
	number = {5},
	pages = {429–438},
	title = {Assessing speaking proficiency in the undergraduate curriculum: {{D}}ata from {French}},
	volume = {19},
	year = {1986}
}


@article{Salgado-RoblesLamboy2019,
	author = {Salgado-Robles, Francisco and Lamboy, Edwin},
	journal = {Revista Signos. Estudios de Lingüística},
	number = {101},
	pages = {1055–1075},
	title = {The learning and teaching of {Spanish} as a heritage language through community service learning in {New York City}},
	volume = {52},
	year = {2019}
}


@article{Schulz2007,
	author = {Schulz, R. A.},
	journal = {Foreign language annals},
	number = {1},
	pages = {9--26},
	title = {The challenge of assessing cultural understanding in the context of foreign language instruction},
	volume = {40},
	year = {2007}
}

@article{TaylorBetz1983,
	author = {Taylor, Karen M. and Betz, Nancy E.},
	journal = {Journal of Vocational Behavior},
	pages = {63--81},
	title = {Applications of self-efficacy theory to the understanding and treatment of career indecision},
	volume = {22},
	year = {1983}
}

@article{StigginsChappuis2006,
	author = {Stiggins, Rick and Chappuis, Jan},
	journal = {Journal of Staff Development},
	number = {1},
	pages = {10--14},
	title = {What a difference a word makes},
	volume = {27},
	year = {2006}
}


@article{Swender2003,
	author = {Swender, E.},
	journal = {Foreign Language Annals},
	number = {4},
	pages = {520–526},
	title = {Oral proficiency testing in the real world: {{A}}nswers to frequently asked questions},
	volume = {36},
	year = {2003}
}

@incollection{Sykes2017,
	author = {Sykes, J.},
	title = {{T}echnologies for teaching and learning intercultural competence and interlanguage pragmatics},
	editor = {Chapelle, Carol A. and Sauro, Shannon},
	booktitle = {{T}he handbook of technology and second language teaching and learning},
	pages = {118–133},
	year = {2017},
	publisher = {Wiley},
	address = {Hoboken, New Jersey}
}



@misc{TedickKlee1998,
	author = {Tedick, Diane J. and Klee, Carol A.},
	address = {Washington, D.C.},
	publisher = {Center for Applied Linguistics},
	title = {Alternative assessment in the language classroom},
	year = {1998}
}


@book{Thompson2012,
	address = {Charlotte, NC},
	author = {Thompson, Gregory L.},
	publisher = {Information Age},
	title = {Intersection of service and learning: {{R}}esearch and practice in the second language classroom},
	year = {2012}
}


@article{Tschirner2016,
	author = {Tschirner, Erwin},
	journal = {Foreign Language Annals},
	pages = {201–23},
	title = {Listening and reading proficiency levels of college students},
	volume = {49},
	number = {2},
	year = {2016}
}



@book{Wiggins1998,
	address = {San Francisco, CA},
	author = {Wiggins, Grant},
	publisher = {Jossey-Bass},
	title = {Educative assessment: {{D}}esigning assessments to inform and improve student performance},
	year = {1998}
}

@article{HernándezND,
        ids = {Hernándezinpress,HernándezInPress},
	author = {Hernández, Todd A.},
	journal = {System},
	pages = {1-18},
	title = {Explicit instruction for the development of {L}2 {Spanish} pragmatic ability during study abroad},
	volume = {96},
	year = {2021}
}


@incollection{Usó-Juan2010,
        ids= {Uso-Juan2010},
	address = {Amsterdam},
	author = {Usó-Juan, Esther},
	booktitle = {Speech act performance: {{T}}heoretical, empirical and methodological issues},
	editor = {Alicia Martínez-Flor and Esther Usó-Juan},
	pages = {237--256},
	publisher = {John Benjamins},
	sortname = {Uso-Juan, Esther},
	title = {A sociopragmatic approach},
	year = {2010}
}

@book{Parrot,
	urldate = {2020-10-26},
	author = {Parrot},
	publisher = {https://languagetest.com/wp-content/uploads/2020/01/Test-Quality-Validity-Parrot-optimized-02EH.pdf},
	title = {Test Quality and Validity: {{T}}he {Parrot Language Test}},
	year = {1811}
}



@misc{DanielsenTerhartInReview,
	title = {The value of including semi-speakers in language documentation: {A} case study of the {Baure} language group in {Bolivian Amazonia}},
	author = {Danielsen, Swintha and Lena Terhart},
	pubstate = {submitted}
}


@incollection{GrinevaldBert2011,
	address = {Cambridge},
	author = {Grinevald, Colette and Michel Bert},
	booktitle = {The {Cambridge} handbook of endangered languages},
	editor = {Peter K. Austin and Julia Sallabank},
	pages = {45--65},
	publisher = {Cambridge University Press},
	title = {Speakers and communities},
	year = {2011}
}



@incollection{Hale1973,
	address = {Urbana},
	author = {Hale, Ken},
	booktitle = {Issues in linguistics: {{P}}apers in honor of {Henry} and {Renee} {Kahane}},
	editor = {Braj B. Kachru and Henry Romanos Kahane and Renée Kahane},
	pages = {300--309},
	publisher = {University of Illinois Press},
	title = {A note on subject-object inversion in {Navajo}},
	year = {1973}
}

@incollection{Hinton2001,
	address = {Leiden},
	author = {Hinton, Leanne},
	booktitle = {The Green book of language revitalization in practice},
	editor = {Leanne Hinton and Ken L. Hale},
	pages = {3--18},
	publisher = {Brill},
	title = {Language revitalization: {{A}}n overview},
	year = {2001}
}
@incollection{MiyashitaCrow2006,
	address = {Flagstaff, AZ},
	author = {Miyashita, Mizuki and Shirlee Crow Shoe},
	booktitle = {Indigenous language revitalization: {{{E}}}ncouragement, guidance and lessons learned},
	editor = {Jon Reyhner and Louise Lockard},
	pages = {183--190},
	publisher = {Northern Arizona University},
	title = {Blackfoot lullabies and language revitalization},
	year = {2009}
}

@incollection{Parodi2008,
	address = {New York and London},
	author = {Parodi, Claudia},
	booktitle = {Heritage language education: {{A}} new field emerging},
	editor = {Donna Brinton and Olga Kagan and Susan Bauckus},
	pages = {199–214},
	publisher = {Routledge},
	title = {Stigmatized {Spanish} inside the classroom and out: {{A}} model of language teaching to heritage speakers},
	year = {2008}
}

@incollection{Larsen-Freeman2020,
	address = {New York},
	author = {Larsen-Freeman, Diane},
	booktitle = {Theories in second language acquisition},
	editor = {Bill VanPatten, Gregory D. Keating, and Stefanie Wulff},
	pages = {248--270},
	publisher = {Routledge},
	title = {Complex dynamic systems theory},
	year = {2020}
}

@incollection{Fox2016,
	address = {Cham},
	author = {Fox, Janna},
	booktitle = {Language testing and assessment: {{{E}}}ncyclopedia of language and education},
	editor = {Elana Shohamy and Iair G. Or and Stephen May},
	doi = {10.1007/978-3-319-02326-7_9-1},
	pages = {135--148},
	publisher = {Springer},
	title = {Using portfolios for assessment/alternative assessment},
	year = {2016}
}



@incollection{Kunschak2020,
	address = {Cham},
	author = {Kunschak, Claudia},
	booktitle = {Assessment and learning in content and language integrated learning ({CLIL}) classrooms},
	editor = {Mark DeBoer and Dmitri Leontjev},
	doi = {10.1007/978-3-030-54128-6_4},
	pages = {85--108},
	publisher = {Springer},
	title = {{CEFR}, {CLIL}, {LOA}, and {TBLT}: {S}ynergising goals, methods and assessment to optimise active student learning},
	year = {2020}
}

@incollection{DiazMaggioli2020,
	address = {Cham},
	author = {Diaz Maggioli, Gabriel},
	booktitle = {Changing Language Assessment},
	editor = {Sahbi Hidri},
	pages = {53--73},
	publisher = {Palgrave Macmillan},
	title = {Integrated Performance Assessment},
	year = {2020}
}


@incollection{Troyan2016,
	author = {Troyan, Francis J.},
	booktitle = {{C}ontent-based foreign language teaching: {C}urriculum and pedagogy for developing advanced thinking and literacy skills},
	title = {{A}ssessing what matters within content-based foreign language teaching through integrated performance assessment},
	editor = {Camarata, Laurent},
	publisher = {Routledge},
	address = {London},
	year = {2016},
	pages = {163-187}
}


@incollection{Wewer2020,
	address = {Cham},
	author = {Wewer, Tania},
	booktitle = {Assessment and learning in content and language integrated learning ({CLIL}) classrooms},
	editor = {Mark DeBoer and Dmitri Leontjev},
	doi = {10.1007/978-3-030-54128-6_6},
	pages = {137--166},
	publisher = {Springer},
	title = {Assessment of young learners’ {English} proficiency in bilingual content instruction ({CLIL}) in {Finland}: {{P}}ractices, challenges, and points for development},
	year = {2020}
}

@book{BetzTaylor2012,
	address = {Columbus, Ohio},
	author = {Betz, Nancy E. and Taylor, Karen M.},
	publisher = {Mind Garden},
	title = {Career Decision Self-Efficacy Scale ({CSDE}) Manual},
	year = {2012}
}


@misc{NHLRC2019,
	author = {{National Heritage Language Resource Center (NHLRC)}},
	shortauthor = {NHLRC},
	urldate = {2019-01--08},
	url = {http://nhlrc.ucla.edu/nhlrc/category/data},
	title = {Research and Proficiency Assessments Tools},
	year = {2019}
}

@misc{ParrotND,
	author = {Parrot},
	urldate = {2019-07-05},
	url = {https://languagetest.com},
	title = {Feeling Fluent? {P}rove it with {P}arrot},
}

@misc{HealthReportingND,
	note = {Leonard D. Schaeffer Center for Health Policy and Economics. The University of California},
	urldate = {2019-07-05},
	url = {http://centerforhealthreporting.org/article/medical-interpreters-short-supply-health-coverage-grows},
	title = {Health {R}eporting},
	year = {n.d.}
}
