@book{langsci-current-book, editor = {Bettina Migge and Shelome Gooden}, title = {{Social and structural aspects of language contact and change}}, year = {2022}, series = {Contact and Multilingualism}, number = {5}, location = {Berlin}, publisher = {Language Science Press}, options = {dataonly=true} } 
