@incollection{AsarinaHolt2005,
	address = {Los Angeles},
	author = {Asarina, Alya and Anna Holt},
	booktitle = {{{UCLA} Working Papers in Linguistics, no. 12, Proceedings of {AFLA} {XII}}},
	editor = {Jeffrey Heinz and Dimitris Ntelitheos},
	pages = {1--17},
	publisher = {University of California, Los Angeles},
	title = {Syntax and semantics of {Tagalog} modals},
	year = {2005}
}

@mastersthesis{mühleisen1993attitudes,
	author = {Mühleisen, Susanne},
	school = {Freie Universität Berlin},
	title = {Attitudes towards {L}anguage {V}arieties in {T}rinidad},
	year = {1993}
}

@thesis{foster1997september,
	author = {Foster, Paul Nathan},
	school = {Harvard University},
	title = {Which {September}?: {S}egregation, Busing and Resegregation in the {{Columbus}} Public Schools, 1944-1996},
	type = {BA Honors thesis},
	year = {1997}
}



@incollection{Andersen1993,
	author = {Andersen, Roger W.},
	booktitle = {Progression and regression in language},
	editor = {K Hyltenstam and A Viborg},
	pages = {309--339},
	publisher = {Cambridge University Press},
	title = {Four operating principles and input distribution as explanations for under-developed and mature morphological systems},
	year = {1993}
}

@techreport{youssef_deuber2012,
author= {Youssef, Valerie and Deuber, Dagmar},
title={{ICE} {T}rinidad and {T}obago: {T}eacher Language
Investigation in a University Research Class},
year ={2012}
}



@techreport{reecelindsjo2012,
	address = {Columbus, OH},
	author = {Reece, Jason and Rogers,Christy and Martin, Matt and Colombo, Liz and Holley, Dwight and Lindsjo, Melisa},
	institution = {The Kirwin Institute for the Study of Race and Ethnicity. The Ohio State University},
	title = {Neighborhoods and community development in {Franklin County}: {U}nderstanding our past and preparing for our future},
	year = {2012}
}

@techreport{collins2020great,
	author = {Collins, William J},
	institution = {National Bureau of Economic Research},
	title = {The Great Migration of {Black Americans} from the {{US} {South}}: {{A}} Guide and Interpretation},
	url = {http://www.nber.org/papers/w27268},
	year = {2020}
}

@techreport{UScensus2010,
	author = {{U. S. Census Bureau}},
	title = {2010 Census of Population and Housing},
	url = {https://www.census.gov/prod/cen2010/cph-1-53.pdf},
	year = {2010}
}

@techreport{CensusBureau2010,
	author = {{U. S. Census Bureau}},
	title = {United {S}tates Census 2010},
	url = {http://www.census.gov},
	year = {2010}
}

@phdthesis{pinharanda2010,
	author = {Pinharanda, Mário},
	school = {University of Macau},
	title = {Estudo da expressão morfo-sintática das categorias de tempo, modo e aspecto em {Maquista}},
	year = {2010}
}

@phdthesis{murphy1970,
	author = {Murphy, Melvin L},
	school = {The {Ohio} State University, Columbus, OH},
	title = {The {{Columbus}} Urban League: {{A}} History, 1917-1967},
	year = {1970}
}

@phdthesis{james1972,
	author = {James, Felix},
	school = {The Ohio State University},
	title = {The {A}merican addition: {{T}}he history of the {A}frican {A}merican community},
	year = {1972}
}

@phdthesis{jacobs1994,
	author = {Jacobs, Gregory Scott},
	school = {The Ohio State University},
	title = {Getting around {Brown}: {{D}}esegregation, development, and the {{Columbus}} public schools, 1954-1994},
	year = {1994}
}

@phdthesis{haynes1973language,
	author = {Haynes, Lilith A.},
	school = {Stanford University},
	title = {Language in {{Barbados}} and {{Guyana}}: {A}ttitudes, Behaviors and Comparison},
	year = {1973}
}

@phdthesis{guy1981linguistic,
	address = {Philadelphia, PA},
	author = {Guy, Gregory},
	school = {University of Pennsylvania},
	title = {{Linguistic Variation in {Brazilian Portuguese}}},
	year = {1981}
}

@phdthesis{gibson_peterhouse2010,
	address = {Cambridge},
	author = {Gibson-Peterhouse, Carrie E.},
	school = {University of Cambridge},
	title = {{The Impact of the {Haitian} Revolution on the {Hispanic} {Caribbean}, c. 1791-1830}},
	year = {2010}
}

@phdthesis{durian2012new,
	author = {Durian, David},
	school = {The Ohio State University},
	title = {A new perspective on vowel variation across the 19th and 20th centuries in {{Columbus}, {OH}}},
	url = {http://rave.ohiolink.edu/etdc/view?acc_num=osu1356279130},
	year = {2012}
}

@phdthesis{Weldon1998,
	address = {Columbus, OH},
	author = {Weldon, Tracey},
	school = {The Ohio State University},
	title = {Exploring the {{AAVE}-{Gullah}} connection: {A} comparative study of copula variability},
	year = {1998}
}

@phdthesis{Waas1993,
	address = {Sydney},
	author = {Waas, Margit},
	school = {Macquarie University},
	title = {Language attrition among {G}erman speakers in {A}ustralia: {A} sociolinguistic inquiry},
	year = {1993}
}

@phdthesis{Villagómez2005,
	address = {Tallahassee, FL},
	author = {Villagómez, Rosita E.},
	school = {Florida State University},
	title = {El {S}ilenciamiento del Sujeto de Origen {A}fricano en las {L}etras {P}uertorriqueñas del {S}iglo {{XIX}}},
	year = {2005}
}

@phdthesis{Stahl1966,
	address = {Ames, IA},
	author = {Stahl, John},
	school = {Iowa State University},
	title = {Economic development through land reform in {P}uerto {R}ico},
	type = {PhD Dissertation},
	year = {1966}
}

@phdthesis{Sippola2011,
	address = {Helsinki},
	author = {Sippola, Eeva},
	school = {University of Helsinki},
	title = {{Una} gramática descriptiva del chabacano de {{Ternate}}},
	year = {2011}
}

@phdthesis{Messam-Johnson2017,
	address = {Kingston},
	author = {Messam-Johnson, Trecel},
	school = {University of the West Indies},
	title = {Attrition of a {C}reole: {T}he syntactic effects of the {L2} acquisition of {P}apiamentu on {J}amaican {C}reole},
	year = {2017}
}

@phdthesis{Martinus1996,
	address = {Amsterdam},
	author = {Martinus, Efraim Frank},
	school = {Universiteit van Amsterdam},
	title = {{The Kiss of a {Slave}: {{P}}apiamentu's {West} {African} Connections}},
	year = {1996}
}

@phdthesis{Lapsansky1975,
	author = {Lapsansky, Emma Jones},
	school = {University of Pennsylvania},
	title = {{South} Street {P}hiladelphia, 1762-1854: {A} haven for those low in the world},
	year = {1975}
}

@phdthesis{Jones2019,
	author = {Jones, Byron},
	school = {University of the West Indies, St. Augustine},
	title = {Beyond di Riddim: {L}anguage Use in {J}amaican Popular Music, 1962-2012},
	year = {2019}
}

@phdthesis{Gooden2003,
	author = {Gooden, Shelome},
	school = {The Ohio State University},
	title = {The Phonology and Phonetics of {{Jamaican}} {{Creole}} Reduplication},
	year = {2003}
}

@phdthesis{Forman1972,
	address = {Ithaca},
	author = {Forman, Michael Lawrence},
	school = {Cornell University},
	title = {{{Zamboangueño}} texts with grammatical analysis: {{A}} study of {{Philippine}} {{Creole}} {{Spanish}}},
	year = {1972}
}

@phdthesis{DeLisser2015,
	author = {De Lisser, Tamirand N.},
	title = {The acquisition of {J}amaican {C}reole: {T}he emergence and transformation of early syntactic systems},
	university = {University of Geneva},
	year = {2015}
}

@online{Zavala-Trías2003,
	author = {Zavala-Trías, Sylvia},
	note = {Last upgrade on {J}uly 2nd, 2003},
	title = {Reglamento de {{E}}sclavos de 1826},
	url = {rootsweb.com/{\textasciitilde}poncepr/reglamento.html},
	year = {2003}
}

@Online{SABERCountryReport2013,
  author  = {{{SABER} {C}ountry {R}eport}},
  title   = {{Jamaica}. {{E}}arly {C}hildhood {D}evelopment},
  url     = {http://wbgfiles.worldbank.org/documents/hdn/ed/saber/supporting_doc/CountryReports/ECD/SABER_ECD_Jamaica_CR_Final_2013.pdf},
  urldate = {2015-04-28},
  journal = {World {B}ank},
  year    = {2013},
}

@online{JLU2009_video,
	author = {{Jamaican Language Unit}},
	urldate = {2020-03-06},
	title = {Writing {J}amaican the {{Jamaican}} Way/{Ou} fi {R}ait {Jamiekan}},
	url = {https://www.youtube.com/watch?v=2rx4FAIxaTE},
	year = {2009}
}

@online{JLU2005_survey,
	author = {{Jamaican Language Unit}},
	title = {The {L}anguage {A}ttitude {S}urvey of {{Jamaica}}},
	url = {https://www.mona.uwi.edu/dllp/jlu/projects/Report%20for%20Language%20Attitude%20Survey%20of%20Jamaica.pdf},
	year = {2005}
}

@online{DaviesFerreira2006,
	author = {Davies, Mark and Michael Ferreira},
	title = {Corpus do {P}ortuguês:45 million words, 1300s-1900s},
	url = {http://www.corpusdoportugues.org},
	year = {2006}
}

@online{Davies2002,
	author = {Davies, Mark},
	title = {Corpus del {{E}}spañol:100 million words, 1200s-1900s},
	url = {http://www.corpusdelespanol.org},
	year = {2002}
}

@misc{librarycompany2011,
	author = {{Library Company of Philadelphia}},
	title = {Black founders: {T}he free black community in the Early Republic}, url={https://librarycompany. {{O}}rg/blackfounders/section6. {{H}}tm},
	year = {2011}
}

@book{delRosario2007,
	address = {Cavite City},
	author = {{del Rosario}, Flora},
	publisher = {Memorable viaje},
	title = {Aviso: {N}ewsletter of {C}avite {C}ity Library and Museum},
	volume = {5},
	number = {7},
	year = {2007}
}

@misc{cockburn1994goldenage,
	address = {Grand Street},
	author = {Cockburn, Alexander},
%	note = {June 22, 1994/July 30, 1994},
	title = {The Golden Age Is in Us: {N}oam {C}homsky Interviewed by {A}lexander {C}ockburn},
	url = {http://chomsky.info/19940622/},
	year = {1994}
}

@misc{Yatchi2012,
	author = {Yatchi},
	urldate = {2019-02-20},
	title = {{Change}: {D}efinitely {F}ilipino},
	url = {https://definitelyfilipino.com/blog/change-2/},
	year = {2012}
}

@book{Winford2001typology,
	author = {Winford, Donald},
	keywords = {Winford},
	series = {Occasional Paper. Society for Caribbean Linguistics},
	number = {29},
	title = {On the typology of creole {{TMA}} systems},
	year = {2001}
}

@book{Winford1979phonological,
	author = {Winford, Donald},
	keywords = {Winford},
	series = {Occasional Paper. Society for Caribbean Linguistics},
	number = {12},
	title = {Phonological Variation and Change in {Trinidadian} {{English}} – the Evolution of the Vowel system},
	year = {1979}
}


@incollection{Winford2008_dictionary,
author = {Winford, Donald},
	keywords = {Winford},
title={Pidgin and Creole Languages},
editor={Prakasam, V and et al.},
booktitle={An Encyclopaedic Dictionary of Linguistic Terminology},
publisher={Punjabi University},
address={ India},
year={2008}

}




@collection{Winford1974_lgsociety,
	author = {Winford, Donald},
	keywords = {Winford},
	note = {Special issue of Caribbean Issues},
	title = {Language and Society},
	year = {1974},
	volume = {2},
	number = {3}
}



@phdthesis{Winford1972,
	author = {Winford, Donald},
	keywords = {Winford},
	school = {University of York},
	title = {A sociolinguistic description of two communities in {{Trinidad}}},
	year = {1972}
}

@misc{WikicontempAE,
	author = {Wikipedia},
	note = {Wikimedia Foundation, 8 Apr. 2019},
	title = {Corpus of Contemporary {{American} {English}}},
	url = {{https://en.wikipedia.org/wiki/Corpus_of_Contemporary_American_English}},
	year = {2019}
}

@unpublished{Wassink2020,
	author = {Wassink, Alicia Beckford},
	note = {Paper presented at the meeting of the American Association for the Advancement of Science, February 14, 2020.},
	title = {Automatic speech recognition and ethnicity-related dialects. {{{U}}}neven success},
	url = {https://depts.washington.edu/sociolab/publications/documents/AAAS-2020-Wassink.pdf},
	year = {2020}
}

@unpublished{Vigo1987,
	author = {Vigo, José A.},
	note = {Ms., José Vigo Collection, Schomburg Center, New York Public Library. [Expanded version of paper presented at the Mid-Hudson Meeting of the MLA, Marist College, Poughkeepsie, NY, 1986.]},
	title = {Language and society in {{Samaná}}},
	year = {1987}
}

@unpublished{Vigo1982,
	author = {Vigo, José A.},
	note = {Ms. José Vigo Collection, Schomburg Center, New York Public Library},
	title = {Transcript of interview conducted with {D}ora {V}anderhorst, {{Samaná}}},
	year = {1982}
}

@misc{Santos2018,
	author = {Santos, Jamil},
	note = {(12 September, 2020)},
	title = {Natikman mo na ba ang ice cream na salted egg flavor? {{G}}{{MA}} News},
	url = {https://www.gmanetwork.com/news/balitambayan/talakayan/674621/natikman-mo-na-ba-ang-ice-cream-na-salted-egg-flavor/story/},
	year = {2018}
}

@book{RiegodeDios1989,
	author = {Riego de Dios, Maria Isabelita O.},
	series = {Studies in Philippine Linguistics},
	volum = {7},
	number = {2},
	title = {A composite dictionary of {{Philippine}} {{Creole}} {{Spanish}} ({{PCS}})},
	year = {1989},
	publisher = {Linguistic Society of the Philippines and Summer Institute of Linguistics},
	address = {Manila}
}

@misc{Ridner2017,
	author = {Ridner, Judith A.},
	note = {The encyclopedia of {Greater Philadelphia}},
	title = {{{Scots}} {{{{Irish}}}} {(Scotch {{Irish}})}},
	url = {https://philadelphiaencyclopedia.org/archive/scots-irish/},
	year = {2017}
}

@InCollection{Parkvall2017,
	author = {Parkvall, Mikael},
	booktitle = {Oxford Research Encyclopedia of Linguistics},
	title = {{{Pidgin}} Languages},
	year = {2017},
	doi = {10.1093/acrefore/9780199384655.013.58},
	address = {Oxford},
	publisher = {Oxford Univeristy Press}
}

@misc{Miller2015,
	author = {Miller, Errol},
	journal = {{OAS} {E}ducational {P}ortal of the {A}mericas)},
%	note = {April, 2017},
	title = {Educational {R}eform in {I}ndependent {J}amaica},
	url = {http://www.educoas.org/portal/bdigital/contenido/interamer/bkiacd/interamer/Interamerhtml/Millerhtml/mil_mil.htm},
	year = {2015}
}

@InCollection{Meer2019,
	address = {Maceió, Alagoas},
	author = {Meer, Phillipp},
	booktitle = {Proceedings of the {50th} {Congress of the Brazilian Linguistics Association, May} 2–9},
	title = {Sociolinguistic variation in ({{Standard}}) {Trinidadian {English}} vowels: {A} semi-automatic sociophonetic study of selected monophthongs and diphthongs},
	year = {2019},
	publisher = {Brazilian Linguistics Association}
}

@InCollection{Labov1966,
	addresse = {The Hague},
	author = {Labov, William},
	booktitle = {Sociolinguistics},
	editor = {W. Bright},
	title = {Hypercorrection by the lower middle class as a factor in linguistic change},
	publisher = {De Gruyter Mouton},
	year = {1966},
	pages={84--113},
	doi = {10.1515/9783110856507-008}
}

@InCollection{KoeneckeGoel2020,
	author = {Koenecke, Allison and Nam, Andrew and Lake, Emily and Nudell,Joe and Quartey,Minnie and Mengesha,Zion and Toups, Connor and Rickford, John R. and Jurafsky,Dan and Goel, Sharad},
	doi = {10.1073/pnas.1915768117},
	booktitle = {Proceedings of the {National Academy of Sciences}},
	editor = {Judith T. Irvine},
	number = {14},
	pages = {7684--7689},
	title = {Racial disparities in automated speech recognition},
	volume = {117},
	year = {2020}
}

@phdthesis{irvine2005,
  title={Defining good {E}nglish in {J}amaica: {L}anguage variation and language ideology in an agency of the {J}amaican state},
  author={Irvine, Alison G.},
  year={2005},
  school={University of the West Indies},
  address={Kingston}
}

@unpublished{Gooden2019,
	author = {Gooden, Shelome},
	note = {Plenary presentation at the {Mervyn C. Alleyne} commemorative conference, {University of the West Indies, Mona, Jamaica, June}},
	title = {{Afro-American} intonation and prosody: {A}n evolving ecology},
	year = {2019}
}

@book{Díaz-Soler1974,
	address = {San Juan},
	author = {Díaz-Soler, Luis M.},
	publisher = {Editorial Universitaria, Universidad de Puerto Rico},
	title = {Historia de la esclavitud negra en {Puerto Rico}},
	year = {1974}
}

@book{DawsonWinford2003,
	author = {Dawson, Hope and Dodsworth, Robin and Gooden, Shelome and Winford, Donald},
	keywords = {Winford},
	series = {{{OSU}} Working Papers in Linguistics},
	volume = {57},
	title = {Studies in Language Contact and Language Change},
	year = {2003}
}

@article{winford2000plus,
  title={Plus {\c{c}}a change: {The} state of studies in {A}frican {A}merican {E}nglish},
  author={Winford, Donald},
  journal={American Speech},
  keyword ={Winford},
  volume={75},
  number={4},
  pages={409--411},
  year={2000},
  publisher={Duke University Press},
  keywords = {Winford}
}

@mastersthesis{Bryant1983,
	address = {Columbus, OH},
	author = {Bryant, Vinnie V.},
	schhool = {The Ohio State University},
	title = {{{Columbus}}, {{OH}} and the {Great Migration}},
	year = {1983}
}

@book{Bas-García2009,
	address = {San Juan},
	author = {Bas-García, José R.},
	publisher = {{C}entro de Estudios Avanzados de {P}uerto {R}ico y El {C}aribe},
	title = {{La} abolición de la esclavitud de 1873 en {P}uerto {R}ico},
	year = {2009}
}

@unpublished{Bakker2022,
	author = {Bakker, Peter},
	note = {Ms.},
	title = {The crib of creoles. {{{E}}}vidence for pidgins evolving into creoles in the {F}rench {C}aribbean},
	year = {2022}
}

@mastersthesis{Oriedo1982,
	address = {Columbus, OH},
	author = {Oriedo, Evelyn},
	school = {The Ohio State University, },
	title = {{African} {A}merican business development: {{I}}ts impact on the economic status of the {A}frican {A}merican community in {C}olumbus, {{OH}}},
	year = {1982}
}

@incollection{winford2020another,
	address = {London},
	author = {Winford, Donald},
	keywords = {Winford},
	booktitle = {The {Routledge} {C}ompanion to the {W}ork of {{John} R. {{R}}ickford}},
	editor = {Blake, Renee and Buchstaller, Isabelle},
	pages = {64--78},
	publisher = {Routledge},
	title = {Another Look at the Creolist Hypothesis of {{AAVE}} Origins},
	year = {2020}
}

@incollection{winford2015origins,
	address = {Oxford, New York},
	author = {Winford, Donald},
	keywords = {Winford},
	booktitle = {The {{Oxford}} handbook of {{African}} {{American}} Language},
	editor = {Lanehart, Sonja},
	pages = {85--104},
	publisher = {Oxford University Press},
	title = {The origins of {{African} {American} Vernacular {English}}},
	year = {2015}
}

@incollection{vanderAuweraKindt2005,
	address = {London},
	author = {van der Auwera, Johan and Andreas Ammann and Saskia Kindt},
	booktitle = {Modality: {{S}}tudies in form and function},
	editor = {Alex Klinge and Henrik Høeg Müller},
	pages = {247–-272},
	publisher = {Equinox Publishing},
	title = {Polyfunctionality and {Standard Average European}},
	year = {2005}
}

@incollection{thomas1996sixthgrade,
	address = {Amsterdam},
	author = {Thomas, Erik R},
	booktitle = {Focus on the {{USA}}: {V}arieties of {{E}}nglish around the World (General Series)},
	editor = {Schneider, Edgar W.},
	pages = {309--332},
	publisher = { John Benjamins },
	title = {A comparison of variation patterns of variables among sixth graders in an {Ohio} community},
	volume = 16,
	year = {1996}
}


@incollection{luthin1987story,
	address = {Stanford, California},
	author = {Luthin, Herbert W},
	booktitle = {Variation in language: {{NWAV}-{XV}} at {S}tanford},
	editor = {Denning,Keith and Inkelas,Sharon and McNair-Knox,Faye and Rickford,John R.},
	pages = {312--24},
	publisher = {Department of Linguistics, {Stanford} University},
	title = {The story of {{{California}}} (ow): {T}he coming-of-age of {{English}} in {{{California}}}},
	year = {1987}
}

@incollection{harding1984,
	address = {Heslington},
	author = {Harding, Edith},
	booktitle = {{Papers from the {Y}ork {Creole} Conference, {S}eptember 24-27, 1983:{Y}ork Papers in Linguistics 11}},
	editor = {Sebba,Mark and Loreto Todd},
	pages = {141--152},
	publisher = {University of York},
	title = {Foreigner talk: {{A}} conversational-analysis approach},
	year = {1984}
}

@incollection{britt2015african,
	address = {Oxford},
	author = {Britt, Erica and Weldon, Tracey L.},
	booktitle = {The {O}xford Handbook of {A}frican {A}merican Language},
	editor = {Lanehart, Sonja},
	pages = {800--816},
	publisher = {Oxford University Press},
	title = {{African} {A}merican {{E}}nglish in the middle class},
	year = {2015}
}

@incollection{bakker_etal2013,
	address = {Amsterdam},
	author = {Bakker, Peter and Aymeric Daval-Markussen and Mikael Parkvall and Ingo Plag},
	booktitle = {{Creole} Languages and Linguistic Typology},
	series = {{{B}}enjamins Current Topics},
	number = {57},
	editor = {Bhatt, Parth and Tonjes Veenstra},
	pages = {9—-45},
	publisher = {John Benjamins},
	title = {{Creoles} are typologically distinct from non-creoles},
	year = {2013},
	doi=  {10.1075/bct.57.02bak}
}

@incollection{WinfordMigge2009,
	address = {Amsterdam},
	author = {Winford, Donald and Migge, Bettina},
	keywords = {Winford},
	booktitle = {Gradual Creolization: {{S}}tudies celebrating {Jacques Arends}},
	series = {CLL},
	number = {34},
	editor = {Selbach, Rachel and Cardoso, Hugo C. and van den Berg, Margot},
	pages = {129--153},
	publisher = {John Benjamins},
	title = {The origin and development of possibility in the {{Surinamese}} creoles},
	year = {2009}
}

@incollection{WinfordMigge2008,
	address = {Berlin},
	author = {Winford, Donald and Migge, Bettina},
	keywords = {Winford},
	booktitle = {Varieties of {{English}} 2: {{T}}he {{Americas}} and the {{Caribbean}}},
	editor = {Edgar W. Schneider},
	pages = {693--731},
	publisher = {Mouton De Gruyter},
	title = {{{Surinamese}} {{Creoles}}: {{M}}orphology and syntax},
	year = {2008}
}

@incollection{Winford2020_spanishes,
	address = {Amsterdam},
	author = {Winford, Donald},
	keywords = {Winford},
	booktitle = {{{Hispanic}} {C}ontact {L}inguistics},
	editor = {Luis A. Ortiz López and Tamargo, Rosa Guzzardo and González Rivera, Melvin},
	pages = {12--41},
	publisher = {John Benjamins},
	title = {The New Spanishes in the context of contact linguistics: {{T}}oward a unified approach},
	year = {2020}
}

@incollection{Winford2017_worldenglishes,
	address = {Oxford},
	author = {Winford, Donald},
	keywords = {Winford},
	booktitle = {Handbook of World {{Englishes}}},
	editor = {Markku Filppula, Juhani Klemola and Devyani Sharma},
	pages = {194--210},
	publisher = {Oxford University Press},
	title = {World {{Englishes}} and {{Creoles}}},
	year = {2017}
}

@incollection{Winford2017_observations,
	address = {Amsterdam},
	author = {Winford, Donald},
	keywords = {Winford},
	booktitle = {Language Contact in {{Africa}} and the {{Africa}n} Diaspora in the {{Americas}} ({{CLL}} 53)},
	editor = {Philipp Angermeyer, Cecelia Cutler and Zvjezdana Vric},
	pages = {203--224},
	publisher = {John Benjamins},
	title = {Some observations on the sources of {{AAVE}} structure: {{R}}e-examining the creole connection},
	year = {2017}
}

@incollection{Winford2017_ecology,
	address = {Berlin},
	author = {Winford, Donald},
	keywords = {Winford},
	booktitle = {Changing {English}: {{G}}lobal and Local Perspectives},
	editor = {Markku Filppula, Juhani Klemola, Anna Mauranen and Svetlana Vetchinnikova},
	pages = {25--56},
	publisher = {De Gruyter Mouton},
	title = {The Ecology of Language and the New {{Englishes}}: {{T}}oward an integrative framework},
	year = {2017}
}

@incollection{Winford2015_creoleformation,
	address = {Wroclaw, Poland},
	author = {Winford, Donald},
	keywords = {Winford},
	booktitle = {Languages in Contact 2014},
	editor = {Chruszczewski, Piotr P. and Lanigan, Richard L. and Rickford, John},
	pages = {295--322},
	publisher = {Wydawnictwo wyzszej szkoły Filologicznej We Wrocławiu},
	title = {{{Creole}} Formation and second language acquisition: {{A}} language processing perspective},
	year = {2015}
}

@incollection{Winford2014,
	address = {Frankfurt},
	author = {Winford, Donald},
	keywords = {Winford},
	booktitle = {{Language contact around the globe: {{P}}roceedings of the {{LCTG}3} Conference}},
	editor = {Koll-Stobbe, Amei and Knospe, Sebastian},
	pages = {3--24},
	publisher = {Peter Lang},
	title = {Toward and integrated model of contact-induced change},
	year = {2014}
}

@incollection{Winford2013_sranan,
	author = {Winford, Donald},
	keywords = {Winford},
	title = {Sranan},
	editor = {Kortmann, Bernd and Kerstin Lunkenheimer},
	booktitle = {The Electronic World Atlas of Variation in {E}nglish: {G}rammar},
	address = {München/Berlin},
	publisher = {Max Planck Digital Library in cooperation with Mouton de Gruyter},
	url={https://ewave-atlas.org/languages},
	year = {2013}
}

@incollection{Winford2013_unity,
	address = {Louvain},
	author = {Winford, Donald},
	keywords = {Winford},
	booktitle = {In and out of {A}frica: {{L}}anguages in question: {{A}} {Festschrift} for {R}obert {N}icolai, 1},
	editor = {Carole de Fe’ral},
	pages = {47--74},
	publisher = {Peeters},
	title = {On the unity of contact phenomena: {{T}}he case for imposition},
	year = {2013}
}

@incollection{Winford2013_socialfactors,
	address = {Berlin},
	author = {Winford, Donald},
	keywords = {Winford},
	booktitle = {Contact Languages: {{A}} comprehensive Guide},
	editor = {Peter Bakker and Yaron Matras},
	pages = {363--417},
	publisher = {Mouton de Gruyter},
	title = {Social factors in contact languages},
	year = {2013}
}

@incollection{Winford2013_influence,
	address = {Cambridge},
	author = {Winford, Donald},
	keywords = {Winford},
	booktitle = {{{English}} as a contact language},
	editor = {Schreier, Daniel and Hundt, Marianne},
	pages = {222--241},
	publisher = {Cambridge University Press},
	title = {Substrate influence and universals in the emergence of contact {{Englishes}}: {{R}}e- evaluating the evidence},
	year = {2013}
}

@InCollection{Winford2013_challenging,
  author    = {Winford, Donald},
	keywords = {Winford},
  booktitle = {Reassembling the fragments: {{V}}oice and Identity in {{Caribbean}} Discourse},
  title     = {Challenging the old: {{{{E}}}}xploring the new. {A} tribute to {I}an {R}obertson},
  editor    = {Morgan, Paula and Youssef, Valerie},
  pages     = {11--26},
  publisher = {University of the West Indies Press},
  address   = {Kingston, Jamaica},
  year      = {2013}
}

@incollection{Winford2013_afterword,
	address = {Amsterdam},
	author = {Winford, Donald},
	keywords = {Winford},
	booktitle = {The Interplay of Variation and Change in Contact Settings},
	editor = {Léglise, Isabelle and Chamoreau, Claudine},
	pages = {253--259},
	publisher = {John Benjamins},
	title = {Afterword},
	year = {2013}
}

@book{Brereton_winer2021,
author={Brereton, Bridget and Winer, Lise},
title={Two nineteenth-century plays from {Trinidad \& Tobago}: “{M}artial Law” and “Past and Present”},
publisher={University of the West Indies Press},
address={Mona, Jamaica},
year={2021}
}


@incollection{Winford2012_history,
  author    = {Winford, Donald},
	keywords = {Winford},
  booktitle = {The {Oxford} Handbook of the History of {English}},
  title     = {{Pidgins} and creoles in the history of {English}},
  editor    = {Nevalainen, Terttu and Traugott, Elizabeth Closs},
  pages     = {592--601},
  publisher = {Oxford University Press},
  address   = {Oxford},
  year      = {2012}
}

@book{Hannays1960,
author={Macaw, {[Kitty Hannays]}},
title={Notebook},
publisher={Trinidad Publishing Company},
address={Port of Spain},
year={1960}

}


@incollection{Winford2012_creole,
	address = {Oxford},
	author = {Winford, Donald},
	keywords = {Winford},
	booktitle = {The {{Oxford}} Handbook of Tense and Aspect},
	editor = {Binnick, Robert},
	pages = {428--457},
	publisher = {Oxford University Press},
	title = {{{Creole}} Languages},
	year = {2012}
}

@incollection{Winford2010_revisiting,
	address = {Amsterdam},
	author = {Winford, Donald},
	keywords = {Winford},
	booktitle = {Variation in the {Caribbean}: {{F}}rom creole continua to individual agency},
	editor = {Lars Hinrichs and Joseph Farquharson},
	pages = {13--38},
	publisher = {John Benjamins},
	title = {Revisiting Variation between \textit{sa} and \textit{o} in {Sranan}},
	year = {2010}
}

@incollection{Winford2010_contact,
	address = {Chichester},
	author = {Winford, Donald},
	keywords = {Winford},
	booktitle = {Handbook of Language Contact},
	editor = {Raymond Hickey},
	pages = {170--187},
	publisher = {Wiley-Blackwell},
	title = {Contact and borrowing},
	year = {2010}
}

@incollection{Winford2009_unity,
	address = {Amsterdam},
	author = {Winford, Donald},
	booktitle = {Multidisciplinary Perspectives on Code-switching},
	editor = {de Bot, Kees and Isurin, Ludmila and Winford, Donald},
	keywords = {Winford},
	pages = {279--305},
	publisher = {John Benjamins},
	title = {On the unity of contact phenomena: {{T}}he case of borrowing},
	year = {2009}
}

@incollection{Winford2009_interplay,
	address = {London},
	author = {Winford, Donald},
	keywords = {Winford},
	booktitle = {Vernacular universals and language contacts: {{{{{E}}}}}vidence from varieties of {{{E}}}nglish and beyond},
	editor = {Filppula, Markku and Klemola, Juhani and Paulasto, Heli},
	pages = {206--230},
	publisher = {Routledge},
	title = {The interplay of "universals" and contact-induced change in the emergence of New {{Englishes}}},
	year = {2009}
}

@InCollection{Winford2008_english,
  author    = {Winford, Donald},
  keywords = {Winford},
  booktitle = {A Companion to the History of the {{English}} language},
  title     = {{{English}} in the {{Caribbean}}},
  editor    = {Michael Matto and Haruko Momma},
  pages     = {413--423},
  publisher = {Blackwell},
  address   = {Oxford},
  year      = {2008},
}

@incollection{Winford2008_atlantic,
	address = {Cambridge},
	author = {Winford, Donald},
	keywords = {Winford},
	booktitle = {Handbook of {Pidgin} and {Creole} Languages},
	editor = {Kouwenberg,Silvia and Singler, John},
	pages = {17--47},
	publisher = {Cambridge University Press},
	title = {{Atlantic} {Creole} Syntax},
	year = {2008}
}

@incollection{Winford2006_revisiting,
	address = {Frankfurt},
	author = {Winford, Donald},
	keywords = {Winford},
	booktitle = {Studies in Contact Lingusitics: {{{{E}}}}ssays in Honor of Glenn G. {{G}}ilbert},
	editor = {Fuller, Janet and Thornburg, Lind},
	pages = {231--252},
	publisher = {Peter Lang},
	title = {Revisiting relexification in creole formation},
	year = {2006}
}

@incollection{Winford2006_restructuring,
	address = {Amsterdam},
	author = {Winford, Donald},
	keywords = {Winford},
	booktitle = {Structure and Variation in Language Contact ({{CLL}} 29)},
	editor = {Deumert, Ana and Durrleman, Stephanie},
	pages = {85--110},
	publisher = {John Benjamins},
	title = {The restructuring of tense/aspect systems in creole formation},
	year = {2006}
}

@incollection{Winford2006_reduced,
	address = {Amsterdam},
	author = {Winford, Donald},
	keywords = {Winford},
	booktitle = {The Syntax of Non-sententials},
	editor = {Progovac, Ljuljana and Paesani, Kate and Casielles-Suárez, Eugenia and Barton, Ellen},
	pages = {283--307},
	publisher = {John Benjamins},
	title = {Reduced syntax in prototypical {{Pidgins}}},
	year = {2006}
}

@InCollection{Winford2006_belize,
  author    = {Winford, Donald},
	keywords = {Winford},
  booktitle = {Exploring the boundaries of {{Caribbean}} {{Creole}} Languages},
  title     = {Tense and Aspect in {{Belize}} {{Creole}}},
  editor    = {Simmons-McDonald, Hazel and Robertson, Ian},
  pages     = {21--49},
  publisher = {University of the West Indies Press},
  address   = {Kingston, Jamaica},
  year      = {2006},
}

@incollection{Winford2003_ideologies,
	address = {London},
	author = {Winford, Donald},
	keywords = {Winford},
	booktitle = {Black Linguistics: {{L}}anguage, society, and politics in {{Africa}} and the {{Americas}}},
	editor = {Makoni, Sinfree and Smitherman, Geneva and Ball, Arnetha and Spears, Arthur},
	pages = {21--39},
	publisher = {Routledge},
	title = {Ideologies of language and socially-realistic linguistics},
	year = {2003}
}

@incollection{Winford2002,
	address = {New York},
	author = {Winford, Donald},
	keywords = {Winford},
	booktitle = {{{Pidgin}} and {{Creole}} Linguistics in the twenty-first century},
	editor = {Gilbert, Glenn},
	pages = {287--354},
	publisher = {Peter Lang},
	title = {{{Creoles}} in the context of Contact Linguistics},
	year = {2002}
}

@incollection{Winford2001comparison,
	address = {Kingston, Jamaica},
	author = {Winford, Donald},
	keywords = {Winford},
	booktitle = {Due Respect: {P}apers on {{{E}}}nglish and {{{E}}}nglish-related {C}reoles in the {C}aribbean in honour of {P}rofessor {R}obert {{LeP}age}},
	editor = {Pauline Christie},
	pages = {155--83},
	publisher = {UWI Press},
	title = {A comparison of {tense/ aspect} systems in {C}aribbean {{E}}nglish  {C}reoles},
	year = {2001}
}

@incollection{Winford2001intermediate,
	address = {Amsterdam},
	author = {Winford, Donald},
	keywords = {Winford},
	booktitle = {Degrees of restructuring in {{Creole}} Languages},
	editor = {Neumann-Holzschuh, Ingrid and Schneider, Edgar},
	pages = {215--245},
	publisher = {John Benjamins},
	title = {Intermediate creoles and degrees of change in creole formation: {{T}}he case of {B}ajan},
	year = {2001}
}

@incollection{Winford2000tenseaspect,
	address = {Amsterdam},
	author = {Winford, Donald},
	keywords = {Winford},
	booktitle = {Language change and language contact in pidgins and {C}reoles},
	editor = {John McWhorter},
	pages = {383--442},
	publisher = {John Benjamins},
	title = {Tense and aspect in {S}ranan and the {C}reole prototype},
	year = {2000}
}


@incollection{Winford1997intro,
	address = {Amsterdam},
	author = {Winford, Donald},
	booktitle = {The structure and status of pidgins and creoles},
	editor = {Spears, Arthur and Winford, Donald},
	keywords = {Winford},
	pages = {1--33},
	publisher = {John Benjamins},
	title = {Introduction},
	year = {1997}
}

@incollection{Winford1996_syntactic,
	address = {Stanford},
	author = {Winford, Donald},
	keywords = {Winford},
	booktitle = {Sociolinguistic Variation: {D}ata, theory and analysis: {{S}}elected Papers from {{NWAVE} {XXIII}}},
	editor = {Arnold, Jennifer and Blake, Renée and Davidson, Brad and Schwenter, Scott and Solomon, Julie},
	pages = {177--192},
	publisher = {CSLI Publications},
	title = {The problem of syntactic variation},
	year = {1996}
}

@incollection{Winford1996_cec,
	address = {Kingston, Jamaica},
	author = {Winford, Donald},
	keywords = {Winford},
	booktitle = {{Caribbean} Language: {I}ssues old and new},
	editor = {Pauline Christie},
	pages = {12--26},
	publisher = {University of the West Indies Press},
	title = {Verbs, adjectives and categorical shift in {Caribbean} {English} {Creoles}},
	year = {1996}
}

@InCollection{Winford1994model,
	author = {Winford, Donald},
	keywords = {Winford},
	title = {Towards a model of morphosyntactic variation in a creole continuum},
	editor = {Katharine Beals and Jeannette Denton and Robert Knippen and Lynette Melnar and Hisami Suzuki and Erica Zeinfeld},
	booktitle = {Papers from {CLS}: the parasession on variation and linguistic theory},
	pages = {321--334},
	publisher = {Chicago Linguistic Society},
	address = {Chicago, IL},
	year = {1994}
}

@incollection{Winford1994_anglophone,
	address = {Los Angeles},
	author = {Winford, Donald},
	keywords = {Winford},
	booktitle = {Language and the social construction of reality in creole situations},
	editor = {Marceylina Morgan},
	pages = {43--62},
	publisher = {Center for Afro-American Studies, UCLA},
	title = {Sociolinguistic approaches to language use in the Anglophone {Caribbean}},
	year = {1994}
}

@incollection{Winford1991_passive,
	address = {Detroit},
	author = {Winford, Donald},
	booktitle = {Verb Phrase Patterns in Black {{English}} and creole},
	editor = {Edwards, Walter and Winford, Donald},
	keywords = {Winford},
	pages = {256--282},
	publisher = {Wayne State University Press},
	title = {The Passive in {{Caribbean}} {{Creole}} {{English}}},
	year = {1991}
}

@incollection{Winford1991_directional,
	address = {Amsterdam},
	author = {Winford, Donald},
	keywords = {Winford},
	booktitle = {{{Atlantic}} meets {{Pacific}}: {{A}} global view of pidginization and creolization},
	editor = {Francis Byrne and John Holm},
	pages = {183--203},
	publisher = {John Benjamins},
	title = {Directional serial verb construction in {{Caribbean}} {{English}} {{Creoles}}},
	year = {1991}
}

@incollection{Winford1991_caribbean,
	address = {Cambridge},
	author = {Winford, Donald},
	keywords = {Winford},
	booktitle = {{{English}} around the World: {{S}}ociolinguistic Perspectives},
	editor = {Jenny Cheshire},
	pages = {565--584},
	publisher = {Cambridge University Press},
	title = {The {{Caribbean}}},
	year = {1991}
}


@incollection{Winford1990_motion,
	address = {Columbus, OH},
	author = {Winford, Donald},
	keywords = {Winford},
	booktitle = {{OSU} Working Papers in Linguistics},
	editor = {Zwicky, Arnold and Joseph, Brian},
	pages = {109--148},
	publisher = {OSU},
	title = {Serial Verb construction and {Motion} verbs in {N}ew {W}orld creoles},
	volume = {39},
	year = {1990}
}

@InCollection{Winford1983_negation,
  author    = {Winford, Donald},
	keywords = {Winford},
  booktitle = {Studies in {Caribbean} language},
  title     = {A sociolinguistic analysis of negation in {T}rinidadian {English}},
  editor    = {Carrington, Laurence},
  pages     = {203--210},
  publisher = {Society for Caribbean Linguistics, University of the West Indies},
  address   = {St. Augustine, Trinidad},
  year      = {1983},
}

@incollection{Winford1980_situation,
	address = {Heidelberg},
	author = {Winford, Donald},
	keywords = {Winford},
	booktitle = {Issues in {{English}} creole - {P}roceedings of the 1975 {H}awaii conference},
	editor = {Richard R. Day},
	pages = {51--76},
	publisher = {Julius Groot Verlag},
	title = {The {{Creole}} situation in the context of sociolinguistic studies},
	year = {1980}
}

@incollection{Winford1978_system,
	address = {Kingston, Jamaica},
	author = {Winford, Donald},
	keywords = {Winford},
	booktitle = {Language and Literature in the Commonwealth {Caribbean}},
	editor = {Edward Baugh},
	pages = {67--83},
	publisher = {Carib 1},
	title = {Grammatical Hypercorrection and the Notion of “System” in {Creole} languages},
	year = {1978}
}

@incollection{Whinnom1971,
	address = {Cambridge},
	author = {Whinnom, Keith},
	booktitle = {Pidginization and Creolization of Languages},
	editor = {Dell Hymes},
	pages = {91--115},
	publisher = {Cambridge University Press},
	title = {Linguistic hybridization and the ‘special case’ of pidgins and creoles},
	year = {1971}
}

@incollection{Versteegh2018,
	address = {Amsterdam and Philadelphia},
	author = {Versteegh, Kees},
	booktitle = {{Arabic} in contact},
	editor = {Banti, Giorgio and Manfredi, Stefano and Tosco, Mauro},
	pages = {233--250},
	publisher = {John Benjamins},
	title = {Temporal adverbs of contrast in the basic variety of {{Arabic}}},
	year = {2018}
}

@incollection{Versteegh2014,
	address = {Amsterdam and Philadelphia},
	author = {Versteegh, Kees},
	booktitle = {{{Pidgins}} and creoles beyond {{Africa}}-{{Europe}} encounters},
	editor = {Isabelle Buchstaller, Anders Holmberg and Mohammad Almoaily},
	pages = {141--169},
	publisher = {John Benjamins},
	title = {{{Pidgin}} verbs: {I}mperatives or infinitives?},
	year = {2014}
}

@InCollection{Thibault2018,
  author    = {Thibault, André},
  booktitle = {Les cas du {P}ère {L}abat et de {P}ierre {D}essalles. {R}egards croisés sur les français d’ici},
  title     = {Témoignages métalinguistiques et histoire du français et du créole dans les {A}ntilles},
  editor    = {Laurence Arrighi and Karine Gauvin},
  series      = {Collection Les voies du français (PUL)},
  pages     = {149--171},
  publisher = {Presses de l'Université Laval},
  address   = {Québec},
  sortname  = {Thibault, Andre},
  year      = {2018},
}

@incollection{Spitz2002,
	address = {Canberra},
	author = {Spitz, Walter},
	booktitle = {The history and typology of western {{Austronesian}} voice systems},
	editor = {Malcolm Ross and Fay Wouk},
	pages = {379–-404},
	publisher = {Pacific Linguistics},
	title = {Voice and role in two {{Philippine}} languages},
	year = {2002}
}

@incollection{SeligerVago1991,
	address = {Cambridge},
	author = {Seliger, Herbert W. and Vago, Robert},
	booktitle = {First language attrition},
	editor = {Herbert W. Seliger and Robert M. Vago},
	pages = {3--15},
	publisher = {Cambridge University Press},
	title = {The study of first language attrition: {A}n overview},
	year = {1991},
}

@incollection{Schmitt2019,
	address = {Oxford},
	author = {Schmitt, Elena},
	booktitle = {The {O}xford {H}andbook of {L}anguage {A}ttrition},
	editor = {Monika S. Schmid and Barbara Köpke},
	pages = {228--240},
	publisher = {Oxford University Press},
	title = {Morphological {A}ttrition},
	year = {2019}
}

@incollection{Rubino2008,
	address = {Amsterdam},
	author = {Rubino, Carl},
	booktitle = {Roots of creole structures: {W}eighing the contribution of substrates and superstrates},
	editor = {Susanne Michaelis},
	pages = {279--300},
	publisher = {John Benjamins},
	title = {{{Zamboangueño} Chavacano} and the potentive mode},
	year = {2008}
}

@incollection{Rickford1998,
	address = {London and New York},
	author = {Rickford, John R.},
	booktitle = {{{African}-{American} {{E}}nglish}: {S}tructure, history, and use},
	editor = {Mufwene, Salikoko S. and Rickford,John R. and Bailey,Guy and Baugh,John},
	pages = {154--200},
	publisher = {Routledge},
	title = {The creole origins of {{African}-{American}} Vernacular {{English}}: {Evidence} from copula absence},
	year = {1998}
}

@incollection{Patrick2004,
	address = {Berlin \& New York},
	author = {Patrick, Peter L.},
	booktitle = {A handbook of varieties of {{E}}nglish},
	editor = {Bernd Kortmann},
	pages = {407--438},
	publisher = {Mouton de Gruyter},
	title = {{Jamaican} {C}reole: {M}orphology and syntax},
	volume = {2},
	year = {2004}
}

@incollection{Parkvall1995,
	address = {London},
	author = {Parkvall, Mikael},
	booktitle = {From Contact to Creole and Beyond},
	editor = {Baker, Philip.},
	pages = {41--62},
	publisher = {Battlebridge},
	title = {The role of {St. Kitts} in a new scenario of {{French}} {{Creole}} genesis},
	year = {1995}
}

@incollection{Mufwene1997,
	address = {Tuscaloosa and London},
	author = {Mufwene, Salikoko S.},
	booktitle = {Language variety in the {South} revisited},
	editor = {Bernstein, Cynthia and Thomas Nunnally and Robin Sabino},
	pages = {113--123},
	publisher = {University of Alabama Press},
	title = {{{Gullah}}'s development: {{M}}yths and sociohistorical evidence},
	year = {1997}
}

@incollection{Mintz1971,
	address = {Cambridge},
	author = {Mintz, Sidney},
	booktitle = {Pidginization and creolization of languages},
	editor = {Hymes, Dell},
	pages = {481–-498},
	publisher = {Cambridge University Press},
	title = {The {S}ociohistorical {B}ackground to {P}idginization and {C}reolization},
	year = {1971}
}

@incollection{Meisel1977,
	address = {Geneva},
	author = {Meisel, Jürgen M.},
	booktitle = {The Notions of Simplification Interlanguages and pidgins in their Relation to Second Language Pedagogy},
	editor = {S. P. Corder and E. Roulet},
	pages = {88--113},
	publisher = {Droz},
	sortname = {Meisel, Jurgen M.},
	title = {Linguistic simplification: {A} study of immigrant workers’ speech and foreigner talk},
	year = {1977}
}

@incollection{MaurerConsortium2013,
	address = {Leipzig},
	author = {Maurer, Philippe and {the APiCS Consortium}},
	booktitle = {Atlas of pidgin and creole language structures},
	editor = {Michaelis, Susanne Maria and Maurer, Philippe and Haspelmath, Martin and Huber, Magnus},
	publisher = {Max Planck Institute for Evolutionary Anthropology},
	title = {Ability verb and epistemic possibility},
	url = {https://apics-online.info/parameters/55#2/16.5/10.0},
	urldate = {2019-02-20},
	year = {2013}
}


@incollection{Winford_plag2013_dataset,
  address   = {Leipzig},
  author    = {Winford, Donald and Plag, Ingo},
	keywords = {Winford},
  booktitle = {Atlas of Pidgin and Creole Language Structures Online},
  editor    = {Susanne Maria Michaelis and Philippe Maurer and Martin Haspelmath and Magnus Huber},
  publisher = {Max Planck Institute for Evolutionary Anthropology},
  title     = {Sranan structure dataset},
  url       = {https://apics-online.info/contributions/2},
  year      = {2013}
}

@incollection{Winford_plag2013,
  address   = {Oxford},
  author    = {Winford, Donald and Plag, Ingo},
	keywords = {Winford},
  booktitle = {The survey of pidgin and creole languages. {V}olume 1: {E}nglish-based and {D}utch-based Languages},
  editor    = {Michaelis, Susanne Maria and Maurer, Philippe and Haspelmath, Martin and Huber, Magnus},
  publisher = {Oxford University Press},
  title     = {Sranan},
  pages     ={15--26},
   year      = {2013}
}




@InCollection{MatthewsonDavis2005,
  author    = {Matthewson, Lisa and Rullmann, Hotze and Henry Davis},
  booktitle = {Papers for the 40th international conference on {{Salish}} and neighbouring languages},
  title     = {Modality in {S}t’át’imcets},
  editor    = {Brown, J. C. and Kiyota, M. and Peterson, T.},
  pages     = {166--183},
  publisher = {University of British Columbia Working Papers in Linguistics},
  address   = {Vancouver},
  year      = {2005},
}

@incollection{Mann-Hamilton2013,
	address = {New York},
	author = {Mann-Hamilton, Ryan},
	booktitle = {Migrant marginality: {{A}} transnational perspective},
	editor = {Kretsedemas, Philip and Capetillo-Ponce, Jorge and Jacobs, Glenn},
	pages = {222--238},
	publisher = {Routledge},
	title = {What rises from the ashes: {{N}}ation and race in the {{African}} {{American}} enclave of {{Samaná}}},
	year = {2013}
}

@incollection{LipskiSantoro2007,
	address = {London},
	author = {Lipski, John M. and Maurizio Santoro},
	booktitle = {Comparative creole syntax},
	editor = {John Holm and Peter L. Patrick},
	pages = {373--398},
	publisher = {Battlebridge Press},
	title = {{{Zamboangueño}} {{Creole}} {{Spanish}}},
	year = {2007}
}

@incollection{LabovHarris1986,
	address = {Amsterdam},
	author = {Labov, William and Wendell A. Harris},
	booktitle = {Diversity and Diachrony},
	editor = {Sankoff, David},
	pages = {1--24},
	publisher = {John Benjamins},
	title = {De facto segregation of {B}lack and {W}hite vernaculars},
	year = {1986}
}

@incollection{Labov1998,
	address = {London},
	author = {Labov, William},
	booktitle = {{{African}}-{{American}} {{English}}: {{S}}tructure, history and use},
	editor = {Mufwene, Salikoko S. and Rickford, John R. and Bailey, Guy and Baugh, John},
	pages = {110–-53},
	publisher = {Routledge},
	title = {Co-Existent systems in {{African}}-{{American}} {V}ernacular {{English}}},
	year = {1998}
}

@incollection{KöpkeSchmid2004,
	address = {Amsterdam/Philadelphia},
	author = {Köpke, Barbara and Schmid, Monika},
	booktitle = {First language attrition: {I}nterdisciplinary perspectives on methodological issues},
	editor = {Monika Schmid, Barbara Kšpke, Merel Keijzer and Lina Weilemar},
	pages = {1--43},
	publisher = {John Benjamins},
	sortname = {Kopke, Barbara and Schmid, Monika},
	title = {First language attrition: {T}he next phase},
	year = {2004}
}

@incollection{Kratzer1991,
	address = {Berlin},
	author = {Kratzer, Angelika},
	booktitle = {Semantics: {{A}}n international handbook of contemporary research},
	editor = {Dieter Wunderlich and Arnim von Stechow},
	pages = {639–-650},
	publisher = {de Gruyter},
	title = {Modality},
	year = {1991}
}

@incollection{Jennings1998,
	address = {Canberra},
	author = {Jennings, William},
	booktitle = {{{SICOL} 2nd International Conference on {O}ceanic Linguistics : {L}anguage Contact}},
	editor = {Jan Tent and France Mugler},
	pages = {59--68},
	publisher = {Pacific Linguistics, Research School of Pacific and Asian Studies, Australian National University},
	title = {{Saint-Christophe}: {T}he origin of {{French} Antillean {Creoles}}},
	volume = 1,
	year = {1998}
}

@incollection{Jansen2012,
	address = {Frankfurt a.M},
	author = {Jansen, Silke},
	booktitle = {Americana Romana in colloquio {B}erolinensi: {B}eiträge zur transversalen Sektion {II} des {XXXII}. {R}omanistentages (25.-28.09.2011)},
	editor = {Felbeck, Christine and Hammerschmidt, Claudia  and Klump, Andre and Kramer, Johannes},
	pages = {77--112},
	publisher = {Peter Lang},
	title = {Les éléments amérindiens dans le “langage des Îles" d’après le Dictionnaire {C}araïbe-{F}rançois (1665) de  {R}aymond {B}reton},
	year = {2012}
}

@incollection{HulsMond1992,
	address = {Amsterdam/Philadelphia},
	author = {Huls, Erica and van de Mond, Anneke},
	booktitle = {Maintenance and loss of minority languages},
	editor = {Fase, Willem and Jaspert, Koen and Kroon, Sjaak},
	pages = {99--115},
	publisher = {John Benjamins},
	title = {Some aspects of language attrition in {T}urkish families},
	year = {1992}
}

@incollection{Hinnenkamp1984,
	address = {Heslington},
	author = {Hinnenkamp, Volker},
	booktitle = {{Papers from the {York} {Creole} Conference, {September} 24-27, 1983: {{Y}}ork Papers in Linguistics 11}},
	editor = {Sebba,Mark and Loreto Todd},
	pages = {153--166},
	publisher = {University of York},
	title = {Eye-witnessing Pidginization? {{S}}tructural and sociolinguistic aspects of {G}erman and {T}urkish foreigner talk},
	year = {1984}
}

@incollection{Himmelmann2006,
	address = {Berlin},
	author = {Himmelmann, Nikolaus P.},
	booktitle = {Catching language: {{T}}he standing challenge of grammar writing},
	editor = {Felix K. Ameka, Alan Dench and Nicholas Evans},
	pages = {487–-526},
	publisher = {Mouton de Gruyter},
	title = {How to miss a paradigm or two: {{M}}ultifunctional \textit{ma-} in {{Tagalog}}},
	year = {2006}
}

@incollection{Hansen1999,
	address = {Oxford},
	author = {Hansen, Lynne},
	booktitle = {Second language attrition in  {J}apanese contexts},
	editor = {Lynne Hansen},
	pages = {142--153},
	publisher = {Oxford University Press},
	title = {Not a total loss: {T}he attrition of {J}apanese negation over three decades},
	year = {1999}
}

@incollection{Guy2017,
	address = {Amsterdam},
	author = {Guy, Gregory},
	booktitle = {Language Contact in {A}frica and the {A}frican Diaspora in the {A}mericas},
	editor = {Cutler, C. and Vrzic, Z. and Angermeyer, P.},
	pages = {49–-78},
	publisher = {John Benjamins},
	title = {The {African} Diaspora in {Latin} {America}},
	year = {2017},
	doi = {10.1075/cll.53.03guy}
}

@incollection{Guy2004,
	address = {New York City, NY},
	author = {Guy, Gregory},
	booktitle = {{Enslaving connections: {{C}}hanging cultures of {Africa} and {Brazil} during the era of slavery}},
	editor = {José C. Curto and Paul E. Lovejoy},
	pages = {125–-137},
	publisher = {Humanity Books},
	title = {Muitas linguas},
	year = {2004}
}

@incollection{Frake1980,
	address = {Stanford},
	author = {Frake, Charles O.},
	booktitle = {Language and cultural description: {{{{E}}}}ssays by {{Charles}} {O.} {{F}}rake},
	editor = {Anwar S. Dil},
	pages = {277–310},
	publisher = {Stanford University Press},
	title = {{{Zamboangueño}} verb expressions},
	year = {1980}
}

@incollection{Fernández2019,
	address = {Valencia},
	author = {Fernández, Mauro},
	booktitle = {Estudios lingüísticos en homenaje a Emilio Ridruejo},
	editor = {Briz, Antonio and Martínez Alcalde, M.a José and Mendizábal, Nieves and Fuertes Gutiérrez, Mara and Luis Blas,José and Porcar, Margarita},
	pages = {439–-451},
	publisher = {Universitat de València},
	sortname = {Fernandez, Mauro},
	title = {El escenario lingüístico de zamboanga (filipinas) a mediados del siglo {{XVIII}}},
	year = {2019}
}

@incollection{Fernández2012elchab,
	address = {Santiago de Compostela},
	author = {Fernández, Mauro},
	booktitle = {Cum corde et in nova grammatica: {{{{E}}}}studios ofrecidos a {G}uillermo {R}ojo},
	editor = {Tomás Eduardo Jiménez Juliá, Belén López Meirama, Victoria Vázquez Rozas and Alexandre Veiga},
	pages = {295–-313},
	publisher = {Servicio de Publicaciones e Intercambio Científico},
	sortname = {Fernandez, Mauro},
	title = {{{{E}}}l {C}habacano de {C}otabato: {{{{{E}}}}}l documento que {S}chuchardt no pudo utilizar},
	year = {2012}
}

@incollection{Ferguson1971,
	address = {Cambridge},
	author = {Ferguson, Charles A.},
	booktitle = {Pidginization and Creolization of Languages},
	editor = {Dell Hymes},
	pages = {141–150},
	publisher = {Cambridge University Press},
	title = {Absence of Copula and the Notion of Simplicity: {A} Study of Normal Speech, Baby Talk, Foreigner Talk and {{Pidgins}}},
	year = {1971}
}

@incollection{Durianschumacher2010,
	address = {Durham, NC},
	author = {Durian,David and Dodsworth,Robin and Schumacher,Jennifer},
	booktitle = {Vowel phonology and ethnicity},
	series = {Publication of the American Dialect Society},
	number = {93},
	editor = {Thomas, Erik R. and Yeager-Dror, Malcah},
	pages = {161--190},
	publisher = {Duke University Press},
	title = {Convergence in urban working class {{Columbus}, {OH} {AAVE}} and {{EAE}} vowel systems},
	year = {2010}
}

@incollection{DevonishWalters2015,
	address = {New York/London},
	author = {Devonish, Hubert and Walters, Kadian},
	booktitle = {Globalising {S}ociolinguistics. {C}hallenging and {{E}}xpanding {T}heory},
	editor = {Dick Smakman and Patrick Heinrich},
	pages = {223--232},
	publisher = {Routledge},
	title = {The {J}amaican {L}anguage {S}ituation: {A} {P}rocess, not a {T}ype},
	year = {2015}
}

@incollection{DevonishHarry2008,
	address = {Berlin/New York},
	author = {Devonish, Hubert and Harry, Otelemate G.},
	booktitle = {Varieties of {{E}}nglish 2. {T}he {A}mericas and the {C}aribbean},
	editor = {Edgar W. Schneider},
	pages = {256--289},
	publisher = {Mouton de Gruyter},
	title = {{Jamaican} {C}reole and {J}amaican {{E}}nglish: {P}honology},
	year = {2008}
}

@incollection{DeCamp1971toward,
	address = {Cambridge},
	author = {DeCamp, David},
	booktitle = {Pidginization and creolization of languages},
	editor = {Dell Hymes},
	pages = {349--370},
	publisher = {Cambridge University Press},
	title = {Toward a generative analysis of a post-{C}reole speech continuum},
	year = {1971}
}

@incollection{DavisRullmann2009,
	address = {Amsterdam},
	author = {Davis, Henry, Lisa Matthewson and Hotze Rullmann},
	booktitle = {Cross-linguistic semantics of tense, aspect and modality},
	editor = {Hogeweg,Lotte and de Hoop,Helen and Malchukov, A. L.},
	pages = {205–-244},
	publisher = {John Benjamins},
	title = {‘{O}ut of control’ marking as circumstantial modality in St’át’imcets},
	year = {2009}
}

@incollection{Craig1971,
	address = {Cambridge},
	author = {Craig, Dennis},
	booktitle = {Pidginization and {C}reolization of {L}anguages},
	editor = {Dell Hymes},
	pages = {371--91},
	publisher = {Cambridge University Press},
	title = {{E}ducation and {C}reole {{E}}nglish in the {W}est {I}ndies},
	year = {1971}
}

@incollection{Cook2002,
	address = {Clevedon},
	author = {Cook, Vivian},
	booktitle = {Portraits of the {L}2 user},
	editor = {Vivian Cook},
	pages = {1--28},
	publisher = {Multilingual Matters},
	title = {Background to the {L2} user},
	year = {2002}
}

@incollection{ClementsandLuis2014,
	address = {Boston and Berlin},
	author = {Clements, J. Clancy and Luís, Ana R.},
	booktitle = {Borrowed morphology},
	editor = {Francesco Gardani and Peter Arkadiev and Nino Amiridze},
	pages = {217--237},
	publisher = {De Gruyter Mouton},
	sortname = {Clements, J. Clancy and Luis, Ana R.},
	title = {Contact intensity and the borrowing of bound morphology in {Korlai {Indo-Portuguese}}},
	year = {2014}
}

@incollection{Clements2014,
	address = {Amsterdam \& Philadelphia},
	author = {Clements, J. Clancy},
	booktitle = {{{Portuguese}}-{{Spanish}} interfaces: {D}iachrony, synchrony, and contact},
	editor = {Patrícia Amaral and Caravalho, Ana Maria},
	pages = {377--401},
	publisher = {John Benjamins},
	title = {Form selection in contact languages: {{E}}vidence from some {{Portuguese}}- and {{Spanish}}-lexified contact varieties},
	year = {2014}
}

@incollection{Clements2007,
	address = {London},
	author = {Clements, J. Clancy},
	booktitle = {Comparative creole syntax: {P}arallel outlines of 18 creole grammars. {{W}}estminster Creolistics Series 7},
	editor = {Holm, John and Peter L. Patrick},
	pages = {153--173},
	publisher = {Battlebridge},
	title = {{{Korlai Creole Portuguese}} or {Nɔ Liŋ}},
	year = {2007}
}

@incollection{Chambers2004,
	address = {Berlin},
	author = {Chambers, J. K.},
	booktitle = {Dialectology meets typology: {{D}}ialect grammar from a cross-linguistic perspective},
	editor = {Kortmann, Bernd},
	pages = {127–145},
	publisher = {Mouton de Gruyter},
	title = {Dynamic typology and vernacular universals},
	year = {2004}
}

@incollection{Cassidy1986,
	address = {Tuscaloosa},
	author = {Cassidy, Frederic G.},
	booktitle = {Language Variety in the {{South}}},
	editor = {Montgomery, Michael B. and Bailey, Guy},
	pages = {30–37},
	publisher = {University of Alabama Press},
	title = {Some similarities between {{Gullah}} and {{Caribbean}} {{Creoles}}},
	year = {1986}
}

@incollection{Bakker2003,
	address = {Dordrecht},
	author = {Bakker, Peter},
	booktitle = {Yearbook of morphology},
	editor = {Geert Booij and Jaap van Marle},
	pages = {3--33},
	publisher = {Kluwer},
	title = {{{Pidgin}} inflectional morphology and its implications for creole morphology},
	year = {2003}
}

@incollection{Bakker1994,
	address = {Amsterdam},
	author = {Bakker, Peter},
	booktitle = {{P}idgins and creoles: {A}n Introduction},
	editor = {Jacques Arends and Pieter Muysken and Norval Smith},
	pages = {25--39},
	publisher = {Benjamins},
	title = {{P}idgins},
	year = {1994}
}

@InCollection{Avram2018,
  author    = {Avram, Andrei A.},
  booktitle = {{Arabic} in contact},
  title     = {On the relationship between {{{Arabic}}} Foreigner Talk and {{Pidgin}} {{{Arabic}}}},
  editor    = {Manfredi,Stefano and Tosco, Mauro},
  pages     = {251--274},
  publisher = {John Benjamins},
  address   = {Amsterdam \& Philadelphia},
  year      = {2018},
}

@incollection{Andersen1996,
	address = {San Diego, CA},
	author = {Andersen, Roger W. and Yasuhiro Shirai},
	booktitle = {Handbook of second language acquisition},
	editor = {{William C. Ritchie and Tej K. Bhatia}},
	pages = {527--570},
	publisher = {Academic Press},
	title = {The primacy of aspect in first and second-language acquisition: {T}he pidgin-creole connection},
	year = {1996}
}

@inbook{winford2017,
	address = {Amsterdam/ Philadelphia},
	author = {Winford, Donald},
	keywords = {Winford},
	booktitle = {Language contact in {A}frica and the {A}frican diaspora in the {A}mericas: {I}n honor of {John} V. {{S}}ingler},
	editor = {Cutler, Cecilia and Vrzić, Zvjezdana and Angermeyer, Philipp},
	pages = {203--224},
	publisher = {John Benjamins},
	title = {Some observations on the sources of {AAVE} structure: {{R}}e-examining the creole connection},
	year = {2017}
}

@inbook{winerbuzelin2008,
	address = {Oxford},
	author = {Winer, Lise and Buzelin, Hélène},
	booktitle = {Handbook of pidgin and creole linguistics},
	editor = {John V. Singler and Silvia Kouwenberg},
	pages = {637--665},
	publisher = {Blackwell},
	title = {Literary representations of creole languages: {C}ross-linguistic perspectives from the {C}aribbean},
	year = {2008}
}

@inbook{slobin1977,
	address = {New York},
	author = {Slobin, Dan},
	booktitle = {Language learning and thought},
	editor = {John Macnamara},
	pages = {185--214},
	publisher = {Academic Press},
	title = {Language change in childhood and in history},
	year = {1977}
}

@inbook{schneider2015documenting,
	address = {Oxford and New York},
	author = {Schneider, Edgar W},
	booktitle = {The {{Oxford}} handbook of {{African}} {{American}} Language},
	editor = {Lanehart, Sonja},
	pages = {125--139},
	publisher = {Oxford University Press},
	title = {Documenting the history of {African} {American} Vernacular {English}},
	year = {2015}
}

@inbook{schneider2013investigating,
	address = {Oxford, UK},
	author = {Schneider, Edgar W},
	booktitle = {The handbook of language variation and change},
	edition = {2},
	editors = {Chambers, Jack K. and Schilling, Natalie},
	pages = {57--81},
	publisher = {Wiley-Blackwell},
	title = {Investigating historical variation and change in written documents: {N}ew perspectives},
	year = {2013}
}

@inbook{rickford2015creoleorigins,
	address = {Oxford, New York},
	author = {Rickford, John R},
	booktitle = {The {{Oxford}} handbook of {{African}} {{American}} Language},
	editor = {Lanehart, Sonja},
	pages = {35--57},
	publisher = {Oxford University Press},
	title = {The creole origins hypothesis},
	year = {2015}
}

@inbook{rickford1985symbol,
	address = {Oxford},
	author = {Rickford, John and Traugott, Elizabeth Closs},
	booktitle = {The {{E}}nglish {L}anguage {T}oday},
	editor = {Greenbaum, Sidney},
	pages = {252--261},
	publisher = {Pergamon},
	title = {Symbol of powerlessness and degeneracy, or symbol of solidarity and truth? {P}aradoxical attitudes toward {P}idgins and {C}reoles},
	year = {1985}
}

@inbook{reisman1970cultural,
	address = {New York},
	author = {Reisman, Karl},
	booktitle = {{Afro-American} {A}nthropology},
	editor = {Witten, N. E. and Szwed, J. F.},
	pages = {290--144},
	publisher = {The Free Press},
	title = {Cultural and linguistic ambiguity in a {W}est {I}ndian village},
	year = {1970}
}

@book{Rickford1987,
author={Rickford, John},
title={Dimensions of a Creole Continuum},
publisher={Stanford University Press},
address={Stanford},
year={1987}
}

@incollection{mühleisenmeta,
	author = {Mühleisen, Susanne},
	booktitle = {Text {T}ype and {G}enre in {W}orld {{E}}nglishes: {C}ase Studies from the {Caribbean}},
	editor = {Mühleisen, Susanne},
	pubstate = {forthcoming},
	title = {Metathesiophobia, nutty professors and {P}atois: {L}anguage debates in {L}etters to the {{E}}ditor ({{LT{E}}}) in a {J}amaican newspaper}
}

@inbook{muysken1981,
	address = {Dordrecht},
	author = {Muysken, Pieter},
	booktitle = {Generative studies on {C}reole languages},
	editor = {Pieter Muysken},
	pages = {181--99},
	publisher = {Foris},
	title = {{Creole} {{TMA}} systems: {T}he unmarked case?},
	year = {1981}
}

@inbook{moll2017diasporic,
	address = {Leiden},
	author = {Moll, Andrea},
	booktitle = {Contested {C}ommunities. {C}ommunication, {N}arration, {I}magination},
	editor = {Mühleisen, Susanne},
	pages = {69--93},
	publisher = {Brill},
	title = {Diasporic {Cyber-{Jamaican}}. {S}tylized dialect of an imagined community},
	year = {2017}
}

@inbook{migge_mühleisen2010,
	address = {Amsterdam},
	author = {Migge, Bettina M. and Mühleisen, Susanne},
	booktitle = {Varieties in writing: {T}he written word as linguistic evidence},
	editor = {Hickey,Raymond},
	pages = {223--244},
	publisher = {John Benjamins},
	title = {Earlier {Caribbean} {English} and {Creole} in writing},
	year = {2010}
}

@inbook{mcphee2003,
	address = {Amsterdam/Philadelphia},
	author = {McPhee, Helen},
	booktitle = {Contact {{E}}nglishes of the eastern {C}aribbean},
	editor = {Michael Aceto and Jeffrey Williams},
	pages = {29--49},
	publisher = {John Benjamins},
	title = {The grammatical features of {{TMA}} auxiliaries in {B}ahamian {C}reole},
	year = {2003}
}

@inbook{labovharris1986defacto,
	address = {Philadelphia},
	author = {Labov, William and Harris,Wendell A.},
	booktitle = {Diversity and Diachrony},
	editor = {Sankoff, David},
	pages = {1--24},
	publisher = {John Benjamins.},
	title = {De facto segregation of black and white vernaculars},
	year = {1986}
}

@inbook{labov1991three,
	address = {New York},
	author = {Labov, William},
	booktitle = {New ways of analyzing sound change},
	editor = {Eckert,Penelope},
	pages = {1--44},
	publisher = {Academic Press},
	title = {The three dialects of {{English}}},
	year = {1991}
}

@inbook{kester2012language,
	address = {Curaçao},
	author = {Kester, Ellen-Petra and Fun, Jennifer},
	booktitle = {Multiplex {C}ultures and {C}itizenships},
	editor = {Nicholas Faraclas, Ronald Severing, Christa Weijer and Elisabeth Echteld},
	pages = {231--248},
	publisher = {{University of Curaçao/ Fundashon pa Planifikashon di Idoma}},
	title = {Language {{U}}se, language attitudes and identity among {A}ruban students in the {N}etherlands},
	year = {2012}
}

@inbook{andersen1990papiamentu,
	address = {Amsterdam/Philadelphia},
	author = {Andersen, Roger W},
	booktitle = {{Pidgin} and {C}reole tense-mood-aspect systems},
	editor = {John Victor Singler},
	pages = {59--96},
	publisher = {John Benjamins},
	title = {{Papiamentu} tense-aspect, with special attention to discourse},
	year = {1990}
}

@inbook{ajzen1989attitude,
	author = {Ajzen, Icek},
	booktitle = {Attitude structure and Function},
	editor = {Pratkanis, A. R. and Breckler, S. J. and Greenwald A. G},
	pages = {241--274},
	publisher = {Lawrence Erlbaum},
	title = {Attitude structure and behavior},
	year = {1989}
}

@inbook{VanHerk2015,
	address = {Oxford},
	author = {Van Herk, Gerard},
	booktitle = {The {Oxford} Handbook of {African} {American} Language},
	editor = {Lanehart, Sonja},
	page = {23--34},
	title = {The {{English}} Origins Hypothesis},
	year = {2015}
}

@inbook{SzmrecsanyiKortmann2009,
	address = {London/New York},
	author = {Szmrecsanyi, Benedikt and Kortmann, Bernd},
	booktitle = {Vernacular universals and language contacts: {{{E}}}vidence from varieties of {{{E}}}nglish and beyond},
	editor = {Filppula, Markku and Klemola, Juhani and Paulasto, Heli},
	pages = {33--53},
	publisher = {Routledge},
	title = {Vernacular universals and angloversals in a typological perspective},
	year = {2009}
}

@inbook{Singler2015,
	address = {New York},
	author = {Singler, John Victor},
	booktitle = {The {{Oxford}} handbook of {{African}} {{American}} {Language}},
	editor = {Lanehart, Sonja},
	pages = {105--124},
	publisher = {Oxford},
	title = {{{African} {American} {English}} over yonder. {T}he language of the {Liberian Settler} community},
	year = {2015}
}

@incollection{Sessarego_inpress,
	address = {Cambridge},
	author = {Sessarego, Sandro},
	booktitle = {Uniformitarianism in {G}enetic {C}reolistics},
	editor = {Mufwene, Salikoko S. and Aboh, Enoch},
	publisher = {Cambridge University Press},
	title = {Another {P}iece of the {P}uzzle: {Afro-Veracruz} {S}panish and the {S}panish {C}reole {D}ebate},
	pubstate = {inpress}
}

@inbook{Schwegler1998,
  author    = {Schwegler, Armin},
  booktitle = {América negra: {P}anoramic actual de los estudios lingüísticos sobre variedades hispanas, portuguesas y criollas},
  title     = {El {P}alenquero},
  editor    = {Perl, Matthias and Schwegler, Armin},
  pages     = {218--291},
  publisher = {Vervuert},
  address   = {Frankfurt},
  year      = {1998},
}

@inbook{Romerosessarego2018,
	address = {Amsterdam},
	author = {Romero, Rey and Sessarego, Sandro},
	booktitle = {Language {V}ariation and {C}ontact-{I}nduced {C}hange},
	editor = {King, Jeremy and Sandro Sessarego},
	pages = {83--110},
	publisher = {Benjamins},
	title = {Hard Come, {{E}}asy Go},
	year = {2018}
}

@inbook{Patrick2007,
	address = {London},
	author = {Patrick, Peter},
	booktitle = {Comparative {Creole} syntax,},
	editor = {John Holm and Peter L. Patrick},
	pages = {127--152},
	publisher = {Battlebridge Publications},
	title = {{Jamaican} {C}reole ({P}atwa {{E}}nglish)},
	year = {2007}
}

@book{patrick1999urban,
  title={Urban {J}amaican creole: {V}ariation in the mesolect},
  author={Patrick, Peter L.},
  year={1999},
  publisher={ John Benjamins },
  address={Amsterdam}
}

@inbook{Parkvall2020,
	address = {Oxford},
	author = {Parkvall, Mikael},
	booktitle = {The {Oxford} Handbook of Language Contact},
	editor = {Grant, Anthony},
	pages = {261--281},
	publisher = {Oxford University Press},
	title = {{Pidgins}},
	year = {2020}
}

@inbook{Mufwene2020,
	address = {Houndsmill UK/New York},
	author = {Mufwene, Salikoko S.},
	booktitle = {The {Routledge} handbook of language contact},
	editor = {Evangelia Adamou and Yaron Matras}, pages={300--324},
	publisher = {Palgrave},
	title = {{{Creoles}} and pidgins - why the latter are not the ancestors of the former},
	year = {2020}
}

@inbook{Maurer1998,
	address = {Frankfurt and Madrid},
	author = {Maurer, Philippe},
	booktitle = {América negra: {P}anorámica actual de los estudios lingüísticos sobre variedades hispanas, portuguesas y criollas},
	editor = {Perl, Matthias and Schwegler, Armin},
	pages = {139--217},
	publisher = {Vervuert},
	title = {El papiamentu de Curazao},
	year = {1998}
}

@inbook{Jennings1995,
	address = {London},
	author = {Jennings, William},
	booktitle = {From Contact to {Creole} and Beyond},
	editor = {Baker, Philip},
	pages = {63--80},
	publisher = {Battlebridge},
	title = {{Saint-Christophe}: {S}ite of the first {French} {Creole}},
	year = {1995}
}

@inbook{HoweWalker2000,
	address = {Malden, MA, and Oxford},
	author = {Howe, Darin M. and James A. Walker},
	booktitle = {The {{English}} history of {African} {American} {{English}}},
	editor = {Poplack, Shana},
	pages = {109–-140},
	publisher = {Blackwell},
	title = {Negation and the {{Creole}}-Origins Hypothesis: {{{{{E}}}}}vidence from the early {{African}} {{American}} {{{E}}}nglish},
	year = {2000}
}

@inbook{FergusonDeBose1977,
	address = {Bloomington,IN},
	author = {Ferguson, Charles A. and Charles E. DeBose},
	booktitle = {{Pidgin} and {Creole} Linguistics},
	editor = {Albert Valdman},
	pages = {99--128},
	publisher = {Indiana University Press},
	title = {Simplified registers, broken language, and pidginization},
	year = {1977}
}

@incollection{Fedorova2006,
	address = {Wiesbaden},
	author = {Fedorova, Kapitolina},
	booktitle = {Marginal Linguistic Identities. {S}tudies in {S}lavic Contact and Borderland Varieties},
	editor = {Stern,Dieter and Christian Voss},
	pages = {177--189},
	publisher = {Harrassowitz Verlag},
	title = {{Russian} Foreigner Talk: {S}tereotype and Reality},
	year = {2006}
}

@inbook{ChungTimberlake1985,
	address = {Cambridge},
	author = {Chung, Sandra and Timberlake, Alan},
	booktitle = {Language {T}ypology and {S}yntactic {D}escription. {V}ol. 3: {G}rammatical {C}ategories and the lexicon},
	editor = {Timothy Shopen},
	pages = {202--58},
	publisher = {Cambridge University Press},
	title = {Tense, mood and aspect},
	year = {1985}
}

@inbook{Bakerwiner1999,
	address = {London},
	author = {Baker, Philip and Winer, Lise},
	booktitle = {St. {K}itts and the {A}tlantic creoles: {{T}}he texts of {{Samuel} Augustus Mathews} in perspective},
	publisher = {University of Westminster},
	series = {University of Westminster Studies in Creole Languages},
	title = {Separating the wheat from the chaff: {H}ow far can we rely on old Pidgin and Creole texts},
	volume = {4},
	year = {1999}
}

@Book{wolfram1969,
  author    = {Wolfram, Walter A.},
  title     = {A sociolinguistic study of {Detroit} Negro Speech},
  publisher = {Center for Applied Linguistics},
  address   = {Arlington, VA},
  year      = {1969},
}

@book{wohlgemuth2009typology,
	address = {Berlin},
	author = {Wohlgemuth, Jan},
	publisher = {Walter de Gruyter},
	title = {A typology of verbal borrowings},
	volume = {211},
	year = {2009}
}

@book{winford2003book,
	address = {London},
	author = {Winford, Donald},
	keywords = {Winford},
	publisher = {Wiley-Blackwell},
	title = {An introduction to contact linguistics},
	year = {2003}
}

@book{winford1993predication,
	address = {Amsterdam},
	author = {Winford, Donald},
	keywords = {Winford},
	publisher = { John Benjamins },
	title = {Predication in {Caribbean} {English} {Creoles}},
	year = {1993}
}

@book{winer2009,
	address = {Montreal},
	author = {Winer, Lise},
	publisher = {McGill-Queens Press},
	title = {Dictionary of the {{E}}nglish/{C}reole of {T}rinidad \& {T}obago},
	year = {2009}
}

@book{winer2003,
	address = {Kingston, Jamaica},
	booktitle = {Adolphus, a tale (Anonymous) \& {T}he slave son {(Mrs. {{W}}illiam {Noy} Wilkins)}},
	editor = {Winer, Lise},
	note = {orig. 1853, 1854},
	number = {2},
	publisher = {University of the West Indies Press},
	series = {Caribbean Heritage},
	title = {Adolphus, a tale (Anonymous) \& {T}he slave son {(Mrs. {{W}}illiam {Noy} Wilkins)}},
	year = {2003}
}

@book{winer1993,
	address = {Amsterdam/Philadelphia},
	author = {Winer, Lise},
	number = {6},
	publisher = {John Benjamins},
	series = {Varieties of English around the World},
	title = {{{Trinidad} and {Tobago}}},
	year = {1993}
}

@book{wells1982accents,
	address = {Cambridge},
	author = {Wells, John Christopher},
	publisher = {Cambridge University Press},
	title = {Accents of {{English}}: {V}olume 1: {An} Introduction},
	year = {1982}
}

% not sure what is this reference
@book{thomas_yaegerdror2010,
	address = {Durham, NC},
	booktitle = {Vowel phonology and ethnicity. {{P}}ublication of the {{American} Dialect Society} 93},
	editor = {Thomas, Erik R. and Yeager-Dror, Malcah},
	publisher = {Duke University Press},
	title = {Vowel phonology and ethnicity. {{P}}ublication of the {{American} Dialect Society} 93},
	year = {2010}
}

@book{spearswinford1997,
	address = {Amsterdam},
	author = {Spears, Arthur K and Winford, Donald},
	keywords = {Winford},
	publisher = {John Benjamins },
	title = {The Structure and Status of {Pidgins} and {Creoles}},
	volume = {19},
	year = {1997}
}

@book{prophetNewman2008,
	address = {New York and London},
	author = {Newman, Richard S.},
	publisher = {NYU Press},
	title = {Freedom’s prophet: {B}ishop {R}ichard {A}llen, the {{AME}} Church, and the black founding fathers},
	year = {2008}
}

@book{mühleisen2002creole,
	address = {Amsterdam},
	author = {Mühleisen, Susanne},
	publisher = {Benjamins},
	sortname = {Muhleisen, Susanne},
	title = {{Creole} {D}iscourse. {{{E}}}xploring {P}restige {F}ormation and {C}hange across {C}aribbean {{{E}}}nglish-lexicon {C}reoles},
	year = {2002}
}

@book{morales1978,
	address = {San Juan},
	author = {Morales Carrión, Arturo},
	publisher = {Instituto de Cultura Puertorriqueña},
	sortname = {Morales Carrion, Arturo},
	title = {Auge y decadencia de la trata negrera en {P}uerto {R}ico (1820-1860)},
	year = {1978}
}

@book{milroy_milroy1991,
	address = {London},
	author = {Milroy, James and Milroy, Leslie},
	edition = {2},
	publisher = {Routledge},
	title = {Authority in {L}anguage. {I}nvestigating {L}anguage {P}rescription and {S}tandardisation},
	year = {1991}
}

@book{lipski1994latin,
	address = {New York},
	author = {Lipski, John M.},
	publisher = {Longman Group Limited},
	title = {{Latin} {American} {Spanish}},
	year = {1994}
}

@book{lentz2003columbus,
	address = {Charleston, SC},
	author = {Lentz, Ed},
	publisher = {Arcadia Publishing},
	title = {{Columbus}: {T}he story of a city},
	year = {2003}
}

@book{lemann1991promised,
	address = {New York},
	author = {Lemann, Nicholas},
	publisher = {Vintage Press},
	title = {The promised land: {T}he great black migration and how it changed {{America}}},
	year = {1991}
}

@book{lalla_dacosta1990,
	address = {Tuscaloosa},
	author = {Lalla, Barbara and D’Costa, Jean},
	publisher = {University Alabama Press},
	sortname = {Lalla, Barbara and D'Costa, Jean},
	title = {Language in exile: {T}hree hundred years of {{Jamaican} {Creole}}},
	year = {1990}
}

@book{labov2006atlas,
	address = {Berlin},
	author = {Labov, William and Ash, Sharon and Boberg, Charles},
	publisher = {Walter de Gruyter},
	title = {The {A}tlas of {{North} {American} {English}}: {{P}}honetics, Phonology, and Sound Change: {{A}} Multimedia Reference Tool},
	volume = {1},
	year = {2006}
}

@book{labov1972quantitative,
	address = {Philadelphia},
	author = {Labov, William and Yaeger, Malcah and Steiner, Richard},
	publisher = {US Regional Survey},
	title = {A quantitative study of sound change in progress},
	volume = {1},
	year = {1972}
}

@book{kurath1961pronunciation,
	volume = {3},
	address = {Ann Arbor},
	author = {Kurath, Hans and McDavid, Raven Ioor},
	publisher = {University of Michigan Press},
	series = {Studies in {American English}},
	title = {The pronunciation of {{{E}}}nglish in the {A}tlantic States: {{B}}ased upon the collections of the linguistic atlas of the {{{E}}}astern {{U}}nited {S}tates},
	year = {1961}
}

@book{jamesyoussef2002,
	address = {St. Augustine, Trinidad},
	author = {James, Winford and Youssef, Valerie},
	keywords = {Winford},
	publisher = {Cornerstone Press},
	title = {The languages of {T}obago: {G}enesis, structure and perspectives},
	year = {2002}
}

@book{isurin2009,
	address = {Amsterdam},
	author = {Isurin, Ludmila and Winford, Donald and de Bot, Kees},
	keywords = {Winford},
	publisher = {John Benjamins },
	title = {Multidisciplinary approaches to code switching},
	volume = {41},
	year = {2009}
}

@book{garrett2010attitudes,
	address = {Cambridge},
	author = {Garrett, Peter},
	publisher = {Cambridge University Press},
	title = {Attitudes to {L}anguage},
	year = {2010}
}

@book{devonish1986_liberation,
	address = {London},
	author = {Devonish, Hubert},
	publisher = {Karia Press},
	title = {Language and {L}iberation. {C}reole {L}anguage {P}olitics in the {C}aribbean},
	year = {1986}
}

@book{craigjames2008,
	address = {Arima, Trinidad \& Tobago},
	author = {Craig-James, Susan},
	note = {{Vol. I: 1838--1900, Vol. II: 1900--1938}},
	publisher = {Cornerstone Press},
	title = {The changing society of {T}obago, 1838-1938: {A} fractured whole},
	year = {2008}
}

@book{byrnewinford1993,
	address = {Amsterdam},
	author = {Byrne, Francis and Winford, Donald},
	keywords = {Winford},
	publisher = {John Benjamins},
	title = {Focus and Grammatical Relations in {C}reole Languages},
	year = {1993}
}

@book{burgess1994planning,
	address = {Columbus, OH},
	author = {Burgess, Patricia},
	publisher = {Ohio State University Press},
	title = {Planning for the private interest: {{L}}and use controls and residential patterns in {{Columbus}, Ohio}, 1900-1970},
	year = {1994}
}

@book{biblesociety2012,
	address = {Kingston},
	author = {{Bible Society of the West Indies}},
	publisher = {Bible Society of the West Indies},
	title = {Di {J}amiekan {N}yuu {T}estiment/{T}he {J}amaican {N}ew {T}estament},
	year = {2012}
}

@Book{ayala_bernabe2007,
  author    = {Ayala, Cesar J. and Bernabe, Rafael},
  title     = {{P}uerto {R}ico in the {A}merican Century},
  publisher = {University of North Carolina},
  address   = {Chapel Hill, NC},
  year      = {2007},
}

@book{Zamora-Vicente1989,
	address = {Madrid},
	author = {Zamora-Vicente, Alonso},
	publisher = {Gredos},
	title = {Dialectología española},
	year = {1989}
}

@book{Yağmur1997,
	address = {Tilburg},
	author = {Yağmur, Kutlay},
	publisher = {Tilburg University Press},
	sortname = {Yagmur, Kutlay},
	title = {First language attrition among {T}urkish speakers in {S}ydney},
	year = {1997}
}

@book{WolframThomas2002,
	address = {Oxford},
	author = {Wolfram, Walt and Erik Thomas},
	publisher = {Blackwell},
	title = {The development of {{African}} {{American}} {{English}}},
	year = {2002}
}

@book{Wolfenden1971,
	address = {Honolulu},
	author = {Wolfenden, Elmer P.},
	publisher = {University of Hawaii Press},
	title = {{{Hiligaynon}} reference grammar},
	year = {1971}
}

@book{Wilmore1972,
	address = {Garden City, NY},
	author = {Wilmore, Gayraud},
	publisher = {Doubleday},
	title = {Black religion and black radicalism},
	year = {1972}
}

@book{Whinnom1956,
	address = {Hong Kong},
	author = {Whinnom, Keith},
	publisher = {Hong Kong University},
	title = {{{Spanish}} contact vernaculars in the {{Philippine}} Islands},
	year = {1956}
}

@book{Watson1989,
	address = {Athens},
	author = {Watson, Alan},
	publisher = {The University of Georgia Press},
	title = {{Slave} law in the {A}mericas},
	year = {1989}
}

@book{Vizcarrondo1983,
	address = {San Juan de Puerto Rico},
	author = {Vizcarrondo, Fortunato},
	publisher = {Instituto de Cultura Puertorriqueña},
	title = {Dinga y mandinga: {{P}}oemas},
	year = {1983}
}

@book{Visconte_forthcoming,
	address = {Austin},
	author = {Visconte, Piero and Sessarego, Sandro},
	publisher = {The University of Texas at Austin},
	title = {How Law Shapes Language: {P}uerto {R}ican {Slave} Laws and the (De)creolization Hypothesis},
	pubstate = {forthcoming}
}

@book{Vendler1967,
	address = {Ithaca, NY},
	author = {Vendler, Zeno},
	publisher = {Cornell University Press},
	title = {Linguistics in philosophy},
	year = {1967}
}

@book{Velupillai2015,
	address = {Amsterdam},
	author = {Velupillai, Viveka},
	series = {Creole Language Library},
	number = {12},
	publisher = {John Benjamins},
	title = {{{Pidgins}}, {{Creoles}} and Mixed Languages. {A}n Introduction},
	year = {2015}
}

@book{Ungerleider2000,
	address = {San Juan, Puerto Rico},
	author = {Ungerleider, Kepler D.},
	publisher = {Isla Negra},
	title = {Las fiestas de {S}antiago {A}póstol en {L}oíza: {L}a cultura afro-puertorriqueña ante los procesos de hibridación y globalización},
	year = {2000}
}

@book{Tronchoy1709,
	address = {Troyes},
	author = {Tronchoy, Gautier du},
	note = {[published anonymously]},
	publisher = {Jacques Le Febvre},
	title = {Journal de la Campagne des {{Isles}} de l’{A}mérique, qu’à fait {M}onsieur {D}***. {L}a prise, possession de l'isle {Saint Christophe}... (…) par {G. D. T} (...).},
	year = {1709}
}

@Book{Tió1961,
  author    = {Tió, Aurelio},
  title     = {Nuevas fuentes para la historia de {P}uerto {R}ico},
  publisher = {San Germán},
  address   = {San Juan, PR},
  sortname  = {Tio, Aurelio},
  year      = {1961},
}

@book{Thomason2001,
	address = {Edinburgh},
	author = {Thomason, Sarah Grey},
	publisher = {University of Edinburgh Press},
	title = {Language Contact. {A}n Introduction.},
	year = {2001}
}

@book{Thomas2010,
	address = {Chicago},
	author = {Thomas, Lorrin},
	publisher = {University of  Chicago Press},
	title = {Puerto {R}ican {C}itizen},
	year = {2010}
}

@book{Tannenbaum1946,
	address = {New York},
	author = {Tannenbaum, Frank},
	publisher = {Vintage Books},
	title = {{Slave} and {C}itizen},
	year = {1946}
}

@book{Stein2017,
	address = {Berlin},
	author = {Stein, Peter},
	annote = {In cooperation with Katrin Mutz},
	publisher = {De Gruyter},
	title = {Kreolisch und Französisch},
	edition = {2},
	year = {2017}
}

% not sure what reference this is
%conference paper
@book{Singler1998,
	address = {The African-American diaspora},
	author = {Singler, John Victor},
	title = {Who were the dispersed? {A}nnual meeting, New Ways of Analyzing Variation in {English}},
	publisher={University of Georgia},
	year = {1998}
}

@book{Siegel2008,
	address = {Oxford},
	author = {Siegel, Jeff},
	publisher = {Oxford University Press},
	title = {The Emergence of Pidgin and Creole Languages},
	year = {2008}
}

@book{Shekitka2017,
	address = {Ney York City, NY},
	author = {Shekitka, John},
	publisher = {Columbia University Teachers’ College Center on History and Education},
	title = {On {A}rrival: {P}uerto {R}icans in {Post-World} {W}ar {{II}} {N}ew {Y}ork},
	year = {2017}
}

@book{Sessarego2021,
	address = {Cambridge},
	author = {Sessarego, Sandro},
	publisher = {Cambridge University Press},
	title = {Interfaces and {D}omains of {C}ontact-{D}riven {R}estructuring},
	year = {2021}
}

@book{Sessarego2019,
	address = {Cambridge},
	author = {Sessarego, Sandro},
	publisher = {Cambridge University Press},
	title = {Language {C}ontact and the {M}aking of an {Afro-{Hispanic}} {V}ernacular: {V}ariation and {C}hange in the {C}olombian {C}hocó},
	year = {2019}
}

@book{Sessarego2018_lingua,
	address = {Amsterdam},
	editor = {Sessarego, Sandro},
	publisher = {Elsevier},
	sortname = {Sessarego, Sandro},
	title = {Current {T}rends in {A}fro-{H}ispanic {L}inguistics. [{L}ingua {S}pecial {I}ssue]},
	year = {2018}
}

@book{Sessarego2018_laschiavitu,
	address = {Genoa},
	author = {Sessarego, Sandro},
	publisher = {Marietti Editore},
	title = {{La} schiavitù nera nell’{A}merica spagnola},
	year = {2018}
}

@book{Sessarego2015,
	address = {Amsterdam},
	author = {Sessarego, Sandro},
	publisher = {Benjamins},
	title = {Afro-{P}eruvian {S}panish},
	year = {2015}
}

@book{Sessarego2014,
	address = {Columbus, OH},
	author = {Sessarego, Sandro},
	publisher = {The Ohio State University Press},
	title = {The {Afro-Bolivian} {S}panish {D}eterminer {P}hrase.},
	year = {2014}
}

@book{Sessarego2013_chotavalley,
	address = {Madrid},
	author = {Sessarego, Sandro},
	publisher = {Iberoamericana},
	title = {Chota {V}alley {S}panish},
	year = {2013}
}

@book{SchweglerGreen2007,
	address = {London},
	author = {Schwegler, Armin and Green, Kate},
	booktitle = {Comparative creole syntax: {P}arallel outlines of 18 creole grammars},
	number = {7},
	pages = {273--306},
	publisher = {Battlebridge},
	series = {Westminster Creolistics Series},
	title = {{{Palenquero} ({Creole} {Spanish})}},
	year = {2007}
}

@book{Schwegler1996,
	address = {Madrid},
	author = {Schwegler, Armin},
	publisher = {Iberoamericana},
	title = {Chi ma nkongo: {{L}}engua y rito ancestrales en {{E}}l {P}alenque de {S}an {B}asilio ({C}olombia)},
	year = {1996}
}

@book{Schuchardt1888,
	address = {Berlin},
	author = {Schuchardt, Hugo},
	publisher = {Oppenheim},
	title = {Auf {A}nlass des {V}olapüks},
	year = {1888}
}

@book{SchachterOtanes1972,
	address = {Berkeley},
	author = {Schachter, Paul and Fe T. Otanes},
	publisher = {University of California Press},
	title = {{{Tagalog}} Reference Grammar},
	year = {1972}
}

@book{Rouse1994,
	address = {Princeton NJ},
	author = {Rouse, Irving},
	publisher = {Princeton University Press},
	title = {The Tainos: {R}ise and Decline of the People Who Greeted {C}olumbus},
	year = {1994}
}

@book{Rivera-Quintero2014,
	address = {San Juan, PR},
	author = {Rivera-Quintero, Marcia},
	publisher = {Fundación Sila M. Calderón},
	title = {El vuelo de la esperanza: {P}royecto de las Comunidades Especiales {P}uerto {R}ico, 1997-2004},
	year = {2014}
}

% not sure whart this reference is
@book{Reprintedin:Ferguson1996,
	address = {New York},
	author = {Reprinted in: Ferguson, Charles A.},
	note = {Reprinted in: Ferguson, Charles A.},
	publisher = {115-123},
	sortname = {Reprinted in: Ferguson, Charles A.},
	title = {Papers on language in society, 1959-1994},
	year = {1996}
}

@book{Reichenbach1947,
	address = {New York},
	author = {Reichenbach, Hans},
	publisher = {Macmillan},
	title = {Elements of symbolic logic},
	year = {1947}
}

@book{Prudent1999,
	address = {Des baragouins à la langue antillaise. Analyse historique et sociolinguistique du discours sur le créole. Paris},
	author = {Prudent, Lambert Félix},
	publisher = {L’Harmattan},
	sortname = {Prudent, Lambert Felix},
	title = {(2)},
	year = {1999}
}

@book{PoplackTagliamonte2001,
	address = {Malden, MA, and Oxford},
	author = {Poplack, Shana and Sali Tagliamonte},
	publisher = {Blackwell},
	title = {{{African}} {{American}} {{English}} in the diaspora},
	year = {2001}
}

@book{Picó1986,
	address = {Río Piedras, PR},
	author = {Picó, Fernando},
	publisher = {Ediciones Huracán},
	sortname = {Pico, Fernando},
	title = {Historia general de {P}uerto {R}ico},
	year = {1986}
}

@book{Perlschwegler1998,
	address = {Madrid},
	author = {Perl, Matthias and Schwegler, Armin},
	publisher = {Iberoamericana},
	title = {América negra},
	year = {1998}
}

@book{Perdue_v2_1993,
	address = {Cambridge},
	author = {Perdue, Clive},
	publisher = {Cambridge University Press},
	title = {Adult language acquisition: {C}ross-linguistic perspectives. {T}he Results},
	volume = {2},
	year = {1993}
}

@book{Perdue_v1_1993,
	address = {Cambridge},
	author = {Perdue, Clive},
	publisher = {Cambridge University Press},
	title = {Adult language acquisition: {C}ross-linguistic perspectives. {F}ield Methods},
	volume = 1,
	year = {1993}
}

@book{PenzoDevers1999,
	address = {Santo Domingo},
	author = {Penzo Devers, Gregorio Elías},
	publisher = {Alfa \& Omega},
	sortname = {Penzo Devers, Gregorio Elias},
	title = {Compendio de la Historia de {{Samaná}}, 1493-1930},
	year = {1999}
}

@book{Pelleprat1655,
	address = {Paris},
	author = {Pelleprat, Pierre},
	publisher = {S. \& G. Cramoisy.},
	title = {Relations des Missions des {P.} {P.} de la {Compagnie de Jésus} dans les isles et dans la Terme firme de l’{Amérique} méridionale},
	year = {1655}
}

@book{Pederson1965,
	address = {Alabama},
	author = {Pederson, Lee A.},
	series = {Publication of the American Dialect Society},
	number = {44},
	publisher = {University of Alabama Press},
	title = {The pronunciation of {{English}} in metropolitan {Chicago}},
	year = {1965}
}

@book{Payne1968,
	address = {Nashville, TN},
	author = {Payne, Daniel A.},
	editor = {Rev. C. S. Smith},
	note = {[Reprinted, 1968. New York. Johnson Reprint Corporation]},
	publisher = {Publishing House of the A. M. E. Sunday School Union},
	title = {{[1891]. {{H}}istory of the {African} Methodist Episcopal Church}},
	year = {1968}
}

@book{ParkvallBakker2013,
	address = {Berlin},
	author = {Parkvall, Mikael and Peter Bakker},
	booktitle = {Contact languages},
	editors = {Yaron Matras and Peter Bakker},
	pages = {15--64},
	publisher = {Mouton de Gruyter},
	title = {{Pidgins}},
	year = {2013}
}

@book{Palmer2001,
	address = {Cambridge},
	author = {Palmer, Frank R.},
	publisher = {Cambridge University Press},
	title = {Mood and modality},
	year = {2001}
}

@book{Palmer1976,
	address = {Cambridge, MA},
	author = {Palmer, Colin A.},
	publisher = {Harvard University Press},
	title = {Slaves of the {W}hite {G}od: {B}lacks in {M}exico, 1570-1650},
	year = {1976}
}

@book{Ott1973,
	address = {Knoxville},
	author = {Ott, Thomas},
	publisher = {University of Tennessee Press},
	title = {The {H}aitian Revolution: 1789-1804},
	year = {1973}
}

@book{Ortiz-López1998,
	address = {Madrid},
	author = {Ortiz-López, Luis},
	publisher = {Iberoamericana},
	sortname = {Ortiz-Lopez, Luis},
	title = {Huellas etno-sociolingüísticas bozales y afrocubanas},
	year = {1998}
}

@book{Newman2008,
	address = {Philadelphia},
	author = {Newman, Richard S.},
	publisher = {The Library Company of Philadelphia},
	title = {Black founders: {T}he {F}ree {B}lack community in the early {R}epublic},
	year = {2008}
}

@book{Nash1988,
	address = {Cambridge, MA},
	author = {Nash, Gary B.},
	publisher = {Harvard University Press},
	title = {Forging freedom: {{T}}he formation of {{Philadelphia}}’s {B}lack community, 1720-1840},
	year = {1988}
}

@book{Mühlhäusler1997,
	address = {Colombo},
	author = {Mühlhäusler, Peter},
	edition = {2},
	publisher = {Battlebridge Publications},
	sortname = {Muhlhausler, Peter},
	title = {{Pidgin} \& {Creole} linguistics},
	year = {1997}
}

@Book{Murray1873,
  author    = {Murray, James A. H.},
  title     = {The dialect of the southern counties of {S}cotland: {I}ts pronunciation, grammar, and historical relations},
  publisher = {The Philological Society},
  address   = {London},
  year      = {1873},
}

@InCollection{Mufwene2015,
	address = {Oxford},
	author = {Mufwene, Salikoko S.},
	booktitle = {International encyclopedia of social and behavioral sciences},
	editor = {James Wright},
	edition = {2},
	page = {133--145},
	publisher = {Elsevier},
	title = {{{Pidgin}} and {{Creole}} Languages},
	year = {2015}
}

@book{Montrul2016,
	address = {Cambridge},
	author = {Montrul, Silvina},
	publisher = {Cambridge University Press},
	title = {The Acquisition of Heritage Languages},
	year = {2016}
}

@book{Montrul2008,
	address = {Cambridge},
	author = {Montrul, Silvina},
	publisher = {Cambridge University Press},
	title = {Incomplete Acquisition in Bilingualism},
	year = {2008}
}

@book{Moll2015,
	address = {Amsterdam},
	author = {Moll, Andrea},
	publisher = {Benjamins},
	title = {{{Jamaican}} {{Creole}} goes Web: {S}ociolinguistic styling and authenticity in a digital yaad},
	year = {2015}
}

@misc{MinistryofEducation2001,
	address = {Kingston},
	author = {{Ministry of Education, Youth and Culture, Jamaica}},
	title = {Language {{E}}ducation {P}olicy},
	year = {2001}
}

@book{MichaelisHuber2013,
	address = {Leipzig},
	booktitle = {Atlas of pidgin and creole language structures},
	editor = {Michaelis, Susanne Maria and Philippe Maurer and Martin Haspelmath and Magnus Huber},
	publisher = {Max Planck Institute for Evolutionary Anthropology},
	title = {Atlas of pidgin and creole language structures},
	url = {http://apics-online.info},
	urldate = {2019-02-20},
	year = {2013}
}

@book{Meisel2011,
	address = {Cambridge},
	author = {Meisel, Jürgen M.},
	publisher = {Cambridge University Press},
	sortname = {Meisel, Jurgen M.},
	title = {First and {S}econd {L}anguage {A}cquisition. {P}arallels and {D}ifferences.},
	year = {2011}
}

@book{Meade2001,
	address = {Amsterdam},
	author = {Meade, Rocky},
	publisher = {Holland Institute of Generative Linguistics/Netherlands Graduate School of Linguistics},
	title = {Acquisition of {J}amaica phonology},
	year = {2001}
}

@book{McWhorter2000,
	address = {Berkeley, CA},
	author = {McWhorter, John},
	publisher = {University of California Press},
	title = {{The Missing {Spanish} {Creoles}}},
	year = {2000}
}

@book{McCollMillar2007,
	address = {London},
	author = {McColl Millar, Robert},
	edition = {2},
	publisher = {Arnold},
	title = {Trask’s historical linguistics},
	year = {2007}
}

@Book{Mayo-Santana_Negrón-Portillo2007,
  author    = {Mayo-Santana, Raúl and Negrón-Por\-tillo, Mariano},
  title     = {{La} esclavitud menor},
  publisher = {Centro de Investigaciones Sociales},
  address   = {Río Piedras, PR},
  sortname  = {Mayo-Santana, Raul and Negron-Por\-tillo, Mariano},
  year      = {2007},
}

@book{Maurer1988,
	address = {Hamburg},
	author = {Maurer, Philippe},
	publisher = {Buske},
	title = {Les modifications temporelles et modales du verbe dans le papiamento de {C}uraćao ({A}ntilles {N}éerlandaises)},
	year = {1988}
}

@book{MauleónBenítez1974,
	address = {Madrid},
	author = {Mauleón de Benítez, Carmen Cecilia},
	publisher = {Gráficas ARABI},
	sortname = {Mauleon de Benitez, Carmen Cecilia},
	title = {{El español de Loíza Aldea}},
	year = {1974}
}

@misc{Matyiku2011,
	author = {Matyiku, Sabina},
	note = {Updated by Tom McCoy (2015) and Katie Martin (2018)},
	booktitle = {Yale Grammatical Diversity Project: English in North America},
	title = {A-prefixing},
	year = {2011},
	url = {http://ygdp.yale.edu/phenomena/a-prefixing},
	urldare = {\biberror{no urldate}}
}

@book{Masó1976,
	address = {Miami},
	author = {Masó, Calixto},
	publisher = {Ediciones Universal},
	sortname = {Maso, Calixto},
	title = {Historia de {{Cuba}}},
	year = {1976}
}

@book{Mason1918,
	address = {San Juan},
	author = {Mason, John Alden},
	publisher = {Instituto de Cultura Puertorriqueña},
	title = {Décimas de 1898},
	year = {1918}
}

@phdthesis{Mann-Hamilton2016,
	author = {Mann-Hamilton, Ryan},
	school = {City University of New York},
	title = {What the tides may bring. {P}olitical “tigueraje,” dispossession and popular dissent in {S}amaná, {D}ominican {R}epublic},
	year = {2016}
}

@book{Madiou1988,
	address = {Port-au-Prince},
	author = {Madiou, Thomas},
	note = {[1848]},
	publisher = {Editions Henri Deschamps},
	title = {{Histoire} d'Haïti. {{T}}ome {VI}, De 1819 à 1826. [8 vols.]},
	year = {1988}
}

@book{MacWhinneydatabase2000,
	address = {Hillsdale, NJ},
	author = {MacWhinney, Brian},
	edition = {3rd ed.},
	publisher = {Lawrence Erlbaum Associates},
	title = {The {{CHILDES}} project: {T}he database},
	year = {2000}
}

@book{MacWhinneyTools2000,
	address = {Hillsdale, NJ},
	author = {MacWhinney, Brian},
	edition = {3rd ed.},
	publisher = {Lawrence Erlbaum Associates},
	title = {The {{CHILDES}} project: {T}ools for analyzing talk},
	year = {2000}
}

@book{L’Incarnation1681,
	address = {A la mère de {S}ainte {C}atherine. In: Lettres de la Vénérable Mère Marie de l'Incarnation: première supérieure des Ursulines de la Nouvelle France. Paris},
	author = {de L’Incarnation, Marie},
	publisher = {Louis Billaine},
	sortname = {de L'Incarnation, Marie},
	title = {Lettre {{CXXVI}}, à la superieure des {{U}}rsulines de {S}aint {D}enys en {{France}}},
	year = {1681}
}

@book{Lucena2000,
	address = {Madrid},
	author = {Lucena, Salmoral Manuel},
	publisher = {Ediciones UNESCO},
	title = {Los códigos negros de la {América Española}},
	year = {2000}
}

@book{Lorenzino2007,
	address = {London},
	author = {Lorenzino, Gerardo A.},
	booktitle = {Angolar {({CreoleP}ortuguese)} or {Lunga {Ngola}}}, booktitle ={Comparative creole syntax: {P}arallel outlines of 18 creole grammars},
	editor = {John Holm and Peter L. Patrick},
	number = {7},
	pages = {1--23},
	publisher = {Battlebridge},
	series = {Westminster Creolistics Series},
	title = {Angolar {({CreoleP}ortuguese)} or {Lunga {Ngola}}}, booktitle ={Comparative creole syntax: {P}arallel outlines of 18 creole grammars},
	year = {2007}
}

@book{Lorenzino2000,
	address = {München},
	author = {Lorenzino, Gerardo},
	publisher = {LINCOM},
	title = {The morphosyntax of {{Spanish}}-lexified creoles},
	year = {2000}
}

@book{Lipski2008,
	address = {Madrid},
	author = {Lipski, John M.},
	publisher = {Iberoamericana},
	title = {{Afro-Bolivian {Spanish}}},
	year = {2008}
}

@book{Lipski2005,
	address = {Cambridge},
	author = {Lipski, John M.},
	publisher = {Cambridge University Press},
	title = {A history of {Afro-{Hispanic}} Language:{F}ive Centuries and Five Continents},
	year = {2005}
}

@book{Lipski1993,
	address = {Albuquerque NM},
	author = {Lipski, John M.},
	publisher = {University of New Mexico Press},
	title = {On the Non-{Creole} Basis for {A}fro-{Caribbean} {S}panish},
	url = {http:/www.personal.psu.edu/jml34/noncreol.pdf},
	year = {1993}
}

@book{Lanehart2015,
	address = {Oxford, New York},
	booktitle = {The {{Oxford}} handbook of {{African}} {{American}} Language},
	editor = {Lanehart, Sonja},
	publisher = {Oxford University Press},
	title = {The {{Oxford}} handbook of {{African}} {{American}} Language},
	year = {2015}
}

@book{LambertFreed1982,
	address = {Rowley},
	booktitle = {The {L}oss of language skills},
	editor = {Lambert, Richard and Freed, Barbara},
	publisher = {Newbury House},
	title = {The {L}oss of language skills},
	year = {1982}
}

@book{Labov1972,
	address = {Philadelphia},
	author = {Labov, William},
	publisher = {University of Pennsylvania Press},
	title = {Sociolinguistic Patterns},
	year = {1972}
}

@book{Labat1724_tome2,
	address = {{L}a {H}aye},
	author = {Labat, Jean-Baptiste},
	booktitle = {Nouveau voyage aux isles de l'Amérique (…), contenant l'histoire naturelle de ces pays, l'origine, les moeurs, la religion et le gouvernement des habitans anciens et modernes, les guerres et les événemens singuliers qui y sont arrivez... {{L}}e commerce et les manufactures qui y sont établies... {{O}}uvrage enrichi de plus de cent cartes, plans et figures en taille-douce},
	editor = {Husson, P. and Johnson, T. and Gosse, P. and Van Duren, J. and Alberts, R. and Le Vier, C.},
	volume = {2},
	title = {Nouveau voyage aux isles de l'Amérique (…), contenant l'histoire naturelle de ces pays, l'origine, les moeurs, la religion et le gouvernement des habitans anciens et modernes, les guerres et les événemens singuliers qui y sont arrivez... {{L}}e commerce et les manufactures qui y sont établies... {{O}}uvrage enrichi de plus de cent cartes, plans et figures en taille-douce},
	year = {1724},
	publisher = {P. Husson}
}

@book{Labat1724_tome1,
	address = {Paris},
	author = {Labat, Jean-Baptiste},
	booktitle = {Nouveau voyage aux isles de l'Amérique (…), contenant l'histoire naturelle de ces pays, l'origine, les moeurs, la religion et le gouvernement des habitans anciens et modernes, les guerres et les événemens singuliers qui y sont arrivez... {{L}}e commerce et les manufactures qui y sont établies... {{O}}uvrage enrichi de plus de cent cartes, plans et figures en taille-douce},
	editor = {Ch. J. B. Delespine},
	volume = {1},
	title = {Nouveau voyage aux isles de l'Amérique (…), contenant l'histoire naturelle de ces pays, l'origine, les moeurs, la religion et le gouvernement des habitans anciens et modernes, les guerres et les événemens singuliers qui y sont arrivez... {{L}}e commerce et les manufactures qui y sont établies... {{O}}uvrage enrichi de plus de cent cartes, plans et figures en taille-douce},
	year = {1724},
	publisher = {P. Husson}
}

@book{Kurath1939,
	address = {Providence, RI},
	booktitle = {Handbook of the Linguistic Geography of {N}ew {{E}}ngland},
	editor = {Kurath, Hans and Hansen, Marcus and Bloch,Julia and Bloch,Bernard},
	publisher = {Brown University},
	title = {Handbook of the Linguistic Geography of {N}ew {{E}}ngland},
	year = {1939}
}

@book{Kroeger1993,
	address = {Stanford},
	author = {Kroeger, Paul},
	publisher = {Center for the Study of Language and Information},
	title = {Phrase structure and grammatical relations in {{Tagalog}}},
	year = {1993}
}

@book{KouwenbergRamos2007,
	address = {London},
	author = {Kouwenberg, Silvia and Abigail Ramos-Michel},
	booktitle = {Comparative creole syntax: {P}arallel outlines of 18 creole grammars},
	editor = {John Holm and Peter L. Patrick},
	number = {7},
	pages = {307--332},
	publisher = {Battlebridge},
	series = {Westminster Creolistics Series},
	title = {{{Papiamentu}} {({Creole} {Spanish}/{Portuguese})}},
	year = {2007}
}

@book{KouwenbergMurray1994,
	address = {München},
	author = {Kouwenberg, Silvia and Murray, Eric},
	publisher = {Lincom Europa},
	title = {{Papiamentu}},
	year = {1994}
}

@book{KleinPerdue1992,
	address = {Amsterdam},
	author = {Klein, Wolfgang and Clive Perdue},
	publisher = {Benjamins},
	title = {Utterance structure: {D}eveloping grammars again},
	year = {1992}
}

@book{Klee_lynch2009,
	address = {Washington DC},
	author = {Klee, Carol A. and Lynch, Andrew},
	publisher = {Georgetown University Press},
	title = {El español en contacto con otras lenguas},
	year = {2009}
}

@book{Kennedy2017,
	address = {Jamaica/Barbados/Trinidad and Tobago},
	author = {Kennedy, Michele M.},
	publisher = {UWI Press},
	title = {What do {J}amaican children speak? {A} language resource},
	year = {2017}
}

@book{Keim1870,
	address = {From the portfolio of a correspondent in the American tropics. Philadelphia},
	author = {Keim, DeBenneville Randolph},
	publisher = {Claxton, Remsen \& Haffelfinger},
	title = {{{San}} {D}omingo: {{P}}en pictures and leaves of travel, romance and history},
	year = {1870}
}

@book{Keijzer2010,
	address = {Germany},
	author = {Keijzer, Merel},
	publisher = {LAP Lambert Academic},
	title = {First language acquisition and first language attrition: {P}arallels and divergences},
	year = {2010},
}

@book{Jones1998,
	address = {Boston},
	author = {Jones, Jacquie},
	publisher = {WGBH Educational Foundation},
	title = {Africans in {{America}}. {P}art 3, {B}rotherly love. {I}nterview with {{E}}mma {L}apsansky, professor of history, {H}averford {C}ollege. {V}ideo},
	year = {1998}
}

@book{Jespersen1922,
	address = {London: Allen \& Unwin. New York},
	author = {Jespersen, Otto},
	publisher = {Henry Holt \& Co},
	title = {Language: {I}ts Nature, Development and Origin},
	year = {1922}
}

@book{Jakobson1941,
	address = {The Hague},
	author = {Jakobson, Roman},
	publisher = {Mouton},
	title = {Child language, aphasia and phonological universals},
	year = {1941}
}

@book{Jacobs2012,
	address = {Berlín},
	author = {Jacobs, Bart},
	publisher = {De Gruyter},
	title = {Origins of a {C}reole},
	year = {2012}
}

@phdthesis{Jackson1976,
	title = {The origin of {{Pan-African}} nationalism: {Afro-American} and {Haytian} relations, 1800-1863},
	author = {Jackson, James O'Dell, III},
	school = {Northwestern University},
	sortname = {Jackson, James O'Dell, III},
	year = {1976}
}

@book{JLU2009,
	address = {Kingston},
	author = {{Jamaican Language Unit}},
	publisher = {Arawak},
	title = {Writing {J}amaican the {J}amaican {W}ay/{O}u fi {R}ait {J}amiekan},
	year = {2009}
}

@book{HortonHorton1998,
	address = {New York \& Oxford},
	author = {Horton, James Oliver and Lois E. Horton},
	publisher = {Oxford University Press},
	title = {In hope of liberty: {{C}}ulture, community and protest among {{Northern}} Free {B}lacks, 1700-1860},
	year = {1998}
}

@book{HolmPatrick2007,
	address = {London},
	booktitle = {Comparative creole syntax},
	editor = {John Holm and Peter L. Patrick},
	publisher = {Battlebridge Press},
	title = {Comparative creole syntax},
	year = {2007}
}

@book{Holm2007,
	address = {London},
	author = {Holm, John and Patrick, Peter L.},
	publisher = {Battlebridge},
	title = {{Comparative {Creole} syntax}},
	year = {2007}
}

@book{Hazaël-Massieux2008,
	address = {Paris},
	author = {Hazaël-Massieux, Marie-Christine},
	publisher = {Éditions Publibook Université},
	sortname = {Hazael-Massieux, Marie-Christine},
	title = {Textes anciens en créole français de la {C}araïbe. {{Histoire}} et analyse},
	year = {2008}
}

@book{Hazaël-Massieux1996,
	address = {Aix-en Provence},
	author = {Hazaël-Massieux, Guy},
	publisher = {Publications de l’Université de Provence},
	sortname = {Hazael-Massieux, Guy},
	title = {Les créoles. {P}roblèmes de genèse et de description},
	year = {1996}
}

@book{Hackert2004,
	address = {Amsterdam/Philadelphia},
	author = {Hackert, Stephanie},
	publisher = {John Benjamins},
	title = {Urban {B}ahamian {C}reole: {S}ystem and variation},
	year = {2004}
}

@book{GrunbergGrunberg2013,
	address = {Paris},
	booktitle = {Voyageurs Anonymes aux Antilles},
	editor = {Grunberg, Bernard, Benoît Roux and Josiane Grunberg},
	publisher = {L’Harmattan},
	sortname = {Grunberg, Bernard, Benoit Roux and Josiane Grunberg},
	title = {Voyageurs Anonymes aux Antilles},
	year = {2013}
}

@book{Grandade1978,
	address = {Madrid},
	author = {de Granda, Germán},
	publisher = {Gredos},
	sortname = {de Granda, German},
	title = {Estudios lingüísticos afrohispánicos y criollos},
	year = {1978}
}

@book{Gordon2015,
	address = {The African Supplement},
	author = {Gordon, Sarah Barringer},
	publisher = {Faculty Scholarship Paper 1575},
	title = {Religion, race, and corporate law in early national America},
	url = {http://scholarship.law.upenn.edu/faculty_scholarship/1575},
	year = {2015}
}

@book{Goodman1964,
	address = {The Hague},
	author = {Goodman, Morris F.},
	publisher = {Mouton},
	title = {A Comparative Study of {{Creole} {French}} Dialects},
	year = {1964}
}

@book{Goilo2000,
	address = {Oranjestad, Aruba},
	author = {Goilo, Enrique R.},
	publisher = {De Wit Stores N. V.},
	title = {{Papiamentu} textbook},
	year = {2000}
}

@book{Godbout1987,
	address = {Santo Domingo},
	author = {Godbout, Santiago},
	publisher = {Amigo del Hogar},
	title = {Historia parroquial de {{Santa}} {{Barbara}} de {{Samaná}}},
	year = {1987}
}

@book{Geeslin2013,
	address = {Hoboken, NJ},
	author = {Geeslin, Kimberly},
	publisher = {Wiley-Blackwell},
	title = {{The Handbook of {Spanish} Second Language Acquisition}},
	year = {2013}
}

@book{Feagin1979,
	address = {Washington},
	author = {Feagin, Crawford},
	publisher = {Georgetown University Press},
	title = {Variation and change in {{Alabama}} {{English}}: {{A}} sociolinguistic study of the White community},
	year = {1979}
}

@book{Fanning2015,
	address = {New York},
	author = {Fanning, Sara},
	publisher = {NYU Press},
	title = {{{Caribbean}} crossing: {{A}}frican {A}mericans and the {{Haitian}} emigration movement},
	year = {2015}
}

@book{Escalona1883,
	address = {San Juan},
	author = {Escalona, Rafael E.},
	publisher = {Imprenta de Carlos González Font},
	title = {Flor de una noche},
	year = {1883}
}

@book{Escalante2010,
	address = {Manila},
	author = {Escalante, Enrique R.},
	publisher = {Baby Dragon Printing},
	title = {Learning {{Chabacano}}: {{A}} handbook},
	year = {2010}
}

@book{English2010,
	address = {Mandaluyong City},
	author = {English, Leo James},
	publisher = {Cacho Hermanos, Inc},
	title = {{{Tagalog}}-{{English}} dictionary},
	year = {2010}
}

@book{English2008,
	address = {Mandaluyong City},
	author = {English, Leo James},
	publisher = {Cacho Hermanos, Inc},
	title = {{{English}}-{{Tagalog}} dictionary},
	year = {2008}
}

@book{Ellis1994,
	address = {Oxford},
	author = {Ellis, Rod},
	publisher = {Oxford University Press},
	title = {The study of second language acquisition},
	year = {1994}
}

@book{EdwardsWinford1991,
	address = {Detroit},
	booktitle = {Verb phrase patterns in Black {{English}} and {{Creole}}},
	editor = {Edwards, Walter and Winford, Donald},
	keywords = {Winford},
	publisher = {Wayne State University Press},
	title = {Verb phrase patterns in {B}lack {{English}} and {{Creole}}},
	year = {1991}
}

@book{Duany2000,
	address = {New York City, NY},
	author = {Duany, Andres and Plater-Zyberk, Elizabeth and Speck, Jeff},
	publisher = {North Point Press},
	title = {Suburban Nation},
	year = {2000}
}

@book{DuTertre1667,
	address = {Paris},
	author = {Du Tertre, Jean-Baptiste},
	publisher = {Thomas Iolly},
	title = {{Histoire} générale des {A}ntilles habitées par les {François}. {Tome} {II}. {Contenant} l'histoire naturelle, enrichy de cartes \& de figures. {Par} le {R.P.} dv {Tertre}, de l'ordre des {FF}. {Prescheurs}, de la congregation de {S}. {Louis}, missionnaire apostolique dans les {Antilles}},
	year = {1667}
}


@book{Dorsey2003,
	address = {Gainesville},
	author = {Dorsey, James C.},
	publisher = {University Press of Florida},
	title = {{Slave} Traffic in the Age of Abolition: {P}uerto {R}ico, {W}est {A}frica, and the Non-{Hispanic} {C}aribbean, 1815-1859},
	year = {2003}
}

@misc{Dorman2009,
	publisher = {Preservation Alliance},
	author = {Dorman, Dana},
	title = {Philadelphia’s {African American} heritage: {A} brief historic context statement for the {Preservation Alliance}’s inventory of {African American} historic sites},
	address = {Philadelphia, PA},
	url = {http://www.preservationalliance.com/wp-content/uploads/2014/09/HCSAfricanAmericanHeritage.pdf},
	year = {2009}
}

@book{Dietz2018,
	address = {Princeton, NJ},
	author = {Dietz, James L.},
	publisher = {Princeton University Press},
	title = {{Economic History of {Puerto Rico}}},
	year = {2018}
}

@book{Derkes1883,
	address = {Ponce, PR},
	author = {Derkes, Eleuterio},
	publisher = {Imprenta de Morel},
	title = {Tío {F}ele: {{C}}omedia en un acto},
	year = {1883}
}

@book{DeBotSchrauf2009,
	address = {New York},
	author = {de Bot, Kees and Schrauf, Robert},
	publisher = {Routledge},
	title = {Language {D}evelopment over the {L}ifespan},
	year = {2009}
}

@book{Dahl1985,
	address = {Oxford},
	author = {Dahl, Östen},
	publisher = {Basil Blackwell},
	sortname = {Dahl, Osten},
	title = {Tense and aspect systems},
	year = {1985}
}

@book{Cushner1980,
	address = {Albany},
	author = {Cushner, Nicholas},
	publisher = {University of New York Press},
	title = {Lords of the Land: {S}ugar, Wine, and the {J}esuit Estates of Coastal {P}eru},
	year = {1980}
}

@book{Curtin1969,
	address = {Madison},
	author = {Curtin, Phillip},
	publisher = {University of Wisconsin Press},
	title = {The {{Atlantic}} {{Slave}} Trade: {A} {C}ensus},
	year = {1969}
}

@book{Curry1986,
	address = {Chicago},
	author = {Curry, Leonard P.},
	publisher = {University of Chicago Press},
	title = {The free black in urban {{America}}, 1800-1859: {{T}}he shadow of the dream},
	year = {1986}
}

@book{Cook2016,
	address = {London/New York},
	author = {Cook, Vivian},
	edition = {5th ed.},
	publisher = {Routledge},
	title = {Second language learning and language teaching},
	year = {2016}
}

@book{Cook2003,
	address = {Clevedon},
	author = {Cook, Vivian},
	publisher = {Multilingual Matters},
	title = {Effects of the second language on the first},
	year = {2003}
}

@book{Comrie1976,
	address = {Cambridge},
	author = {Comrie, Bernard},
	publisher = {Cambridge University Press},
	title = {Aspect: {A}n introduction to the study of verbal aspect and related problems},
	year = {1976}
}

@book{Coelho1881,
	address = {Lisbon},
	author = {Coelho, Adolpho F.},
	publisher = {Casa da Socieade de Geografia},
	title = {Os dialectos romanicos ou neo-latinos na {África, Ásia e América} ({B}oletim do Sociedade de Geographia de {L}isboa 2 ser. {{N}}°. 3)},
	year = {1881}
}

@book{Clements2009,
	address = {Cambridge},
	author = {Clements, J. Clancy},
	publisher = {Cambridge University Press},
	title = {The legacy of {{Spanish}} and {{Portuguese}}: {Colonial} expansion and language change},
	year = {2009}
}

@book{Clements1996,
	address = {Amsterdam},
	author = {Clements, J. Clancy},
	publisher = {Benjamins},
	title = {The genesis of a language: {T}he formation and development of {Korlai {Portuguese}}},
	year = {1996}
}

@book{Chevillard1659,
	address = {Rennes},
	author = {Chevillard, R. P. André},
	publisher = {Jean Durand},
	sortname = {Chevillard, R. P. Andre},
	title = {Les desseins de son Eminence de {R}ichelieu pour l’{A}mérique},
	year = {1659}
}

@book{Chaudenson1992,
	address = {Paris},
	author = {Chaudenson, Robert},
	publisher = {L’Harmattan},
	title = {Des iles, des homes, des langues},
	year = {1992}
}

@book{Cardoso2009,
	address = {Amsterdam},
	author = {Cardoso, Hugo C.},
	publisher = {Landelijke Onderzoekschool Taalwetenschap},
	title = {The {Indo-Portuguese} language of {D}iu},
	year = {2009}
}


@book{Caballero1852,
	address = {San Juan, PR},
	author = {Caballero, Ramón},
	note = {Reprinted[2015]},
	publisher = {Instituto de Literatura Puertorriqueña},
	sortname = {Caballero, Ramon},
	title = {{La} juega de gallos o el negro bozal},
	year = {1852}
}

@book{BybeePagliuca1994,
	address = {Chicago},
	author = {Bybee, Joan L. and Revere D. Perkins and William Pagliuca},
	publisher = {University of Chicago Press},
	title = {The evolution of grammar: {T}ense, aspect, and modality in the languages of the world},
	year = {1994}
}

@Book{Bybee1985,
  author    = {Bybee, Joan},
  title     = {Morphology},
  publisher = {John Benjamins},
  address   = {Amsterdam \& Philadelphia},
  year      = {1985},
}

@book{Brockington2006,
	address = {Lincoln},
	author = {Brockington, Lolita},
	publisher = {University of Nebraska Press},
	title = {Blacks, {Indians}, and {S}paniards in the {Eastern} {A}ndes},
	year = {2006}
}

@book{Bouton1640,
	address = {Paris},
	author = {Bouton, Jacques},
	publisher = {Cramoisy},
	title = {Relation de l‘Establissement des Français depuis l’An de 1635 en l’{{Isle}} de Martinique},
	year = {1640}
}

@misc{BoersmaWeenink2020,
	note = {(Version 6.1.35). Available online},
	author = {Boersma, Paul and Weenink, David},
	title = {{{PRAAT}}: {{D}}oing phonetics by computer. [Computer   program]},
	url = {http://www.praat.org/},
	year = {2020}
}

@book{Bloomfield1933,
	address = {New York},
	author = {Bloomfield, Leonard},
	publisher = {Henry Holt and Co},
	title = {Language},
	year = {1933}
}

@book{Blanco1948,
	address = {New York},
	author = {Blanco, Tomás},
	publisher = {Arno Press},
	sortname = {Blanco, Tomas},
	title = {El prejuicio racial en {P}uerto {R}ico},
	year = {1948}
}

@book{Bickerton1981,
	address = {Ann Arbor, MI},
	author = {Bickerton, Derek},
	note = {Reprinted 2016, Language Science Press},
	publisher = {Karoma},
	title = {Roots of Language},
	year = {1981}
}

@book{Bhat1999,
	address = {Amsterdam/Philadelphia},
	author = {Bhat, D. N. Shankara},
	publisher = {John Benjamins},
	title = {The {P}rominence of tense, aspect and mood},
	year = {1999}
}

@book{Berlin1998,
	address = {Cambridge, MA},
	author = {Berlin, Ira},
	publisher = {Harvard University Press},
	title = {Many Thousands Gone},
	year = {1998}
}

@book{Batalha1974,
	address = {Macau},
	author = {Batalha, Graciete Nogueira},
	publisher = {Imprensa Nacional de Macau},
	title = {Língua de {Macau}},
	year = {1974}
}

@book{Baralt1981,
	address = {Río Piedras},
	author = {Baralt, Guillermo},
	publisher = {Ediciones Huracán},
	title = {Esclavos rebeldes: {C}onspiraciones y sublevaciones de esclavos en {P}uerto {R}ico, 1795-1873},
	year = {1981}
}

@InCollection{Bakker2008,
	address = {Oxford},
	author = {Bakker, Peter},
	booktitle = {Handbook of {Pidgin} and {Creole} Studies},
	editor = {Kouwenberg,Silvia and John Singler},
	pages = {130--157},
	publisher = {Wiley-Blackwell},
	title = {{{Pidgins}} versus {Creoles} and Pidgincreoles},
	year = {2008}
}

@book{BakerBruyn1999,
	address = {London},
	booktitle = {{St. {{K}}itts} and the {A}tlantic {C}reoles: {The Texts of {Samuel} Augustus Matthews} in perspective},
	editor = {Baker, Philip and Adrienne Bruyn},
	publisher = {Battlebridge},
	title = {{St. {{K}}itts} and the {A}tlantic {C}reoles: {The Texts of {Samuel} Augustus Matthews} in perspective},
	year = {1999}
}

@book{Bailey1973,
	address = {Washington DC},
	author = {Bailey, Charles-James N.},
	publisher = {Center for Applied Linguistics},
	title = {Variation and Linguistic Theory},
	year = {1973}
}

@book{Bailey1966,
	address = {Cambridge},
	author = {Bailey, Beryl},
	publisher = {Cambridge University Press},
	title = {{Jamaican} {C}reole syntax},
	year = {1966}
}

@book{BaderWymann1994,
	address = {Bern},
	author = {Bader, Thomas and Iwar Werlen and Adrian Wymann},
	publisher = {Universität Bern Institut für Sprachwissenschaft},
	title = {Towards a typology of modality: {{T}}he encoding of modal attitudes in {{Korean}}, {{Japanese}}, and {{Tagalog}}},
	year = {1994}
}

@book{Andrés-Gallego2005,
	address = {Madrid},
	author = {Andrés-Gallego, José},
	publisher = {Ediciones Encuentro},
	sortname = {Andres-Gallego, Jose},
	title = {{La} esclavitud en la {A}mérica española},
	year = {2005}
}

@book{AlvarezNazario1974,
	address = {San Juan},
	author = {Álvarez-Nazario, Manuel},
	publisher = {Instituto de Cultura Puertorriqueña},
	sortname = {Alvarez-Nazario, Manuel},
	title = {El elemento afronegroide en el español de {P}uerto {R}ico},
	year = {1974}
}

@book{Alvar1996,
	address = {Barcelona},
	author = {Alvar, Manuel},
	publisher = {Ariel},
	title = {Manual de dialectología hispánica},
	year = {1996}
}

@book{Alis_advencha2016,
	address = {Portlaoise, Ireland},
	author = {Carroll, Lewis},
	note = {Translated by {Tamirand De Lisser}},
	publisher = {Evertype},
	title = {Alis {A}dvencha ina {W}andalan: {A}lice's {A}dventures in {W}onderland in {J}amaican {C}reole},
	year = {2016}
}

@article{winford2005contact,
	author = {Winford, Donald},
	keywords = {Winford},
	journal = {Diachronica},
	number = {2},
	pages = {373--427},
	publisher = {John Benjamins},
	title = {Contact-induced changes: {{C}}lassification and processes},
	volume = {22},
	year = {2005}
}

@article{winford1985_diglossia,
	author = {Winford, Donald},
	keywords = {Winford},
	journal = {Language in Society},
	pages = {345--356},
	title = {The concept of ‘diglossia' in {C}aribbean creole situations},
	volume = {14},
	year = {1985}
}

@article{winford1976teacher,
	author = {Winford, Donald},
	keywords = {Winford},
	journal = {International {J}ournal of the Sociology of Language},
	pages = {45--75},
	title = {Teacher attitudes toward language varieties in a {C}reole community},
	volume = {8},
	year = {1976}
}

@article{winford1975,
	author = {Winford, Donald},
	keywords = {Winford},
	journal = {Caribbean Studies},
	number = {3},
	pages = {31--56},
	title = {“{Creole}" Culture and Language in {{Trinidad}}: {A} Socio-Historical Sketch},
	volume = {15},
	year = {1975}
}

@article{winer_rimmer1994,
	author = {Winer, Lise and Rimmer, Mary},
	journal = {English World-Wide},
	number = {2},
	pages = {225--248},
	title = {Language varieties in early {T}rinidadian novels, 1838-1907},
	volume = {15},
	year = {1994}
}

@article{winer_gilbert1987,
	author = {Winer, Lise and Gilbert, Glenn},
	journal = {English World-Wide},
	number = {2},
	pages = {235--262},
	title = {A 19th century report on the {{E}}nglish {C}reole of {T}obago: {T}he {Uh-Schuchardt}  correspondence},
	volume = {8},
	year = {1987}
}

@article{winer1997six,
	author = {Winer, Lise},
	booktitle = {Six vernacular texts from {T}rinidad, 1839-1851},
	editor = {Edgar Schneider},
	journal = {Englishes around the World: {C}aribbean, {A}frica, {A}sia, {A}ustralia: {S}tudies in honor of {Manfred Görlach}},
	pages = {69--83},
	title = {Six vernacular texts from {T}rinidad, 1839-1851},
	volume = {2},
	year = {1997}
}

@article{winer1995penny,
	author = {Winer, Lise},
	journal = {Journal of Pidgin and Creole Languages},
	note = {[Revised version and complete texts lodged with {dLOC}, the {Digital Library of the Caribbean, University of Gainesville, Florida} {USA}]},
	number = {1},
	pages = {127--155},
	title = {Penny Cuts: {D}ifferentiation of creole varieties in {T}rinidad, 1904-1906},
	volume = {10},
	year = {1995}
}

@article{winer1991new,
	author = {Winer, Lise},
	issue = {1},
	journal = {Carrier Pidgin},
	pages = {5--6},
	title = {New sources for old data},
	volume = {9},
	year = {1991}
}

@book{wetmore1959low,
	address = {Tuscaloosa, AL},
	author = {Wetmore, Thomas Hall},
	series = {Publication of the American Dialect Society},
	number = {32},
	publisher = {University of Alabama Press},
	title = {The low-central and low-back vowels in the {{English}} of the {{Eastern} {United States}}},
	year = {1959}
}

@article{westphal2015attitudes,
	author = {Westphal, Michael},
	journal = {Journal of {E}nglish {L}inguistics},
	number = {4},
	pages = {311--333},
	title = {Attitudes toward accents of standard {{E}}nglish in {J}amaican radio newscasting},
	volume = {43},
	year = {2015}
}

@article{vanderAuweraPlungian1998,
	author = {{van der Auwera}, Johan and Vladimir A. Plungian},
	journal = {Linguistic Typology},
	number = {1},
	pages = {79–-124},
	title = {Modality’s semantic map},
	volume = {2},
	year = {1998}
}

@article{sturiale2016,
	author = {Sturiale, Massimo},
	journal = {Language and {H}istory},
	number = {1},
	pages = {37--47},
	title = {{'[Sir, ]} {W}ho is the {{E}}nglish {A}uthority on {P}ronunciation?': {A}ccent and {N}ormative {A}ttitude in {T}he {T}imes (1785-1922)},
	volume = {59},
	year = {2016}
}

@article{roeder2010canadian,
	author = {Roeder, Rebecca and Jarmasz, Lidia-Gabriela},
	journal = {The Canadian Journal of Linguistics/La revue {C}anadienne de linguistique},
	number = {3},
	pages = {387--404},
	publisher = {Cambridge University Press},
	title = {The {{Canadian}} Shift in {{Toronto}}},
	volume = {55},
	year = {2010}
}

@InCollection{rickford1983standard,
  author  = {Rickford, John},
  title   = {{Standard} and nonstandard attitudes in a {Creole} community},
  pages   = {145--160},
  number  = {16},
  address = {Mona, Jamaica},
	publisher = {UWI},
  booktitle = {Society for Caribbean Linguistics Occasional paper},
  year    = {1983},
}

@article{podesva2015country,
	author = {Podesva, Robert J and D'Onofrio, Annette and Van Hofwegen, Janneke and Kim, Seung Kyung},
	journal = {Language Variation and Change},
	number = {2},
	pages = {157},
	publisher = {Cambridge University Press},
	sortname = {Podesva, Robert J and D'Onofrio, Annette and Van Hofwegen, Janneke and Kim, Seung Kyung},
	title = {Country ideology and the {{California}} vowel shift},
	volume = {27},
	year = {2015}
}

@article{oenbring_fielding2014,
	author = {Oenbring, Raymond and Fielding, William},
	journal = {Language, Discourse \& Society},
	number = {1},
	pages = {28--51},
	title = {Young adults’ attitudes to standard and nonstandard {{English}} in an {{English}}-{Creole} speaking country: {{T}}he case of the {Bahamas}},
	volume = {3},
	year = {2014}
}

@article{mühleisen2001bad,
	author = {Mühleisen, Susanne},
	journal = {Philologie im {N}etz},
	pages = {43--78},
	sortname = {Muhleisen, Susanne},
	title = {Is 'bad {{{E}}}nglish' dying out? {A} diachronic comparative study of attitudes towards {C}reole versus {S}tandard {{{E}}}nglish in {T}rinidad},
	volume = {15},
	year = {2001}
}

@article{mühleisen1999konkur,
	author = {Mühleisen, Susanne},
	journal = {Philologie im {N}etz},
	pages = {16--26},
	sortname = {Muhleisen, Susanne},
	title = {Konkurrierende {O}rthographien. {K}odifizierte {S}ichtweisen auf ‚{A}bstand' und ‚{A}usbau' von {{E}}nglish-orientierten {K}reolsprachen},
	volume = {10},
	year = {1999}
}

@article{morrison_love1996,
	author = {Morrison, Andrew and Love, Alison},
	journal = {Discourse and {S}ociety},
	number = {1},
	pages = {39--75},
	title = {A discourse of disillusionment: {L}etters to the editor in two {Z}imbabwean magazines 10 years after independence},
	volume = {7},
	year = {1996}
}

@article{morren_morren2007,
	author = {Morren, Ronald C. and Morren, Diane M.},
	journal = {SIL Working papers},
	title = {Are the goals and objectives of {{Jamaica}'s Bilingual Education Project} being met?},
	year = {2007},
	issue = {Article 009},
}

@article{meer2019trinidadian,
	author = {Meer, Philipp and Westphal, Michael and Hänsel, Eva C. and Deuber, Dagmar},
	journal = {Journal of {P}idgin and {C}reole {L}anguages},
	number = {1},
	pages = {83--125},
	sortname = {Meer, Philipp and Westphal, Michael and Hansel, Eva C. and Deuber, Dagmar},
	title = {Trinidadian secondary school students' attitudes toward accents of {S}tandard {{E}}nglish},
	volume = {34},
	year = {2019}
}

@article{laurence1974caribbean,
	author = {Laurence, Kemlin},
	journal = {Orbis},
	pages = {484--499},
	title = {{Is {Caribbean} {Spanish} a Case of Decreolization?}},
	volume = {23},
	year = {1974},
}

@article{kennedy2012chain,
	author = {Kennedy, Robert and Grama, James},
	journal = {American Speech},
	number = {1},
	pages = {39--56},
	publisher = {Duke University Press},
	title = {Chain shifting and centralization in {C}alifornia vowels: {{A}}n acoustic analysis},
	volume = {87},
	year = {2012}
}

@article{fridland2003network,
	author = {Fridland, Valerie},
	journal = {American Speech},
	number = {1},
	pages = {3--30},
	publisher = {Duke University Press},
	title = {Network strength and the realization of the {Southern} Vowel Shift among {African Americans} in {M}emphis, {T}ennessee},
	volume = {78},
	year = {2003}
}

@book{fishbein1975belief,
	address = {Reading, MA},
	author = {Fishbein, Martin and Ajzen, Icek},
	publisher = {Addison-Wesley},
	title = {Belief, {A}ttitude, {I}ntention and {B}ehaviour: {A}n Introduction to Theory and Research},
	year = {1975}
}

@misc{devonish2018end,
	author = {Devonish, Hubert},
	date = {2018-10-28},
	journal = {The {G}leaner},
	title = {End {{Jamaican}} language apartheid},
	year = {2018}
}

@misc{devonish2016end,
	author = {Devonish, Hubert},
	journal = {The {G}leaner},
	date = {2016-03-06},
	title = {End prejudice against {P}atois},
	year = {2016}
}

@misc{devonish2012stop,
	author = {Devonish, Hubert},
	journal = {The {G}leaner},
	date = {2012-08-12},
	title = {Stop demonizing {P}atois - from a semi-lingual to a bilingual {J}amaica},
	year = {2012}
}

@misc{devonish2002language,
	author = {Devonish, Hubert},
	journal = {The {G}leaner},
	note = {January 13 and January 27, 2002},
	title = {Language rights, justice and the constitution},
	year = {2002}
}

@article{deuber2013towards,
	author = {Deuber, Dagmar},
	journal = {Language, {C}ulture and {C}urriculum},
	number = {2},
	pages = {109--127},
	title = {Towards endonormative standards of {{E}}nglish in the {C}aribbean: {A} study of students' beliefs and school curricula},
	volume = {26},
	year = {2013}
}

@article{deuber2013investigating,
	author = {Deuber, Dagmar and Leung, Glenda},
	journal = {Multilingua},
	number = {2},
	pages = {109--127},
	title = {Investigating attitudes towards an emerging standard of {{{E}}}nglish: {{{E}}}valuations of newscasters' accents in {T}rinidad},
	volume = {32},
	year = {2013}
}

@article{delaFuente2004,
	author = {de la Fuente, Alejandro},
	journal = {Law and History Review},
	number = {2},
	pages = {339--369},
	title = {{Slave} Law and Claims-Making in {C}uba: {T}he {T}annenbaum Debate Revisited},
	volume = {22},
	year = {2004}
}

@article{childscarpenter2010,
	author = {Childs, Becky and Mallinson, Christine and Carpenter, Jeannine},
	journal = {Publication of the American Dialect Society},
	number = {1},
	pages = {23--47},
	publisher = {Duke University Press},
	title = {Vowel phonology and ethnicity in {North Carolina}},
	volume = {94},
	year = {2010}
}

@article{burridge2010linguistic,
	author = {Burridge, Kate},
	number = {2},
	pages = {3--13},
	title = {Linguistic cleanliness is next to godliness: {T}aboo and purism},
	journal = {{English} {T}oday},
	volume = {26},
	year = {2010}
}

@article{boberg2005canadian,
	author = {Boberg, Charles},
	journal = {Language variation and change},
	number = {2},
	pages = {133--154},
	publisher = {Cambridge University Press},
	title = {The {{Canadian}} shift in {Montreal}},
	volume = {17},
	year = {2005}
}

@article{bigham2010correlation,
	author = {Bigham, Douglas S},
	journal = {University of Pennsylvania Working Papers in Linguistics},
	number = {2},
	pages = {21--31},
	title = {Correlation of the low-back vowel merger and {TRAP}-retraction},
	volume = {15},
	year = {2010}
}

@article{belgrave2008attitudes,
	author = {Belgrave, Korah},
	journal = {La {T}orre: {R}evista de la {U}niversidad de {Puerto Rico}},
	number = {49--50},
	pages = {429--444},
	title = {Attitudes of {B}arbadians to {B}ritish, {A}merican and {B}arbadian accents},
	volume = {13},
	year = {2008}
}

@article{bakker2001,
	author = {Bakker, Peter},
	journal = {Te {R}eo},
	pages = {31--50},
	title = {{No} creolisation without prior pidginisation},
	volume = {44},
	year = {2001}
}

@incollection{atwood1951some,
	author = {Atwood, E Bagby},
	booktitle = {English Studies in Honor of {James Southall Wilson}},
	editor = {Fredson Bowers},
	pages = {111--24},
	title = {Some {{E}}astern {V}irginia pronunciation features},
	year = {1951}
}

@article{andres2009african,
	author = {Andres, Claire and Votta, Rachel},
	journal = {Publication of the American Dialect Society},
	number = {1},
	pages = {75--98},
	publisher = {Duke University Press},
	title = {{African} {American} vernacular {{E}}nglish: {V}owel phonology in a {{Georgia}} community},
	volume = {93},
	year = {2010}
}

@article{anderson2002dialect,
	author = {Anderson, Bridget L},
	journal = {Journal of Sociolinguistics},
	number = {1},
	pages = {86--98},
	publisher = {Wiley Online Library},
	title = {Dialect leveling and /ai/monophthongization among {A}frican {A}merican {D}etroiters},
	volume = {6},
	year = {2002}
}

@InCollection{alvarez_obediente1998,
  author    = {Álvarez, Alexandra and Obediente, Enrique},
  booktitle = {El español caribeño: {{A}}ntecedentes sociohistóricos y lingüísticos},
  title     = {El español caribeño: {{A}}ntecedentes sociohistóricos y lingüísticos},
  editor    = {Perl, Matthias and Schwegler, Armin},
  pages     = {40--61},
  publisher = {Iberoamericana},
  address   = {Madrid},
  journal   = {América negra},
  sortname  = {Alvarez, Alexandra and Obediente, Enrique},
  year      = {1998},
}

@article{YangHuang2004,
	author = {Yang, Suying and Huang, Yue Yuan},
	journal = {{I}nternational {R}eview of {A}pplied {L}inguistics in {L}anguage {T}eaching},
	pages = {49--70},
	title = {The impact of the absence of grammatical tense in {L}1 on the acquisition of the tense-aspect system in {L2}},
	volume = {42},
	year = {2004}
}


@article{Winford2018,
	author = {Winford, Donald},
	keywords = {Winford},
	journal = {Annual Review of Linguistics},
	number = {1},
	pages = {193--212},
	title = {{{Creole}} Tense-Mood-Aspect Systems},
	volume = {4},
	year = {2018}
}

@article{Winford2013_unified,
	author = {Winford, Donald},
	keywords = {Winford},
	journal = {Bilingualism: Language and Cognition},
	number = {4},
	pages = {734--736},
	title = {In search of a unified model of language contact},
	volume = {16},
	year = {2013}
}

@article{Winford2008_processes,
	author = {Winford, Donald},
	keywords = {Winford},
	journal = {Journal of Language Contact},
	number = {1},
	pages = {124--145},
	title = {Processes of creolization and related contact-induced change},
	volume = {1},
	year = {2008}
}

@article{Winford2007_framing,
	author = {Winford, Donald},
	keywords = {Winford},
	journal = {Journal of Language Contact. {Thema}: Language Contact: Framing its Theories and Descriptions},
	number = {1},
	pages = {22--40},
	title = {Some issues in the study of language contact},
	volume = {1},
	year = {2007},
	doi = {10.1163/000000007792548288},
}

@article{Winford2007_amazonia,
	author = {Winford, Donald},
	keywords = {Winford},
	journal = {Language},
	note = {Review article},
	number = {2},
	pages = {401--421},
	title = {Language contact in {A}mazonia and {A}ustralia, and: {D}ynamics of language contact: {{E}}nglish and immigrant languages},
	volume = {83},
	year = {2007}
}

@article{Winford2003_osuworkingpapers,
	author = {Winford, Donald},
	keywords = {Winford},
	journal = {OSU Working Papers},
	pages = {129--150},
	title = {Contact-Induced Changes: {C}lassification and Processes},
	volume = {57},
	year = {2003}
}

@article{Winford2000_irrealis,
	author = {Winford, Donald},
	keywords = {Winford},
	journal = {Journal of Pidgin and Creole Languages},
	number = {1},
	pages = {63--125},
	title = {Irrealis in {{Sranan}}: {{M}}ood and modality in a radical creole},
	volume = {15},
	year = {2000}
}

@article{Winford2000_classification,
	author = {Winford, Donald},
	keywords = {Winford},
	journal = {Diachronica},
	number = {1},
	pages = {139--158},
	title = {Language contact: {{I}}ssues of classification and types of process},
	volume = {17},
	year = {2000}
}


@article{Winford1999_cuadernos,
	author = {Winford, Donald},
	keywords = {Winford},
	journal = {Cuadernos de Filología Inglesa},
	pages = {219--237},
	title = {Variation Theory: {{A}} view from creole continua},
	volume = {8},
	year = {1999}
}

@InCollection{Winford1999_anglistica,
	author = {Winford, Donald},
	keywords = {Winford},
%	journal = {Anglistica},
	booktitle = {English and the Other. {Special} issue of {Anglistica}},
	editor = {Marie-Hélène Laforest and Jocelyne Vincent},
	number = {1},
	pages = {201--217},
	title = {The other {{Englishes}}: {A} contact Linguistics perspective},
	volume = {3},
	year = {1999},
	publisher = {Dipartimento di Studi Linguistici e Letterari dell'Occidente, Istituto Universitario Orientale},
	address= {Napoli}
}

@article{Winford1998originsfeatures,
	author = {Winford, Donald},
	keywords = {Winford},
	journal = {Diachronica},
	number = {1},
	pages = {99--154},
	title = {On the origins of {{African}} {{American}} {V}ernacular {{English}}— {{A}} creolist perspective. {Part {II}}: {L}inguistic Features},
	volume = {XV},
	year = {1998}
}

@article{Winford1997re-exam,
	author = {Winford, Donald},
	keywords = {Winford},
	journal = {World {E}nglishes},
	number = {2},
	pages = {233--79},
	title = {Re-examining {C}aribbean {{E}}nglish {C}reole {C}ontinua},
	volume = {16},
	year = {1997}
}

@article{Winford1997originssocio,
	author = {Winford, Donald},
	keywords = {Winford},
	journal = {Diachronica},
	number = {2},
	pages = {305--44},
	title = {On the origins of {{African}} {{American}} {V}ernacular {{English}}— {A} creolist perspective. {Part I}: {T}he sociohistorical background},
	volume = {XIV},
	year = {1997}
}

@article{Winford1997_sociolinguistics,
	author = {Winford, Donald},
	keywords = {Winford},
	journal = {Journal of Pidgin and Creole Languages},
	number = {2},
	pages = {303--318},
	title = {{{Creole}} studies and sociolinguistics: {{G}}uest Column},
	volume = {12},
	year = {1997}
}

@article{Winford1997_formation,
	author = {Winford, Donald},
	keywords = {Winford},
	journal = {Journal of Pidgin and Creole Languages},
	number = {1},
	pages = {71--84},
	title = {{{Creole}} formation in the context of contact linguistics: {{G}}uest Column},
	volume = {12},
	year = {1997}
}

@article{Winford1996_typology,
	author = {Winford, Donald},
	keywords = {Winford},
	journal = {Journal of Pidgin and Creole Languages},
	number = {2},
	pages = {313--328},
	title = {{{Creole}} Typology and relationships: {{G}}uest Column},
	volume = {11},
	year = {1996}
}

@article{Winford1996_commonground,
	author = {Winford, Donald},
	keywords = {Winford},
	journal = {Journal of Pidgin and Creole Languages},
	number = {1},
	pages = {71--84},
	title = {Common Ground and {{Creole}} {{TMA}}: {{G}}uest Column},
	volume = {11},
	year = {1996}
}

@article{Winford1993,
	author = {Winford, Donald},
	keywords = {Winford},
	journal = {Language Variation and Change},
	number = {3},
	pages = {141--187},
	title = {Variability in the use of Perfect have in {Trinidadian} {{English}}: {{A}} problem of categorial and semantic mismatch},
	volume = {5},
	year = {1993}
}

@article{Winford1992back,
	author = {Winford, Donald},
	keywords = {Winford},
	journal = {Language Variation and Change},
	number = {3},
	pages = {311--57},
	title = {Back to the past: {{T}}he {{BEV}}/{{Creole}} connection revisited},
	volume = {4},
	year = {1992}
}

@article{Winford1992anotherlook,
	author = {Winford, Donald},
	keywords = {Winford},
	journal = {American Speech},
	number = {1},
	pages = {21--60},
	title = {Another look at the copula in {B}lack {{English}} and {{Caribbean}} {{Creoles}}},
	volume = {67},
	year = {1992}
}

@article{Winford1990copula,
	author = {Winford, Donald},
	keywords = {Winford},
	journal = {Journal of Pidgin and Creole Languages},
	number = {2},
	pages = {223--252},
	title = {Copula variability, accountability, and the concept of ‘polylectal’ grammars},
	volume = {5},
	year = {1990}
}

@article{Winford1988_stativity,
	author = {Winford, Donald},
	keywords = {Winford},
	journal = {Lingua},
	pages = {271--297},
	title = {Stativity and other Aspects of the {{Creole}} Passive},
	volume = {76},
	year = {1988}
}

@InCollection{Winford1988_notion,
	author = {Winford, Donald},
	keywords = {Winford},
	journal = {International {J}ournal of the Sociology of Language. {Theme} issue: Sociolinguistics and {Pidgin-Creole} Studies},
	%editor = {John Rickford},
	pages = {91--106},
	title = {The {{Creole}} Continuum and the Notion of the community as a Locus of Language},
	volume = {71},
	year = {1988},
	doi = {10.1515/ijsl.1988.71.91}
}


@article{Winford1985,
	author = {Winford, Donald},
	keywords = {Winford},
	journal = {Language},
	number = {3},
	pages = {588--624},
	title = {The Syntax of \textit{fi} Complements in {{Caribbean}} {{English}} {{Creole}}},
	volume = {61},
	year = {1985}
}


@article{Winford1984,
	author = {Winford, Donald},
	keywords = {Winford},
	journal = {Lingua},
	pages = {267--288},
	title = {The Linguistic Variable and Syntactic Variation in {{Creole}} Continua},
	volume = {62},
	year = {1984}
}

@article{Winford1980culture,
	author = {Winford, Donald},
	keywords = {Winford},
	journal = {Caribbean Studies},
	number = {3},
	pages = {31--56},
	title = {{{Creole}} Culture and Language in {{Trinidad}} – a socio-historical sketch},
	volume = {15},
	year = {1980}
}

@article{Winford1978hypercorrection,
	author = {Winford, Donald},
	keywords = {Winford},
	journal = {Journal of Linguistics},
	pages = {277--291},
	title = {Phonological Hypercorrection in the Process of decreolisation – the case of {T}rinidadian {{English}}},
	volume = {14},
	number = {2},
	year = {1978}
}


@article{Winford1974diff,
	author = {Winford, Donald},
	keywords = {Winford},
	journal = {Caribbean Issues},
	number = {3},
	pages = {1--16},
	title = {Aspects of the social differentiation of language in {{Trinidad}}},
	volume = {1},
	year = {1974}
}

@article{Weldon2003revisiting,
	author = {Weldon, Tracey},
	journal = {American Speech},
	number = {2},
	pages = {171--191},
	title = {Revisiting the Creolist Hypothesis: {C}opula variability in {{Gullah}} and {{Southern}} Rural {{AAVE}}},
	volume = {78},
	year = {2003}
}

@article{Weldon2003copula,
	author = {Weldon, Tracey},
	journal = {Language Variation and Change},
	number = {1},
	pages = {37--72},
	title = {Copula variability in {{Gullah}}},
	volume = {15},
	year = {2003}
}

@article{VanderKlok2013,
	author = {Vander Klok, Jozina},
	journal = {Oceanic Linguistics},
	number = {2},
	pages = {341--374},
	title = {Pure possibility and pure necessity modals in {Paciran {Javanese}}},
	volume = {52},
	year = {2013}
}

@article{Thomas2007phonological,
	author = {Thomas, Erik R},
	journal = {Language and Linguistics Compass},
	number = {5},
	pages = {450--475},
	publisher = {Wiley Online Library},
	title = {Phonological and phonetic characteristics of {{African} {American}} vernacular {{English}}},
	volume = {1},
	year = {2007}
}

@book{Thomas2001acoustic,
	address = {Durham, NC},
	author = {Thomas, Erik R},
	series = {Publication of the American Dialect Society},
	number = {85},
	publisher = {Duke University Press},
	title = {An acoustic analysis of vowel variation in {N}ew {W}orld {{E}}nglish},
	year = {2001}
}

@article{Thomas1989vowel,
	address = {Thousand Oaks, CA},
	author = {Thomas, Erik R},
	journal = {Journal of English linguistics},
	number = {2},
	pages = {205--215},
	publisher = {Sage},
	title = {Vowel changes in {{Columbus}, Ohio}},
	volume = {22},
	year = {1989}
}

@article{Stolz2002,
	author = {Stolz, Thomas},
	journal = {Bulletin of Hispanic Studies},
	number = {2},
	pages = {133–-158},
	title = {General linguistic aspects of {{Spanish}}-indigenous language contacts with special focus on {A}ustronesia},
	volume = {79},
	year = {2002}
}

@article{Stewart2010,
	author = {Stewart, Michele},
	journal = {Caribbean {J}ournal of {E}ducation},
	number = {2},
	pages = {177--201},
	title = {{Jamaican} {C}reole alongside {S}tandard {J}amaican {{E}}nglish in the speech of two-year-olds from urban {K}ingston},
	volume = {32},
	year = {2010}
}

@article{Stewart1999,
	author = {Stewart, James Brewer},
	journal = {Journal of the Early Republic. {S}pecial issue on racial consciousness and nation-building in the {Early Republic}},
	number = {4},
	pages = {691--712},
	title = {Modernizing "difference": {T}he political meanings of color in the Free States 1776-1840},
	volume = {19},
	year = {1999}
}

@article{Stark2009,
	author = {Stark, David},
	journal = {Slavery \& Abolition},
	number = {4},
	pages = {491--520},
	title = {A New Look at the {A}frican {S}lave {T}rade in {P}uerto {R}ico Through the Use of {P}arish {R}egisters: 1660–1815},
	volume = {30},
	year = {2009}
}

@article{SippolaLesho2020,
	author = {Sippola, Eeva and Marivic Lesho},
	journal = {Bulletin of Hispanic Studies},
	number = {1},
	pages = {105–-123},
	title = {Contact-induced grammatical change and independent development in the {{Chabacano}} creoles},
	volume = {97},
	year = {2020}
}

@article{Singler2007part2,
	author = {Singler, John Victor},
	journal = {Journal of Pidgin and Creole Languages},
	pages = {309--346},
	title = {{{Samaná}} and {S}inoe, {P}art {{II}}: {{P}}rovenance},
	volume = {22},
	year = {2007}
}

@article{Singler2007part1,
	author = {Singler, John Victor},
	journal = {Journal of Pidgin and Creole Languages},
	pages = {123--148},
	title = {{{Samaná}} and {S}inoe, {P}art {I}: {{S}}talking the vernacular},
	volume = {22},
	year = {2007}
}

@article{Singler1989,
	author = {Singler, John Victor},
	journal = {American Speech},
	pages = {40–-64},
	title = {Plural marking in {L}iberian {S}ettler {{English}}, 1820–1980},
	volume = {64},
	year = {1989}
}

@article{Sessarego2018_enhancing,
	author = {Sessarego, Sandro},
	journal = {Journal of {P}idgin and {C}reole {L}anguages},
	number = {2},
	pages = {197--203},
	title = {Enhancing dialogue in the field: {{S}}ome remarks on the status of the {S}panish creole debate},
	volume = {33},
	year = {2018}
}

@article{Sessarego2017,
	author = {Sessarego, Sandro},
	journal = {Journal of {P}idgin and {C}reole {L}anguages},
	pages = {1--47},
	title = {The Legal Hypothesis of {Creole} Genesis},
	volume = {32},
	year = {2017}
}

@article{Sessarego2013_iberia,
	author = {Sessarego, Sandro},
	journal = {Iberia},
	pages = {96--122},
	title = {Afro-{H}ispanic contact varieties as advanced second languages}, volume = {5},
	volume = {1},
	year = {2013}
}

@incollection{Sessarego2011,
	address = {Somerville, MA},
	author = {Sessarego, Sandro},
	editor = {Michnowicz J.},
	booktitle = {Proceedings of {T}he 5th {I}nternational {W}orkshop on {S}panish {S}ociolinguistics ({WSS5})},
	pages = {125--141},
	publisher = {Cascadilla},
	title = {On the {S}tatus of {A}fro-{B}olivian {S}panish {F}eatures: {D}ecreolization or {V}ernacular {{U}}niversals?},
	year = {2011}
}

@article{Schwegler2018,
	author = {Schwegler, Armin},
	booktitle = {On the {C}ontroversial {O}rigins of {N}on-{C}anonical {S}panish and {P}ortuguese {N}egation: {C}ase Closed?},
	editor = {Sessarego, Sandro (guest ed.)},
	journal = {Current {T}rends in {Afro-Hispanic} {L}inguistics, {L}ingua},
	pages = {24–-43},
	title = {On the {C}ontroversial {O}rigins of {N}on-{C}anonical {S}panish and {P}ortuguese {N}egation: {C}ase Closed?},
	volume = {202},
	year = {2018}
}

@InCollection{Schwegler2014,
  author    = {Schwegler, Armin},
  booktitle = {{Portuguese-Spanish} Interfaces: {D}iachrony, synchrony, and contact},
  title     = {{Portuguese} {R}emnants in the {A}fro-{H}ispanic {D}iaspora},
  editor    = {Patrícia Amaral and Ana Maria Carvalho},
  pages     = {403--441},
  publisher = {Benjamins},
  address   = {Amsterdam},
  year      = {2014},
}

@incollection{Schwegler1999,
	address = {Amsterdam},
	author = {Schwegler, Armin},
	editor = {Rickford, J. and S. Romaine},
	booktitle = {Creole {G}enesis, {A}ttitudes and {D}iscourse},
	pages = {235--262},
	publisher = {Benjamins},
	title = {Monogenesis {R}evisited},
	year = {1999}
}

@article{Schwegler1991,
	author = {Schwegler, Armin},
	journal = {Lingüística},
	pages = {31--87},
	title = {{La} doble negación dominicana y la génesis del español caribeño},
	volume = {3},
	year = {1991}
}

@article{Schuchardt1909,
	author = {Schuchardt, Hugo},
	journal = {Zeitschrift für romanische Philologie},
	note = {English translation by Glenn Gilbert in \textit{Pidgin and Creole Languages. Selected Essays by Hugo Schuchardt}. Cambridge: Cambridge University Press. 65–-88},
	pages = {441--61},
	title = {Die {L}ingua {F}ranca},
	volume = {33},
	year = {1909}
}

@article{Schroeder2007,
	author = {Schroeder, Joy},
	journal = {Magistra},
	number = {1},
	pages = {41--70},
	title = {Wisdom’s voice and women’s speech: {{H}}rotswitha of {G}andersheim, {H}ildegarde of {B}ingen, and {P}atricia {C}ox {J}ackson},
	volume = {13},
	year = {2007}
}

@article{RickfordZwicky2007,
	author = {Rickford, John R. and Buchstaller, Isabelle and Wasow, Thomas and Zwicky, Arnold},
	journal = {American Speech},
	pages = {2--31},
	title = {Intensive and quotative {{ALL}}: {{S}}omething old, something New},
	volume = {82.1},
	year = {2007}
}

@article{RickfordEspinoza1995,
	author = {Rickford, John R. and Wasow, Thomas and Mendoza-Denton, Norma and Espinoza,Juli},
	journal = {Language},
	pages = {102--31},
	title = {Syntactic variation and change in progress: {{L}}oss of the verbal coda in topic-restricting \textit{{as} {far} {as}} constructions},
	volume = {71.1},
	year = {1995}
}

@article{Rickford1997,
	author = {Rickford, John R.},
	doi = {10.1111/1467-9481.00019},
	journal = {Journal of Sociolinguistics},
	number = {3},
	pages = {315--336},
	title = {Prior Creolization of {African}‐{American} Vernacular {English}? {{S}}ociohistorical and Textual Evidence from the 17th and 18th Centuries},
	volume = {1},
	year = {1997}
}

@article{Restall2000,
	author = {Restall, Matthew.},
	journal = {The {A}mericas},
	number = {2},
	pages = {171--205},
	title = {Black {C}onquistadors: {A}rmed {A}fricans in {{E}}arly {S}panish {A}merica},
	volume = {57},
	year = {2000}
}

@article{PoplackTagliamonte1989,
	author = {Poplack, Shana and Sali Tagliamonte},
	journal = {Language Variation and Change},
	pages = {47--84},
	title = {There’s no tense like the present: {{V}}erbal \textit{–s} inflection in Early {B}lack {{English}}},
	volume = {1},
	year = {1989}
}

@article{PoplackSankoff1987,
	author = {Poplack, Shana and David Sankoff},
	journal = {American Speech},
	pages = {291–314},
	title = {The {{Philadelphia}} story in the {{Spanish}} {{Caribbean}}},
	volume = {62},
	year = {1987}
}

@article{PliatsikasMarinis2013,
	author = {Pliatsikas, Christos. and Marinis, Theodoros},
	doi = {doi: https://doi.org/10.1017/S0142716412000082},
	journal = {Applied {P}sycholinguistics},
	number = {5},
	pages = {943--970},
	title = {Processing of regular and irregular past tense morphology in highly proficient second language learners of {{E}}nglish: {A self-paced} reading study},
	volume = {34},
	year = {2013}
}

@article{Perez2015,
	author = {Perez, Danae},
	journal = {Journal of Pidgin and Creole Languages},
	number = {2},
	pages = {307--343},
	title = {Traces of {P}ortuguese in {Afro-Yungueño} {S}panish?},
	volume = {30},
	year = {2015}
}

@article{Parsons1928,
	author = {Parsons, Elsie Clews},
	journal = {Journal of American Folk-Lore},
	pages = {525--8},
	title = {Spirituals from the  “{{American}}" colony of {S}amana {B}ay, {{Santo Domingo}}},
	volume = {41},
	year = {1928}
}

@article{ParadisMarquis2008,
	author = {Paradis, Johanne and Rice, Mabel and Crago, Martha and Marquis, Janet},
	journal = {Applied {P}sycholinguistics},
	pages = {689--722},
	title = {The acquisition of tense in {{E}}nglish: {D}istinguishing child second language from first language and specific language impairment},
	volume = {29},
	year = {2008}
}

@incollection{Otheguy1973,
	address = {Washington},
	author = {Otheguy, Ricardo},
	editor = {Bailey, C-J. and R. Shuy},
	booktitle = {New {W}ays of {A}nalyzing {V}ariation in {E}nglish},
	pages = {323--339},
	publisher = {Georgetown University Press},
	title = {The {S}panish {C}aribbean: {{A}} {C}reole {P}erspective},
	year = {1973}
}

@article{Orama-López2012,
	author = {Orama-López, Carmen I.},
	journal = {Lenguas en contacto y bilingüismo},
	pages = {1--23},
	sortname = {Orama-Lopez, Carmen I.},
	title = {Puerto {R}ico y sus pugnas político-lingüísticas},
	volume = {4},
	year = {2012}
}

@article{Nash1989,
	author = {Nash, Gary B.},
	journal = {The William and Mary Quarterly},
	number = {2},
	pages = {332--340},
	title = {New light on {Richard Allen}: {{T}}he early years of freedom},
	volume = {46},
	year = {1989}
}

@article{Naro1978,
	author = {Naro, Anthony J.},
	journal = {Language},
	number = {2},
	pages = {314--349},
	title = {A study on the origins of pidginization},
	volume = {54},
	year = {1978}
}

@article{Myhill1995,
	author = {Myhill, John},
	journal = {American Speech},
	pages = {115–47},
	title = {The use of features of present-day {{AAVE}} in the {Ex-{Slave}} {R}ecordings},
	volume = {70},
	year = {1995}
}

@article{Moya2003,
	author = {Moya, José C.},
	title = {Migración africana y formación social en las {A}méricas, 1500-2000},
	journal = {{R}evista de {I}ndias},
	number = {255},
	pages = {321--348},
	sortname = {Moya, Jose C.},
	volume = {72},
	year = {2003}
}

@article{MontgomeryDeMarse1993,
	author = {Montgomery, Michael B. and Fuller, Janet M. and DeMarse,Sharon},
	journal = {Language Variation and Change},
	pages = {335--357},
	title = {“{T}he black men has wives and Sweet harts [and third person plural -s] Jest like the white men”: {{{{E}}}}vidence for verbal \textit{-s }from written documents on 19th-century {{African}} {{American}} speech},
	volume = {5},
	year = {1993}
}

@article{Montgomery2009,
	author = {Montgomery, Michael B.},
	journal = {American Speech},
	number = {1},
	pages = {5–26},
	title = {Historical and comparative perspectives on {\textit{A}}-prefixing in the {{English}} of {Appalachia}},
	volume = {84},
	year = {2009}
}

@article{Montgomery1999,
	author = {Montgomery, Michael B.},
	journal = {English World-Wide},
	pages = {1--34},
	title = {Eighteenth-century {{Sierra Leone}} {{{{English}}}}: {{A}}nother exported variety of {{African}} {{American}} {{{{English}}}}},
	volume = {20},
	year = {1999}
}

@article{Mongey2019,
	author = {Mongey, Vanessa},
	journal = {Atlantic Studies},
	pages = {184--202},
	title = {Going home: {{T}}he back-to-{{Haiti}} movement in the early nineteenth century},
	volume = {16},
	year = {2019}
}

@incollection{MillerKrieger1928,
	author = {Miller, Gerris S. Jr. and Herbert W. Krieger},
	journal = {Explorations and field work of the {Smithsonian Institution 1928}},
	address = {Washington},
	pages = {43--54},
	title = {Expedition to {{Samaná}} {P}rovince, {{Dominican Republic}}},
	publisher = {},
	year = {1928}
}

@article{Meriño_perera2009,
	author = {Meriño Fuentes, Maria and Perera Díaz, Aisnara},
	journal = {História: {Q}uestões \& {D}ebates,},
	pages = {151--177},
	sortname = {Merino Fuentes, Maria and Perera Diaz, Aisnara},
	title = {Familias, agregados y esclavos. {L}os padrones de vecinos de {S}antiago de {C}uba (1778-1861)},
	volume = {51},
	year = {2009}
}

@unpublished{Mengesha2020,
	author = {Mengesha, Zion},
	note = {Ms., Department of Linguistics, Stanford University},
	title = {The Social meaning of Vowel Trajectories: {{{FEEL}-{FILL}}} Merger among {{African} Americans} in {{California}}},
	year = {2020}
}

@article{Meisel1975,
	author = {Meisel, Jürgen M.},
	journal = {Zur möglichen Entstehung eines Pidgin in der BRD. Zeitschrift für Literaturwissenschaft und Linguistik},
	pages = {9--53},
	sortname = {Meisel, Jurgen M.},
	title = {Ausländerdeutsch und {{Deutsch}} ausländischer {A}rbeiter},
	volume = {5.18},
	year = {1975}
}

@article{Megenney1993,
	author = {Megenney, William},
	journal = {Montalbán},
	pages = {3--56},
	title = {Elementos criollo-portugueses en el español dominicano},
	volume = {15},
	year = {1993}
}

@article{Meer2020,
	author = {Meer, Phillipp},
	journal = {Journal of the Acoustical Society of America},
	pages = {2283--2294},
	title = {Automatic alignment for {New {{English}es}}: {A}pplying state-of-the-art aligners to {Trinidadian {English}}},
	volume = {147.4},
	year = {2020}
}

@article{Matthewson2013,
	author = {Matthewson, Lisa},
	journal = {International Journal of American Linguistics},
	number = {3},
	pages = {349--394},
	title = {Gitksan modals},
	volume = {79},
	year = {2013}
}

@article{Martínez-Fernández1993,
	author = {Martínez-Fernández, Luis},
	journal = {New West Indian Guide},
	pages = {47--63},
	sortname = {Martinez-Fernandez, Luis},
	title = {The Sweet and the bitter},
	volume = {67},
	year = {1993}
}

@article{Marcus1996,
	author = {Marcus, Gary F.},
	journal = {Current {D}irections in {P}sychological {S}cience},
	number = {3},
	pages = {81--85},
	title = {Why do children say ‘breaked’?},
	volume = {5},
	year = {1996}
}

@article{Lobanov1971,
	author = {Lobanov, Boris M},
	journal = {The Journal of the Acoustical Society of America},
	number = {2B},
	pages = {606--608},
	publisher = {Acoustical Society of America},
	title = {Classification of {{Russian}} vowels spoken by different speakers},
	volume = {49},
	year = {1971}
}

@article{Lipski2013,
	author = {Lipski, John M.},
	journal = {International Journal of Bilingualism},
	number = {4},
	pages = {448--478},
	title = {Remixing a mixed language: {{T}}he emergence of a new pronominal system in {{Chabacano}} ({{Philippine}} {{Creole}} {{Spanish}})},
	volume = {17},
	year = {2013}
}

@article{Lipski1992,
	author = {Lipski, John M.},
	journal = {Language Sciences},
	number = {3},
	pages = {197--231},
	title = {New thoughts on the origins of {{Zamboangueño}} ({{Philippine}} {{Creole}} {{Spanish}})},
	volume = {14},
	year = {1992}
}

@article{Lipski1988,
	author = {Lipski, John M.},
	journal = {Zeitschrift für Romanische Philologie},
	pages = {25--45},
	title = {{{Philippine}} {{Creole}} {{Spanish}}: {{A}}ssessing the {{Portuguese}} element},
	volume = {104},
	year = {1988}
}

@article{LeshoSippola2014,
	author = {Lesho, Marivic and Eeva Sippola},
	journal = {Revista de crioulos de base lexical portuguesa e espanhola},
	pages = {1–-46},
	title = {Folk perceptions of variation among the {{Chabacano}} creoles},
	volume = {5},
	year = {2014}
}

@article{Lesho2018,
	author = {Lesho, Marivic},
	journal = {Journal of Pidgin and Creole Languages},
	number = {1},
	pages = {1–47},
	title = {Folk perception of variation in {Cavite {Chabacano}}},
	volume = {33},
	year = {2018}
}

@article{Lefèbvre1996,
	author = {Lefebvre, Claire},
	journal = {Journal of {P}idgin and {C}reole {L}anguages},
	number = {2},
	pages = {231--311},
	sortname = {Lefebvre, Claire},
	title = {The {{TMA}} system of {H}aitian {C}reole and the {P}roblem of {T}ransmission of {G}rammar in {C}reole {G}enesis},
	volume = {11},
	year = {1996}
}

@article{KouwenbergLefebvre2007,
author={Kouwenberg, Silvia and Claire Lefebvre},
title={A new analysis of the {P}apiamentu clause structure},
journal={ Probus},
number={19},
pages={37--73},
year={2007}
}



@article{Lapsansky1980,
	author = {Lapsansky, Emma Jones},
	journal = {American Quarterly},
	number = {1},
	pages = {54--78},
	title = {Since they got those separate churches: {{A}}fro-Americans and racism in {J}acksonian {{Philadelphia}}},
	volume = {32},
	year = {1980}
}

@article{KleinPerdue1997,
	author = {Klein, Wolfgang and Clive Perdue},
	journal = {Second Language Research},
	number = {4},
	pages = {301--347},
	title = {The basic variety (or: {{C}}ouldn't natural languages be much simpler?)},
	volume = {13},
	year = {1997}
}

@article{Keijzer2009,
	author = {Keijzer, Merel},
	journal = {Bilingualism: {L}anguage and {C}ognition},
	DOI = {10.1017/S9990356},
	number = {1},
	pages = {9--18},
	title = {The regression hypothesis as a framework for first language attrition},
	volume = {13},
	year = {2009}
}

@article{Jacobs2013,
	author = {Jacobs, Bart},
	journal = {Revue Belge de Philologie et d'Historie},
	number = {3},
	pages = {787--806},
	title = {Thoughts on the linguistic history of {C}uraçao: {H}ow {P}apiamentu got the better of {D}utch},
	volume = {91},
	year = {2013}
}

@article{Hoetink1962,
	author = {Hoetink, Harry},
	journal = {Caribbean Studies},
	pages = {3--22},
	title = {“{Americans}” in {{Samaná}}},
	volume = {2},
	year = {1962}
}

@article{Hannah1997,
	author = {Hannah, Dawn},
	journal = {American Speech},
	pages = {339--72},
	title = {Copula absence in {{Samaná}} {{{{English}}}}: {{I}}mplications for research on the linguistic history of {{African}}-{{American}} Vernacular {{{{English}}}}},
	volume = {72},
	year = {1997}
}

@article{Hackert2005,
	author = {Hackert, Stephanie},
	journal = {English World-Wide 26},
	pages = {113--116},
	title = {Review of {D}onald {W}inford, 2003, “{A}n Introduction to Contact Linguistics"},
	volume = {1},
	year = {2005}
}

@article{Grandade1970,
	author = {de Granda, Germán},
	journal = {Thesaurus},
	note = {Reprinted 1988},
	pages = {1–-11},
	sortname = {de Granda, German},
	title = {Un temprano testimonio sobre las hablas ‘criollas’ en {Á}frica y {A}mérica},
	volume = {25},
	year = {1970}
}

@article{Grandade1968,
	author = {de Granda, Germán},
	journal = {Thesaurus},
	pages = {193–-205},
	sortname = {de Granda, German},
	title = {{La} tipología criolla de dos hablas del área lingüística hispanica},
	volume = {23},
	year = {1968}
}

@article{GrabowskiMindt1995,
	author = {Grabowski, Eva and Mindt Dieter},
	journal = {{ICAME} {J}ournal},
	pages = {5--22},
	title = {A corpus-based learning list of irregular verbs in {{E}}nglish},
	volume = {19},
	year = {1995}
}

@Article{Gordon2000,
  author  = {Gordon, Matthew},
  title   = {Phonological correlates of ethnic identity: {{E}}vidence of divergence?},
  number  = {1},
  pages   = {115--136},
  volume  = {755},
  journal = {American Speech},
  year    = {2000},
}

@article{Gooden2008,
	author = {Gooden, Shelome},
	journal = {English {W}orld-{W}ide},
	number = {3},
	pages = {306--346},
	title = {Discourse aspects of tense marking in {B}elizean {C}reole},
	volume = {29},
	year = {2008}
}

@article{Good2012,
	author = {Good, Jeff},
	journal = {Journal of Pidgin and Creole Languages},
	number = {1},
	pages = {1--47},
	title = {Typologizing grammatical complexities, or why creoles may be paradigmatically simple but syntagmatically average},
	volume = {27},
	year = {2012}
}

@Article{FridlandBartlett2006,
  author  = {Fridland, Valerie and Bartlett, Kathy},
  title   = {The social and linguistic conditioning of back vowel fronting across ethnic groups in {Memphis, Tennessee}},
  number  = {10},
  pages   = {1--22},
  volume  = {1},
  journal = {English Language and Linguistics},
  year    = {2006},
}

@article{Fogle2008,
	author = {Fogle, Deena},
	journal = {University of {Pennsylvania} Working Papers in Linguistics},
	number = {1},
	pages = {134--148},
	title = {{Indianapolis, Indiana}: {{A}} prototype of {Midland} convergence},
	volume = {14},
	year = {2008}
}

@article{FernándezSippola2017,
	author = {Fernández, Mauro and Eeva Sippola},
	journal = {Journal of Pidgin and Creole Languages},
	number = {2},
	pages = {304–-338},
	sortname = {Fernandez, Mauro and Eeva Sippola},
	title = {A new window into the history of {{Chabacano}}},
	volume = {32},
	year = {2017}
}

@article{Fernández2012leyenda,
	author = {Fernández, Mauro},
	journal = {UniverSOS: revista de lenguas indígenas y universos culturales},
	pages = {9–-46},
	sortname = {Fernandez, Mauro},
	title = {Leyenda e historia del {C}habacano de {{E}}rmita ({{Manila}})},
	volume = {9},
	year = {2012}
}

@article{Fernández2011,
	author = {Fernández, Mauro},
	journal = {Revista internacional de lingüística iberoamericana},
	pages = {189–-218},
	sortname = {Fernandez, Mauro},
	title = {{Chabacano} en {T}ayabas: {{I}}mplicaciones para la historia de los criollos hispano-filipinos},
	volume = {17},
	year = {2011}
}

@article{Fernández2006,
	author = {Fernández, Mauro},
	journal = {Revista Internacional de Lingüística Iberoamericana},
	pages = {9–-26},
	sortname = {Fernandez, Mauro},
	title = {Las lenguas de {Z}amboanga según los jesuitas y otros observadores occidentales},
	volume = {7},
	year = {2006}
}

@article{FasoldRickford1987,
	author = {Fasold, Ralph W and Labov, William and Vaughn-Cooke, Fay Boyd and Bailey, Guy and Wolfram, Walt and Spears, Arthur K and Rickford, John},
	journal = {American Speech},
	number = {1},
	pages = {3--80},
	title = {Are Black and White vernaculars diverging? {{P}}apers from the {{NWAVE}} {{XIV}} Panel Discussion},
	volume = {62},
	year = {1987}
}

@article{EvansRoss2001,
	author = {Evans, Bethwyn and Malcolm Ross},
	journal = {Oceanic Linguistics},
	number = {2},
	pages = {269–-290},
	title = {The history of Proto-{{Oceanic}} *ma-},
	volume = {40},
	year = {2001}
}

@article{EssegbeyWinford2013,
	author = {Essegbey, James and Migge, Bettina and Winford, Donald},
	keywords = {Winford},
	journal = {Lingua. ({S}pecial issue: Cross-linguistic influence in language creation: {A}ssessing the role of the {Gbe} languages in the formation of the creoles of {S}uriname)},
	number = {7},
	pages = {1--8},
	title = {Introduction: {C}ross-linguistic influence in language creation: {A}ssessing the role of the {Gbe} languages in the {{Surinamese}} creoles},
	volume = {129},
	year = {2013},
	doi = {10.1016/j.lingua.2013.02.005}
}

 @article{migge_winford2013fact,
  title={Fact-type complements in {Gbe} and the {S}urinamese Creoles},
  author={Migge, Bettina and Winford, Donald},
	keywords = {Winford},
  journal={Lingua. ({S}pecial issue: Cross-linguistic influence in language creation: {A}ssessing the role of the {Gbe} languages in the formation of the Creoles of {S}uriname)},
  volume={129},
  pages={9--31},
  year={2013},
  publisher={Elsevier}
}


@article{winfordmigge2007substrate,
  title={Substrate influence on the emergence of the {TMA} systems of the {S}urinamese creoles},
  author={Winford, Donald and Migge, Bettina},
	keywords = {Winford},
  journal={Journal of Pidgin and Creole languages. ({S}pecial Issue: {S}ubstrate Influence in {C}reole Formation)},
  volume={22},
  number={1},
  pages={73--99},
  year={2007},
  publisher={John Benjamins}
}

@article{winford2007amazonia,
  title={Language contact in {A}mazonia, and: {D}ynamics of language contact: {E}nglish and immigrant languages},
  author={Winford, Donald},
	keywords = {Winford},
  journal={Language},
  volume={83},
  number={2},
  pages={401--421},
  year={2007},
  publisher={Linguistic Society of America}
}

@article{Díaz-Campos_clements2008,
	author = {Díaz-Campos, Manuel and Clements, J. Clancy},
	journal = {Language in Society},
	pages = {351–-383},
	sortname = {Diaz-Campos, Manuel and Clements, J. Clancy},
	title = {A {Creole} Origin for {B}arlovento {S}panish?},
	volume = {37},
	year = {2008}
}

@article{DulayBurt1973,
	author = {Dulay, Heidi and Burt, Marina},
	journal = {Language learning},
	number = {2},
	pages = {245--258},
	title = {Should we teach children syntax?},
	volume = {23},
	year = {1973}
}

@article{Dell1983,
	author = {Dell, François},
	journal = {Oceanic Linguistics},
	number = {1/2},
	pages = {175–-206},
	sortname = {Dell, Francois},
	title = {An aspectual distinction in {{Tagalog}}},
	volume = {22/23},
	year = {1983}
}

@article{DelaRosa2016,
	author = {Dela Rosa, John Paul O. and Arguelles, Diana C.},
	journal = {Journal on English Language Teaching},
	number = {3},
	pages = {46--60},
	title = {Do modification and interaction work? - a critical review of literature on the role of foreigner talk in second language acquisition},
	volume = {6},
	year = {2016}
}

@article{DeBotClyne1994,
	author = {De Bot, Kees and Clyne, Michael G.},
	journal = {Journal of {M}ultilingual and {M}ulticultural {D}evelopment},
	pages = {17--28},
	title = {A 16-year longitudinal study of language attrition in {D}utch immigrants in {A}ustralia},
	volume = {15},
	year = {1994}
}

@incollection{DeBose1983,
	address = {Berkeley, CA},
	author = {DeBose, Charles L.},
	booktitle = {{P}roceedings of the {Ninth Annual Meeting of the Berkeley Linguistics Society}},
	pages = {47--53},
	title = {{{Samaná}} {{English}}: {{A}} dialect that time forgot},
	publiher = {Berkeley Linguistics Society},
	year = {1983}
}

@article{Davis2007,
	author = {Davis, Martha Ellen},
	journal = {Boletín del Archivo General de la Nación},
	number = {119},
	pages = {709–33},
	title = {Asentamiento y vida económica de los inmigrantes afroamericanos de {{Samaná}}: {{T}}estimonio de la {P}rofesora {M}artha {W}illmore ({L}eticia)},
	volume = {32},
	year = {2007}
}

@article{Davis1980,
	author = {Davis, Martha Ellen},
	journal = {Boletin Museo del Hombre Dominicano},
	pages = {165--95},
	title = {That old-time religion: {{T}}radición y cambio en el enclave "Americano" de {{Samaná}}},
	volume = {9},
	year = {1980}
}

@article{Craig1980,
	author = {Craig, Dennis},
	journal = {Caribbean {J}ournal of {E}ducation},
	number = {1},
	pages = {1--17},
	title = {Language, society and education in the {W}est {I}ndies},
	volume = {7},
	year = {1980}
}

@article{Clements_Koontz-Garboden2002,
	author = {Clements, J. Clancy and Andrew Koontz-Garboden},
	journal = {Journal of {P}idgin and {C}reole {L}anguages},
	number = {2},
	pages = {191--236},
	title = {Two {{Indo-Portuguese}} creoles in contrast},
	volume = {17},
	year = {2002}
}

@article{Clements2018,
	author = {Clements, J. Clancy},
	journal = {Journal of {P}idgin and {C}reole {L}anguages},
	number = {2},
	pages = {447--452},
	title = {The {Iberian} Challenge: {Creole} languages beyond the plantation setting},
	volume = {33},
	year = {2018},
	doi = {10.1075/jpcl.00025.cle}
}

@article{Clements1992,
	author = {Clements, J. Clancy},
	journal = {Journal of Pidgin and Creole Languages},
	number = {1},
	pages = {75--92},
	title = {Foreigner Talk and the Origins of {Pidgin} {{Portuguese}}},
	volume = {7},
	year = {1992}
}

@article{ClarkeYoussef1995,
	author = {Clarke, Sandra and Elms, Ford and Youssef, Amani},
	journal = {Language Variation and Change},
	pages = {209--228},
	title = {The third dialect of {{English}}: {{S}}ome {{Canadian}}   evidence},
	volume = {7},
	year = {1995}
}

@article{Chatillon1984,
	author = {Chatillon, M.},
	journal = {Bulletin de la Société d'Histoire de la Guadeloupe},
	pages = {3–136},
	title = {L’évangélisation des esclaves au {{XVII}}e siècle — Lettres du {R}. {P} {J}ean {M}ongin},
	volume = {61--62},
	year = {1984}
}

@InCollection{Carver1987,
	address = {Ann Arbor},
	author = {Carver, Craig},
	booktitle = {American regional dialects: a word geography},
	pages = {161--204},
	title = {The midlands: {{T}}he Upper {South} and Lower {North} dialects},
	publisher = {University of Michigan Press},
	year = {1987}
}

@article{Brinton1997,
	author = {Brinton, Daniel G.},
	journal = {The Public Historian},
	number = {2},
	pages = {154--180},
	title = {The Depopulation of {{Hispanic}} {{America}} after the Conquest},
	volume = {19},
	year = {1997}
}

@article{Bickerton1984,
	author = {Bickerton, Derek},
	journal = {The Behavioral and Brain Sciences},
	doi = {10.1017/S0140525X00044149},
	number = {2},
	pages = {173–188},
	title = {The Language Bioprogram Hypothesis},
	volume = {7},
	year = {1984}
}

@article{Bernárdez2009,
	author = {Bernárdez, Enrique},
	journal = {Journal of Caribbean Literatures},
	number = {2},
	pages = {1--16},
	sortname = {Bernardez, Enrique},
	title = {{Spanish} {C}aribbean {L}iterature},
	volume = {6},
	year = {2009}
}

@article{BeckfordWassink1999,
	author = {Beckford Wassink, Alicia},
	journal = {Language in Society},
	number = {1},
	pages = {57--92},
	title = {Historic low prestige and seeds of change: {A}ttitudes toward {{Jamaican} {Creole}}},
	volume = {28},
	year = {1999}
}

@article{Baker2001,
	author = {Baker, Philip},
	journal = {Te Reo},
	pages = {31–-50},
	title = {{{No}} creolisation without prior pidginisation},
	volume = {44},
	year = {2001}
}

@article{Baker1990,
	author = {Baker, Philip},
	journal = {Journal of Pidgin and Creole Languages},
	number = {1},
	pages = {107--119},
	title = {Off target?},
	volume = {5},
	year = {1990}
}

@article{Avram2017,
	author = {Avram, Andrei A.},
	journal = {Philologica Jassyensia},
	pages = {175--190},
	title = {Superdiversity in the Gulf: {{G}}ulf {{Pidgin}} {{{{Arabic}}}} and {{{{Arabic}}}} Foreigner Talk},
	volume = {13.2},
	year = {2017}
}

@article{Aramburu2012,
	author = {Aramburu, Diana},
	journal = {Cuaderno internacional de estudios humanísticos},
	pages = {46--54},
	title = {The Migrant Nation in “{{La}} guagua aérea” by {L}uis {R}afael},
	volume = {18},
	year = {2012}
}

@article{Alvarez-Nazario1959,
	author = {Álvarez-Nazario, Manuel},
	journal = {Revista del Instituto de Cultura Puertorriqueña},
	pages = {43--48},
	sortname = {Alvarez-Nazario, Manuel},
	title = {Notas sobre el habla del negro en {P}uerto {R}ico durante el siglo {{XIX}}},
	volume = {2},
	year = {1959}
}

@article {Winford1997_propertyitems,
	author = {Winford, Donald},
	keywords = {Winford},
	journal = {Journal of Pidgin and Creole Languages},
	number = {2},
	pages = {237--301},
	title = {Property items and predication in {{Sranan}}},
	volume = {12},
	year = {1997}
}

@manual{Rprogram,
	address = {Vienna, Austria},
	author = {{R Core Team}},
	organization = {R Foundation for Statistical Computing},
	title = {R: {A} Language and Environment for Statistical Computing.[Computer program]. ({Version} 4.0.3).},
	url = {https://www.R-project.org/},
	year = {2020}
}

@book{vancoetsem1988,
	address = {Dordrecht},
	author = {Van Coetsem, Frans},
	publisher = {Foris},
	title = {Loan phonology and the two transfer types in language contact},
	year = {1988}
}

@InCollection{Winford2020contact,
	title = {The New Spanishes in the context of contact linguistics: Toward a unified approach},
	editor = {Ortiz López and Rosa Guzzardo Tamargo and Melvin González Rivera},
	booktitle = {Hispanic Contact Linguistics},
	pages = {12--41},
	address = {Amsterdam},
	publisher = {John Benjamins},
	year = {2020}
}

@InCollection{Winford2020_theories,
  author    = {Winford, Donald},
	keywords = {Winford},
  booktitle = {The {Oxford} handbook of language contact},
  title     = {Theories of language contact},
  editor    = {Grant, Anthony},
  pages     = {51--74},
  publisher = {Oxford University Press},
  address   = {Oxford},
  year      = {2020},
}

@InCollection{Baker1995,
  author    = {Baker, Philip},
  booktitle = {From Contact to {Creole} and Beyond},
  title     = {Motivation in creole genesis},
  editor    = {Baker, Philip},
  pages     = {3--15},
  publisher = {University of Westminster Press},
  address   = {London},
  year      = {1995},
}

@Comment{jabref-meta: databaseType:biblatex;}
