@book{langsci-current-book, author = {Bianca Prandi}, title = {{Computer-assisted simultaneous interpreting}}, subtitle = {{A cognitive-experimental study on terminology}},year = {2023}, series = {Translation and Multilingual Natural Language Processing}, number = {22}, location = {Berlin}, publisher = {Language Science Press}, options = {dataonly=true} } 
