@incollection{indexed/introduction,author={Claudio Fantinuoli and Federico Zanettin},title={Creating and using multilingual corpora in translation studies},booktitle={New directions in corpus-based translation studies},editor={Claudio Fantinuoli and Federico Zanettin},publisher={Language Science Press},Address={Berlin},year=2014,pages={1--11},options={skipbib=true}}
@incollection{indexed/01,author={Tatiana Serbina and  Paula Niemietz and Stella Neumann},title={Development of a keystroke logged translation corpus},booktitle={New directions in corpus-based translation studies},editor={Claudio Fantinuoli and Federico Zanettin},publisher={Language Science Press},Address={Berlin},year=2014,pages={11--34},options={skipbib=true}}
@incollection{indexed/02,author={Effie Mouka and  Ioannis E. Saridakis and Angeliki Fotopoulou},title={Racism goes to the movies: A corpus-driven study of cross-linguistic racist discourse annotation and translation analysis},booktitle={New directions in corpus-based translation studies},editor={Claudio Fantinuoli and Federico Zanettin},publisher={Language Science Press},Address={Berlin},year=2014,pages={35--70},options={skipbib=true}}
@incollection{indexed/03,author={Naroa Zubillaga and  Zuriñe Sanz and Ibon Uribarri},title={Building a trilingual parallel corpus to analyse literary translations from German into Basque},booktitle={New directions in corpus-based translation studies},editor={Claudio Fantinuoli and Federico Zanettin},publisher={Language Science Press},Address={Berlin},year=2014,pages={71--93},options={skipbib=true}}
@incollection{indexed/04,author={Ekaterina Lapshinova-Koltunski},title={Variation in translation: Evidence from corpora},booktitle={New directions in corpus-based translation studies},editor={Claudio Fantinuoli and Federico Zanettin},publisher={Language Science Press},Address={Berlin},year=2014,pages={93--114},options={skipbib=true}}
@incollection{indexed/05,author={Steven Doms},title={Non-human agents in subject position: {T}ranslation from {E}nglish into Dutch: A corpus-based translation study of “give” and “show”},booktitle={New directions in corpus-based translation studies},editor={Claudio Fantinuoli and Federico Zanettin},publisher={Language Science Press},Address={Berlin},year=2014,pages={115--136},options={skipbib=true}}
@incollection{indexed/06,author={Gianluca Pontrandolfo},title={Investigating judicial phraseology with COSPE: A contrastive corpus-based study},booktitle={New directions in corpus-based translation studies},editor={Claudio Fantinuoli and Federico Zanettin},publisher={Language Science Press},Address={Berlin},year=2014,pages={137--160},options={skipbib=true}}
