@book{langsci-current-book, author = {Simona Sbranna}, title = {{Prosody and interactional fluency of Italian learners of German}}, year = {2025}, series = {Eurosla Studies}, number = {8}, location = {Berlin}, publisher = {Language Science Press}, options = {dataonly=true} } 
