@misc{Abney1987,
	author = {Abney, Steven Paul},
	note = {Ph.D. dissertation, MIT.},
	title = {The {English} Noun Phrase and Its Sentential Aspect},
	year = {1987}
}

@inproceedings{Boskovic2008,
  author = {Bošković, Željko},
  year = 2008,
  title = {{What will you have, DP or NP?}},
  editor = {Elfner, Emily and Martin Walkow},
  booktitle = {Proceedings of the 37th Annual Meeting of the North East Linguistic Society},
  address = {Amherst, MA},
  publisher = {GLSA},
  pages = {101--114}
}

@article{Boskovic2009,
	author = {Bošković, Željko},
	journal = {Studia Linguistica},
	number = {2},
	pages = {187--203},
	sortname = {Boskovic, Zeljko},
	title = {More on the no-{DP} analysis of article-less languages},
	volume = {63},
	year = {2009}
}

@incollection{Boskovic2012,
  author = {Bošković, Željko},
  year = 2012,
  title = {{On NPs and clauses}},
  editor = {Günther Grewendorf and Thomas Ede Zimmermann},
  booktitle = {{Discourse and grammar: From sentence types to lexical categories}},
  address = {Berlin},
  publisher = {de Gruyter},
  pages = {179--245}
}

@incollection{BoskovicSener2014,
  author = {Bošković, Željko and Serkan Şener},
  year = 2014,
  title = {{The Turkish NP}},
  editor = {Patricia {Cabredo Hofherr} and Anne Zribi-Hertz},
  booktitle = {{Crosslinguistic Studies on Noun Phrase Structure and Reference}},
  address = {Leiden/Boston},
  publisher = {Brill},
  pages = {102--140}
}

@article{Danon2006,
	author = {Danon, Gabi},
	journal = {Natural Language \& Linguistic Theory},
	pages = {977–1008},
	title = {Caseless nominals and the projection of {DP}},
	volume = {24},
	year = {2006}
}

@article{DechaineWiltschko2002, 
	author = {Rose-Marie D{\'e}chaine and Martina Wiltschko}, 
	year = {2002}, 
	title = {Decomposing pronouns}, 
	journal = {Linguistic Inquiry}, 
	volume = {33}, 
	pages = {409--442}
}

@misc{Despic2011,
	author = {Despić, Miloje},
	note = {Ph.D. dissertation, University of Connecticut.},
	title = {Syntax in the Absence of Determiner Phrase},
	year = {2011}
}


@article{Erschler2019a,
	author = {Erschler, David},
	journal = {Journal of Linguistics},
	number = {4},
	pages = {879--887},
	title = {A new argument for existence of the {DP} in languages without articles},
	volume = {55},
	year = {2019}
}


@book{Erschler2019b,
	address = {Paper presented at the Workshop},
	author = {Erschler, David},
	publisher = {Linguistic Theory, Meet Languages of the Caucasus!, University of Crete, Rethymnon, Greece},
	title = {A case for the {DP} in ostensibly articleless languages: {{M}}orphological evidence},
	year = {2019}
}


@article{GillonArmoskaite2015,
	author = {Gillon, Carrie and Solveiga Armoskaite},
	journal = {Linguistic Variation},
	number = {1},
	pages = {69--115},
	title = {The illusion of the {NP}/{DP} divide: {{{E}}}vidence from Lithuanian},
	volume = {15},
	year = {2015}
}

@incollection{KaganPereltsvaig2011,
  author = {Kagan, Olga and Asya Pereltsvaig},
  year = 2011,
  title = {{Syntax and Semantics of Bare NPs: Objects of Intensive Reflexive Verbs in Russian}},
  editor = {Olivier Bonami and Patricia {Cabredo Hofherr}},
  booktitle = {{Empirical Issues in Syntax and Semantics 8}},
  pages = {221--238}
}

@misc{Kornfilt1984,
	author = {Kornfilt, Jaklin},
	note = {PhD dissertation, Harvard University.},
	title = {Case Marking, Agreement, and Empty Categories in {Turkish}},
	year = {1984}
}

@article{Kornfilt2018a,
  author = {Kornfilt, Jaklin},
  year = 2018,
  title = {{NP versus DP: Which one fits Turkish nominal phrases better?}},
  journal = {Turkic Languages},
  volume = 22,
  pages = {155--166}
}

@incollection{Kornfilt2018b,
  author = {Kornfilt, Jaklin},
  year = 2018,
  title = {{DP versus NP: A Cross-Linguistic Typology?}},
  editor = {William McClure and Alexander Vovin},
  booktitle = {{Studies in Japanese and Korean Historical and Theoretical Linguistics and Beyond. Festschrift Presented to John B. Whitman}},
  address = {Leiden},
  publisher = {Brill},
  pages = {138--158}
}

@article{Longobardi1994,
	author = {Longobardi, Giuseppe},
	journal = {Linguistic Inquiry},
	number = {4},
	pages = {609--665},
	title = {Reference and Proper Names: {{A}} Theory of N-movement in Syntax and Logical Form},
	volume = {25},
	year = {1994}
}


@article{LyutikovaPereltsvaig2015,
	author = {Lyutikova, Ekaterina and Asya Pereltsvaig},
	journal = {Canadian Journal of Linguistics},
	pages = {289--325},
	title = {The Tatar {DP}},
	volume = {60},
	year = {2015}
}


@book{MitreninaPereltsvaig2019,
	address = {Paper presented at the Conference on Russian},
	author = {Mitrenina, Olga and Asya Pereltsvaig},
	publisher = {Constructional and Lexico-semantic Approaches, Saint Petersburg, Russia},
	title = {Morphosyntactic peculiarities of one unusual construction in {Russian}},
	year = {2019}
}


@article{Norris2018,
	author = {Norris, Mark},
	journal = {Glossa},
	number = {1},
	pages = {1--39},
	title = {Nominal structure in a language without articles: {{T}}he case of Estonian},
	volume = {3},
	year = {2018}
}

@phdthesis{Pereltsvaig2001,
  author = {Pereltsvaig, Asya},
  year = 2001,
  title = {{On the Nature of Intra-Clausal Relations: A Study of Copular Sentences in Russian and Italian}},
  school = {McGill University}
}

@article{Pereltsvaig2006,
	author = {Pereltsvaig, Asya},
	journal = {Natural Language and Linguistic Theory},
	number = {2},
	pages = {433--500},
	title = {Small nominals},
	volume = {24},
	year = {2006}
}


@article{Pereltsvaig2007,
	author = {Pereltsvaig, Asya},
	journal = {Studia Linguistica},
	number = {1},
	pages = {59--94},
	title = {On the Universality of {DP}: {{A}} View from {Russian}},
	volume = {61},
	year = {2007}
}


@article{Progovac1998,
	author = {Progovac, Ljiljana},
	journal = {Journal of Linguistics},
	pages = {165--179},
	title = {Determiner phrase in a language without determiners},
	volume = {34},
	year = {1998}
}


@article{Szabolcsi1983,
	author = {Szabolcsi, Anna},
	journal = {The Linguistic Review},
	pages = {89–102},
	title = {The possessor that ran away from home},
	volume = {3},
	year = {1983}
}


@misc{VanHofwegen2013,
	author = {Van Hofwegen, Janneke},
	note = {Ms., Stanford University.},
	title = {Extraction or splitting? {H}ow A' movement phenomena in Lithuanian can shed light on the syntax-phonology interface and the {NP}-{DP} debate},
	year = {2013}
}
