@book{langsci-current-book, author = {Lisa Sch√§fer}, title = {{The licensing and usage of topic drop in German}}, year = {2025}, series = {Open Germanic Linguistics}, number = {12}, location = {Berlin}, publisher = {Language Science Press}, options = {dataonly=true} } 
