@ARTICLE{ackema.neeleman2007,
AUTHOR = {Ackema, Peter and Neeleman, Ad},
DATE = {2007},
DOI = {10.1007/s10828-007-9010-0},
ISSN = {1572-8552},
JOURNALTITLE = {The Journal of Comparative Germanic Linguistics},
LANGID = {english},
NUMBER = {2},
PAGES = {81--107},
TITLE = {Restricted pro Drop in {{Early Modern Dutch}}},
VOLUME = {10},
}

@ARTICLE{aissen1999,
AUTHOR = {Aissen, Judith},
DATE = {1999},
DOI = {10.1023/A:1006335629372},
IDS = {aissen1999a},
JOURNALTITLE = {Natural Language \& Linguistic Theory},
LANGID = {english},
NUMBER = {4},
PAGES = {673--711},
TITLE = {Markedness and Subject Choice in Optimality Theory},
VOLUME = {17},
}

@ONLINE{alday2022,
AUTHOR = {Alday, Phillip M.},
URL = {https://phillipalday.com/stats/coding.html},
DATE = {2022},
LANGID = {english},
TITLE = {Coding schemes for categorical variables},
URLDATE = {2023-04-19},
}

@ARTICLE{altmann.kamide1999,
AUTHOR = {Altmann, Gerry T. M. and Kamide, Yuki},
DATE = {1999},
DOI = {10.1016/s0010-0277(99)00059-1},
ISSN = {0010-0277},
JOURNALTITLE = {Cognition},
NUMBER = {3},
PAGES = {247--264},
SHORTJOURNAL = {Cognition},
SHORTTITLE = {Incremental Interpretation at Verbs},
TITLE = {Incremental Interpretation at Verbs: {{Restricting}} the Domain of Subsequent Reference},
VOLUME = {73},
}

@INCOLLECTION{altmann1987,
AUTHOR = {Altmann, Hans},
EDITOR = {Meibauer, Jörg},
LOCATION = {Tübingen},
PUBLISHER = {Niemeyer},
BOOKTITLE = {Satzmodus zwischen Grammatik und Pragmatik: Referate anläßlich der 8. Jahrestagung der Deutschen Gesellschaft für Sprachwissenschaft},
DATE = {1987},
DOI = {10.1515/9783111560588-003},
LANGID = {german},
NUMBER = {180},
PAGES = {22--56},
SERIES = {Linguistische Arbeiten},
TITLE = {Zur Problematik der Konstitution von Satzmodi als Formtypen},
}

@ARTICLE{anand.etal2021,
AUTHOR = {Anand, Pranav and Hardt, Daniel and McCloskey, James},
DATE = {2021},
DOI = {10.1353/lan.2021.0009},
ISSN = {1535-0665},
JOURNALTITLE = {Language},
LANGID = {english},
NUMBER = {1},
PAGES = {e68--e88},
SHORTJOURNAL = {Language},
TITLE = {The {{Santa Cruz}} Sluicing Data Set},
VOLUME = {97},
}

@ARTICLE{androutsopoulos.schmidt2002,
AUTHOR = {Androutsopoulos, Jannis and Schmidt, Gurly},
DATE = {2002},
JOURNALTITLE = {Zeitschrift für Angewandte Linguistik},
LANGID = {german},
PAGES = {49--79},
SHORTJOURNAL = {ZfAL},
TITLE = {SMS-Kommunikation: Ethnografische Gattungsanalyse am Beispiel einer Kleingruppe},
VOLUME = {36},
}

@BOOK{ariel1990,
AUTHOR = {Ariel, Mira},
LOCATION = {London},
PUBLISHER = {Routledge},
DOI = {10.4324/9781315857473},
DATE = {1990},
SERIES = {Croom {{Helm}} Linguistics Series},
TITLE = {Accessing Noun-Phrase Antecedents},
}

@ARTICLE{arnold2010,
AUTHOR = {Arnold, Jennifer E.},
DATE = {2010},
DOI = {10.1111/j.1749-818X.2010.00193.x},
ISSN = {1749-818X},
JOURNALTITLE = {Language and Linguistics Compass},
LANGID = {english},
NUMBER = {4},
PAGES = {187--203},
SHORTTITLE = {How {{Speakers Refer}}},
TITLE = {How Speakers Refer: The Role of Accessibility},
VOLUME = {4},
}

@ARTICLE{arnold.etal2004,
AUTHOR = {Arnold, Jennifer E. and Wasow, Thomas and Asudeh, Ash and Alrenga, Peter},
DATE = {2004},
DOI = {10.1016/j.jml.2004.03.006},
IDS = {arnold.etal2004a},
ISSN = {0749-596X},
JOURNALTITLE = {Journal of Memory and Language},
LANGID = {english},
NUMBER = {1},
PAGES = {55--70},
SHORTJOURNAL = {Journal of Memory and Language},
SHORTTITLE = {Avoiding Attachment Ambiguities},
TITLE = {Avoiding Attachment Ambiguities: The Role of Constituent Ordering},
VOLUME = {51},
}

@INPROCEEDINGS{asr.demberg2015,
AUTHOR = {Asr, Fatemeh Torabi and Demberg, Vera},
LOCATION = {London},
BOOKTITLE = {Proceedings of the 11th {I}nternational {C}onference on {C}omputational {S}emantics},
publisher = {Association for Computational Linguistics},
url = {https://aclanthology.org/W15-0117/},
editor = {Purver, Matthew and Sadrzadeh, Mehrnoosh and Stone, Matthew},
DATE = {2015},
URLDATE = {2025-04-23},
LANGID = {english},
PAGES = {118--128},
TITLE = {Uniform Information Density at the Level of Discourse Relations: Negation Markers and Discourse Connective Omission},
}

@BOOK{attneave1959,
AUTHOR = {Attneave, Fred},
LOCATION = {Oxford},
PUBLISHER = {Holt},
DATE = {1959},
SHORTTITLE = {Applications of Information Theory to Psychology},
TITLE = {Applications of Information Theory to Psychology: A Summary of Basic Concepts, Methods, and Results},
}

@ARTICLE{auer1993,
AUTHOR = {Auer, Peter},
DATE = {1993},
IDS = {auer1993a},
JOURNALTITLE = {Deutsche Sprache},
LANGID = {german},
PAGES = {193--222},
TITLE = {Zur Verbspitzenstellung im gesprochenen Deutsch},
VOLUME = {3},
}

@INCOLLECTION{auer1997,
AUTHOR = {Auer, Peter},
EDITOR = {Schlobinski, Peter},
LOCATION = {Wiesbaden},
PUBLISHER = {VS Verlag für Sozialwissenschaften},
BOOKTITLE = {Syntax des gesprochenen Deutsch},
DATE = {1997},
DOI = {10.1007/978-3-322-88924-9_3},
LANGID = {german},
PAGES = {55--91},
TITLE = {Formen und Funktionen der Vor-Vorfeldbesetzung im gesprochenen Deutsch},
}

@INCOLLECTION{axel.weiss2011,
AUTHOR = {Axel, Katrin and Weiß, Helmut},
EDITOR = {Wratil, Melani and Gallmann, Peter},
LOCATION = {Berlin},
PUBLISHER = {De Gruyter},
BOOKTITLE = {Null Pronouns},
DATE = {2011},
DOI = {10.1515/9783110238716.21},
LANGID = {english},
NUMBER = {106},
PAGES = {21--51},
SERIES = {Studies in Generative Grammar},
TITLE = {\emph{Pro}-Drop in the History of {{German}} – {{From Old High German}} to the Modern Dialects},
}

@ARTICLE{aylett.turk2004,
AUTHOR = {Aylett, Matthew and Turk, Alice},
DATE = {2004},
DOI = {10.1177/00238309040470010201},
ISSN = {0023-8309, 1756-6053},
JOURNALTITLE = {Language and Speech},
LANGID = {english},
NUMBER = {1},
PAGES = {31--56},
SHORTTITLE = {The {{Smooth Signal Redundancy Hypothesis}}},
TITLE = {The Smooth Signal Redundancy Hypothesis: A Functional Explanation for Relationships between Redundancy, Prosodic Prominence, and Duration in Spontaneous Speech},
VOLUME = {47},
}

@INCOLLECTION{bachmann-stein2011,
AUTHOR = {Bachmann-Stein, Andrea},
EDITOR = {Schäfer, Patrick and Schowalter, Christine},
LOCATION = {Landau},
PUBLISHER = {Verlag empirische Pädagogik},
BOOKTITLE = {In mediam linguam: Mediensprache -- Redewendungen -- Sprachvermittlung. Festschrift für Heinz-Helmut Lüger},
DATE = {2011},
LANGID = {german},
PAGES = {95--110},
TITLE = {Kontaktanzeigen im World Wide Web},
}

@INPROCEEDINGS{bader.etal2017,
AUTHOR = {Bader, Markus and Ellsiepen, Emilia and Koukoulioti, Vasiliki and Portele, Yvonne},
EDITOR = {Freitag, Constantin and Bott, Oliver and Schlotterbeck, Fabian},
LOCATION = {Konstanz},
PUBLISHER = {University of Konstanz},
BOOKTITLE = {Two Perspectives on {{V2}}: {{The}} Invited Talks of the {{DGfS}} 2016 Workshop “{{V2}} in Grammar and Processing: {{Its}} Causes and Its Consequences”},
DATE = {2017},
LANGID = {english},
PAGES = {27--49},
SHORTTITLE = {Filling the Prefield},
TITLE = {Filling the Prefield: Findings and Challenges},
URL = {http://nbn-resolving.de/urn:nbn:de:bsz:352-0-390234},
URLDATE = {2025-04-23}
}

@ARTICLE{bader.haeussler2010,
AUTHOR = {Bader, Markus and Häussler, Jana},
DATE = {2010},
DOI = {10.1016/j.lingua.2009.05.007},
ISSN = {0024-3841},
JOURNALTITLE = {Lingua},
LANGID = {english},
NUMBER = {3},
PAGES = {717--762},
SHORTJOURNAL = {Lingua},
SHORTTITLE = {Word Order in {{German}}},
TITLE = {Word Order in {{German}}: A Corpus Study},
VOLUME = {120},
}

@ARTICLE{barbosa2011,
AUTHOR = {Barbosa, Pilar},
DATE = {2011},
DOI = {10.1111/j.1749-818X.2011.00292.x},
JOURNALTITLE = {Language and Linguistics Compass},
LANGID = {english},
NUMBER = {8},
PAGES = {571--587},
TITLE = {\emph{Pro}-Drop and Theories of \emph{pro} in the Minimalist Program Part 2: Pronoun Deletion Analyses of Null Subjects and Partial, Discourse and Semi \emph{pro}-Drop},
VOLUME = {5},
}

@THESIS{barnickel2017,
AUTHOR = {Barnickel, Katja},
INSTITUTION = {Universität Leipzig},
LOCATION = {Leipzig},
DATE = {2017},
LANGID = {english},
TITLE = {Deriving Asymmetric Coordination in {{German}}: A Non-Monotonic Approach},
TYPE = {phdthesis},
}

@ARTICLE{baroni.etal2009,
AUTHOR = {Baroni, Marco and Bernardini, Silvia and Ferraresi, Adriano and Zanchetta, Eros},
DATE = {2009},
DOI = {10.1007/s10579-009-9081-4},
ISSN = {1574-0218},
JOURNALTITLE = {Language Resources and Evaluation},
LANGID = {english},
NUMBER = {3},
PAGES = {209--226},
SHORTTITLE = {The {{WaCky}} Wide Web},
TITLE = {The {{WaCky}} Wide Web: A Collection of Very Large Linguistically Processed Web-Crawled Corpora},
VOLUME = {43},
}

@ARTICLE{barr.etal2013,
AUTHOR = {Barr, Dale J. and Levy, Roger and Scheepers, Christoph and J. Tily, Harry},
DATE = {2013},
DOI = {10.1016/j.jml.2012.11.001},
ISSN = {0749596X},
ISSUE = {3},
JOURNALTITLE = {Journal of Memory and Language},
NUMBER = {3},
PAGES = {255--278},
SHORTTITLE = {Random Effects Structure for Confirmatory Hypothesis Testing},
TITLE = {Random Effects Structure for Confirmatory Hypothesis Testing: {{Keep}} It Maximal},
VOLUME = {68},
}

@ARTICLE{barton1998,
AUTHOR = {Barton, Ellen L.},
DATE = {1998},
DOI = {10.1177/007542429802600103},
ISSN = {0075-4242, 1552-5457},
JOURNALTITLE = {Journal of English Linguistics},
LANGID = {english},
NUMBER = {1},
PAGES = {37--67},
SHORTTITLE = {The {{Grammar}} of {{Telegraphic Structures}}},
TITLE = {The Grammar of Telegraphic Structures: Sentential and Nonsentential Derivation},
VOLUME = {26},
}

@ARTICLE{bates.etal2015,
AUTHOR = {Bates, Douglas and Mächler, Martin and Bolker, Ben and Walker, Steve},
DATE = {2015},
DOI = {10.18637/jss.v067.i01},
ISSN = {1548-7660},
JOURNALTITLE = {Journal of Statistical Software},
NUMBER = {1},
PAGES = {1--48},
TITLE = {Fitting Linear Mixed-Effects Models Using Lme4},
VOLUME = {67},
}

@INCOLLECTION{beisswenger.etal2020,
AUTHOR = {Beißwenger, Michael and Fladrich, Marcel and Imo, Wolfgang and Ziegler, Evelyn},
EDITOR = {Marx, Konstanze and Lobin, Henning and Schmidt, Axel},
LOCATION = {Berlin},
PUBLISHER = {De Gruyter},
BOOKTITLE = {Deutsch in {{Sozialen Medien}}. {{Interaktiv}} – Multimodal – Vielfältig},
DATE = {2020},
DOI = {10.1515/9783110679885-018},
IDS = {marx.etal2020a},
NUMBER = {2019},
PAGES = {349--352},
SERIES = {Jahrbuch des {{Instituts}} für {{Deutsche Sprache}}},
TITLE = {Die {{Mobile Communication Database}} 2 ({{MoCoDa}} 2)},
}

@ARTICLE{bell1984,
AUTHOR = {Bell, Allan},
DATE = {1984},
DOI = {10.1017/S004740450001037X},
ISSN = {00474045, 14698013},
JOURNALTITLE = {Language in Society},
NUMBER = {2},
PAGES = {145--204},
TITLE = {Language Style as Audience Design},
VOLUME = {13},
}

@INCOLLECTION{bever1970,
AUTHOR = {Bever, Thomas G.},
EDITOR = {Hayes, John R.},
LOCATION = {New York},
PUBLISHER = {Wiley \& Sons},
BOOKTITLE = {Cognition and the Development of Language},
DATE = {1970},
DOI = {10.1093/acprof:oso/9780199677139.003.0001},
PAGES = {279--362},
TITLE = {The Cognitive Basis for Linguistic Structures},
}

@BOOK{bhat2004,
AUTHOR = {Bhat, D. N. S.},
LOCATION = {Oxford},
PUBLISHER = {Oxford University Press},
DATE = {2004},
DOI = {10.1093/acprof:oso/9780199230242.001.0001},
SERIES = {Oxford Studies in Typology and Linguistic Theory},
TITLE = {Pronouns},
}

@INCOLLECTION{biber1994,
AUTHOR = {Biber, Douglas},
EDITOR = {Biber, Douglas and Finegan, Edward},
LOCATION = {New York},
PUBLISHER = {Oxford University Press},
BOOKTITLE = {Sociolinguistic Perspectives on Register},
DATE = {1994},
LANGID = {english},
PAGES = {31--56},
TITLE = {An Analytical Framework for Register Studies},
}

@ARTICLE{bilbiie.nykiel2023,
AUTHOR = {Bîlbîie, Gabriela and Nykiel, Joanna},
DATE = {2023},
DOI = {10.1017/S0022226722000585},
ISSN = {0022-2267, 1469-7742},
JOURNALTITLE = {Journal of Linguistics},
LANGID = {english},
NUMBER = {2},
PAGES = {229--234},
TITLE = {Introduction to the Special Issue Experimental and Corpus-Based Approaches to Ellipsis},
VOLUME = {59},
}

@BOOK{blatz1896,
AUTHOR = {Blatz, Friedrich},
LOCATION = {Karlsruhe},
PUBLISHER = {Lang},
DATE = {1896},
EDITION = {3},
TITLE = {Neuhochdeutsche {{Grammatik}} Mit {{Berücksichtigung}} Der Historischen {{Entwickelung}} Der Deutschen {{Sprache}}},
VOLUME = {2 Satzlehre (Syntax)},
}

@ARTICLE{blumel.etal2017,
AUTHOR = {Blümel, Andreas and Götze, Christopher and Holler, Anke},
DATE = {2017},
ISSN = {1803-7410 , 2336-4440},
JOURNALTITLE = {Linguistica Brunensia},
LANGID = {english},
NUMBER = {1},
PAGES = {81--96},
SHORTTITLE = {Revisiting Continuative Relative Clauses},
TITLE = {Revisiting Continuative Relative Clauses: Towards a Unified Account},
VOLUME = {65},
SORTNAME = {Bluemel, Andreas and Goetze, Christopher and Holler, Anke}
}

@THESIS{bonitz2013,
AUTHOR = {Bonitz, Petra-Kristin},
INSTITUTION = {Georg-August-Universität Göttingen},
LOCATION = {Göttingen},
DATE = {2013},
LANGID = {german},
TITLE = {Subjektellipsen in Koordinationsstrukturen. Theoretische Fundierung und empirische Erkenntnisse},
TYPE = {phdthesis},
}

@INCOLLECTION{bosch.etal2007,
AUTHOR = {Bosch, Peter and Katz, Graham and Umbach, Carla},
EDITOR = {Schwarz-Friesel, Monika and Consten, Manfred and Knees, Mareile},
LOCATION = {Amsterdam},
PUBLISHER = {John Benjamins},
BOOKTITLE = {Anaphors in Text: Cognitive, Formal and Applied Approaches to Anaphoric Reference},
DATE = {2007},
DOI = {10.1075/slcs.86.13bos},
LANGID = {english},
NUMBER = {86},
PAGES = {145--164},
SERIES = {Studies in Language Companion Series},
TITLE = {The Non-Subject Bias of {{German}} Demonstrative Pronouns},
}

@ARTICLE{boston.etal2008,
AUTHOR = {Boston, Marisa Ferrara and Hale, John and Kliegl, Reinhold and Patil, Umesh and Vasishth, Shravan},
DATE = {2008},
DOI = {10.16910/jemr.2.1.1},
ISSN = {1995-8692},
JOURNALTITLE = {Journal of Eye Movement Research},
LANGID = {english},
NUMBER = {1},
SHORTTITLE = {Parsing Costs as Predictors of Reading Difficulty},
TITLE = {Parsing Costs as Predictors of Reading Difficulty: {{An}} Evaluation Using the {{Potsdam Sentence Corpus}}},
VOLUME = {2},
}

@ARTICLE{boswijk.coler2020,
AUTHOR = {Boswijk, Vincent and Coler, Matt},
PUBLISHER = {De Gruyter Open Access},
DATE = {2020},
DOI = {10.1515/opli-2020-0042},
ISSN = {2300-9969},
JOURNALTITLE = {Open Linguistics},
LANGID = {english},
NUMBER = {1},
PAGES = {713--722},
TITLE = {What Is Salience?},
VOLUME = {6},
}

@ARTICLE{brehm.alday2022,
AUTHOR = {Brehm, Laurel and Alday, Phillip M.},
DATE = {2022},
DOI = {10.1016/j.jml.2022.104334},
ISSN = {0749596X},
JOURNALTITLE = {Journal of Memory and Language},
LANGID = {english},
PAGES = {104334},
SHORTJOURNAL = {Journal of Memory and Language},
TITLE = {Contrast Coding Choices in a Decade of Mixed Models},
VOLUME = {125},
}

@INCOLLECTION{breindl2017,
AUTHOR = {Breindl, Eva},
EDITOR = {Döring, Sandra and Geilfuß-Wolfgang, Jochen},
LOCATION = {Tübingen},
PUBLISHER = {Stauffenburg},
BOOKTITLE = {Probleme der syntaktischen Kategorisierung: Einzelgänger, Außenseiter und mehr},
DATE = {2017},
LANGID = {german},
NUMBER = {90},
PAGES = {1--42},
SERIES = {Stauffenburg Linguistik},
TITLE = {Gemeinsam einsam: Was eint satzverknüpfende Einzelgänger?},
}

@BOOK{breindl.etal2014,
AUTHOR = {Breindl, Eva and Volodina, Anna and Waßner, Ulrich Hermann},
LOCATION = {Berlin},
PUBLISHER = {De Gruyter},
DATE = {2014},
DOI = {10.1515/9783110341447},
JOURNALTITLE = {Handbuch der deutschen Konnektoren 2},
LANGID = {german},
SHORTTITLE = {Handbuch der deutschen Konnektoren 2},
TITLE = {Handbuch der deutschen Konnektoren 2: Semantik der deutschen Satzverknüpfer},
}

@ARTICLE{brouwer.etal2021,
AUTHOR = {Brouwer, Harm and Delogu, Francesca and Venhuizen, Noortje J. and Crocker, Matthew W.},
DATE = {2021},
DOI = {10.3389/fpsyg.2021.615538},
ISSN = {1664-1078},
JOURNALTITLE = {Frontiers in Psychology},
PAGES = {615538},
SHORTTITLE = {Neurobehavioral {{Correlates}} of {{Surprisal}} in {{Language Comprehension}}},
TITLE = {Neurobehavioral Correlates of Surprisal in Language Comprehension: A Neurocomputational Model},
VOLUME = {12},
}

@INCOLLECTION{brysbaert.etal2005,
AUTHOR = {Brysbaert, Marc and Drieghe, Denis and Vitu, Françoise},
EDITOR = {Underwood, Geoffry},
LOCATION = {Oxford},
PUBLISHER = {Oxford University Press},
BOOKTITLE = {Cognitive Processes in Eye Guidance},
DATE = {2005},
DOI = {10.1093/acprof:oso/9780198566816.003.0003},
PAGES = {53--77},
TITLE = {Word Skipping: Implications for Theories of Eye Movement Control in Reading},
}

@BOOK{buhler1965,
AUTHOR = {Bühler, Karl},
LOCATION = {Stuttgart},
PUBLISHER = {Gustav Fischer},
DATE = {1965},
EDITION = {2},
LANGID = {german},
SHORTTITLE = {Sprachtheorie},
TITLE = {Sprachtheorie: Die Darstellungsfunktion der Sprache},
SORTNAME = {Bueler, Karl}
}

@BOOK{buring1997,
AUTHOR = {Büring, Daniel},
LOCATION = {London},
PUBLISHER = {Routledge},
DATE = {1997},
DOI = {10.4324/9780203448014},
NUMBER = {3},
SERIES = {Routledge {{Study}} in {{German Linguistics}}},
SHORTTITLE = {The {{Meaning}} of {{Topic}} and {{Focus}}},
TITLE = {The Meaning of Topic and Focus: The 59th Street Bridge Accent},
SORTNAME = {Buering, Daniel}
}

@ARTICLE{buering.hartmann1998,
AUTHOR = {Büring, Daniel and Hartmann, Katharina},
DATE = {1998},
JOURNALTITLE = {Linguistische Berichte},
LANGID = {german},
PAGES = {172--201},
TITLE = {Asymmetrische Koordination},
VOLUME = {174},
SORTNAME = {Buering, Daniel and Hartmann, Katharina}
}

@INCOLLECTION{burger.etal2000,
AUTHOR = {Burger, Susanne and Weilhammer, Karl and Schiel, Florian and Tillmann, Hans G.},
EDITOR = {Wahlster, Wolfgang},
LOCATION = {Berlin},
PUBLISHER = {Springer},
BOOKTITLE = {Verbmobil: {{Foundations}} of Speech-to-Speech Translation},
DATE = {2000},
DOI = {10.1007/978-3-662-04230-4_39},
LANGID = {english},
PAGES = {537--549},
SERIES = {Artificial Intelligence Series},
TITLE = {Verbmobil Data Collection and Annotation},
}

@ARTICLE{cardinaletti1986,
AUTHOR = {Cardinaletti, Anna},
DATE = {1986},
JOURNALTITLE = {GAGL: Groninger Arbeiten zur germanistischen Linguistik},
LANGID = {english},
NUMBER = {28},
PAGES = {202--231},
SHORTTITLE = {Topicalization in {{German}}},
TITLE = {Topicalization in {{German}}: Movement to {{COMP}} or Base-Generation in {{TOP}}?},
}

@INCOLLECTION{cardinaletti1990,
AUTHOR = {Cardinaletti, Anna},
EDITOR = {Mascaró, Joan and Nespor, Marina},
LOCATION = {Berlin},
PUBLISHER = {De Gruyter Mouton},
BOOKTITLE = {Grammar in Progress},
DATE = {1990},
DOI = {10.1515/9783110867848.75},
IDS = {cardinaletti1990a},
LANGID = {english},
PAGES = {75--84},
TITLE = {Subject/Object Asymmetries in {{German}} Null-Topic Constructions and the Status of {{specCP}}},
}

@ARTICLE{carifio.perla2008,
AUTHOR = {Carifio, James and Perla, Rocco},
PUBLISHER = {Wiley-Blackwell},
DATE = {2008},
DOI = {10.1111/j.1365-2923.2008.03172.x},
ISSN = {03080110},
JOURNALTITLE = {Medical Education},
NUMBER = {12},
PAGES = {1150--1152},
TITLE = {Resolving the 50-Year Debate around Using and Misusing {{Likert}} Scales},
VOLUME = {42},
}

@ARTICLE{chafe1974,
AUTHOR = {Chafe, Wallace},
DATE = {1974},
DOI = {10.2307/412014},
JOURNALTITLE = {Language},
LANGID = {english},
NUMBER = {1},
PAGES = {111--133},
TITLE = {Language and consciousness},
VOLUME = {50},
}

@INCOLLECTION{chafe1976,
AUTHOR = {Chafe, Wallace},
EDITOR = {Li, Charles N.},
LOCATION = {New York},
PUBLISHER = {Academic Press},
BOOKTITLE = {Subject and Topic},
DATE = {1976},
PAGES = {27--55},
TITLE = {Givenness, Contrastiveness, Definiteness, Subjects, Topics, and Point of View},
}

@BOOK{chafe1994,
AUTHOR = {Chafe, Wallace},
LOCATION = {Chicago},
PUBLISHER = {University of Chicago Press},
DATE = {1994},
SHORTTITLE = {Discourse, Consciousness, and Time},
TITLE = {Discourse, Consciousness, and Time: The Flow and Displacement of Conscious Experience in Speaking and Writing},
}

@ARTICLE{chambers.smyth1998,
AUTHOR = {Chambers, Craig G. and Smyth, Ron},
DATE = {1998},
DOI = {10.1006/jmla.1998.2575},
ISSN = {0749596X},
JOURNALTITLE = {Journal of Memory and Language},
LANGID = {english},
NUMBER = {4},
PAGES = {593--608},
SHORTTITLE = {Structural {{Parallelism}} and {{Discourse Coherence}}},
TITLE = {Structural Parallelism and Discourse Coherence: A Test of Centering Theory},
VOLUME = {39},
}

@INCOLLECTION{chiarcos.etal2011,
AUTHOR = {Chiarcos, Christian and {Berry Claus} and Grabski, Michael},
EDITOR = {Chiarcos, Christian and Claus, Berry and Grabski, Michael},
LOCATION = {Berlin},
PUBLISHER = {De Gruyter Mouton},
BOOKTITLE = {Salience. {{Multidisciplinary}} Perpectives on Its Function in Discourse},
DATE = {2011},
DOI = {10.1515/9783110241020.1},
NUMBER = {227},
PAGES = {1--28},
SERIES = {Trends in Linguistics. {{Studies}} and Monographs},
TITLE = {Introduction: Salience in Linguistics and Beyond},
}

@BOOK{chomsky1981,
AUTHOR = {Chomsky, Noam},
LOCATION = {Dordrecht},
PUBLISHER = {Foris},
DATE = {1981},
NUMBER = {9},
SERIES = {Studies in Generative Grammar},
TITLE = {Lectures on Government and Binding. {{The Pisa Lectures}}},
DOI = {10.1515/9783110884166}
}

@BOOK{chomsky1982,
AUTHOR = {Chomsky, Noam},
LOCATION = {Cambridge},
PUBLISHER = {MIT Press},
DATE = {1982},
NUMBER = {6},
SERIES = {Linguistic Inquiry Monographs},
TITLE = {Some Concepts and Consequences of the Theory of Government and Binding},
}

@BOOK{chomsky1986,
AUTHOR = {Chomsky, Noam},
LOCATION = {Cambridge},
PUBLISHER = {MIT Press},
DATE = {1986},
NUMBER = {13},
SERIES = {Linguistic Inquiry Monographs},
TITLE = {Barriers},
}

@REPORT{christensen2019,
AUTHOR = {Christensen, Rune Haubo Bojesen},
URL = {https://rdrr.io/cran/ordinal/},
DATE = {2019},
TITLE = {Ordinal. {{Regression}} Models for Ordinal Data. {{R}} Package Version 2019.12-10},
URLDATE = {2020-04-30},
}

@BOOK{cinque1990,
AUTHOR = {Cinque, Guglielmo},
LOCATION = {Cambridge},
PUBLISHER = {MIT Press},
DATE = {1990},
NUMBER = {17},
SERIES = {Linguistic Inquiry Monographs},
TITLE = {Types of {{Ā-dependencies}}},
}

@INPROCEEDINGS{clark1975,
AUTHOR = {Clark, Herbert H.},
LOCATION = {Stroudsburg},
PUBLISHER = {Association for Computational Linguistics},
BOOKTITLE = {{{TINLAP}} '75: {{Proceedings}} of the 1975 {{Workshop}} on {{Theoretical}} {{Issues}} in {{Natural Language Processing}}},
DATE = {1975},
DOI = {10.3115/980190.980237},
PAGES = {169--174},
TITLE = {Bridging},
}

@ONLINE{clickworker2022,
AUTHOR = {{Clickworker}},
URL = {https://www.clickworker.de/ueber-uns/},
DATE = {2022},
LANGID = {german},
TITLE = {Über uns. Crowdsourcing Services \& Content Provider},
URLDATE = {2022-03-24},
}

@ARTICLE{colonna.etal2012,
AUTHOR = {Colonna, Saveria and Schimke, Sarah and Hemforth, Barbara},
DATE = {2012},
DOI = {10.1515/ling-2012-0031},
ISSN = {1613-396X, 0024-3949},
ISSUE = {5},
JOURNALTITLE = {Linguistics},
LANGID = {english},
NUMBER = {5},
PAGES = {991--1013},
SHORTTITLE = {Information Structure Effects on Anaphora Resolution in {{German}} and {{French}}},
TITLE = {Information Structure Effects on Anaphora Resolution in {{German}} and {{French}}: {{A}} Crosslinguistic Study of Pronoun Resolution},
VOLUME = {50},
}

@INCOLLECTION{consten.schwarz-friesel2007,
AUTHOR = {Consten, Manfred and Schwarz-Friesel, Monika},
EDITOR = {Hoffmann, Ludger},
LOCATION = {Berlin},
PUBLISHER = {De Gruyter},
BOOKTITLE = {Handbuch der deutschen Wortarten},
DATE = {2007},
LANGID = {german},
PAGES = {265--292},
SERIES = {De Gruyter Studienbuch},
TITLE = {Anapher},
}

@BOOK{corver.broekhuis2016,
AUTHOR = {Corver, Norbert and Broekhuis, Hans},
LOCATION = {Amsterdam},
PUBLISHER = {Amsterdam University Press},
ANNOTATION = {Accepted: 2019-12-10 14:46:32},
DATE = {2016},
DOI = {10.26530/OAPEN_614910},
LANGID = {english},
SHORTTITLE = {Syntax of {{Dutch}}},
TITLE = {Syntax of {{Dutch}}: {{Verbs}} and Verb Phrases.},
VOLUME = {3},
}

@ARTICLE{crawley.etal1990,
AUTHOR = {Crawley, Rosalind A. and Stevenson, Rosemary J. and Kleinman, David},
DATE = {1990},
DOI = {10.1007/BF01077259},
ISSN = {1573-6555},
JOURNALTITLE = {Journal of Psycholinguistic Research},
LANGID = {english},
NUMBER = {4},
PAGES = {245--264},
SHORTJOURNAL = {J Psycholinguist Res},
TITLE = {The Use of Heuristic Strategies in the Interpretation of Pronouns},
VOLUME = {19},
}

@ONLINE{crump.etal2019,
AUTHOR = {Crump, Matthew J. C. and Navarro, Danielle J. and Suzuki, Jeffrey},
DATE = {2019},
DOI = {10.17605/OSF.IO/JZE52},
TITLE = {Answering questions with data: {{Introductory}} statistics for psychology students},
}

@INCOLLECTION{dalessandro2015,
AUTHOR = {D’Alessandro, Roberta},
EDITOR = {Fábregas, Antonio and Mateu, Jaume and Putnam, Michael T.},
LOCATION = {London},
PUBLISHER = {Bloomsbury Academic},
BOOKTITLE = {Contemporary Linguistic Parameters},
DATE = {2015},
DOI = {10.5040/9781474219549},
IDS = {2015,2015a,facuteabregas.etal2015},
PAGES = {201--226},
SERIES = {Contemporary Studies in Linguistics},
TITLE = {Null Subjects},
}

@INCOLLECTION{danes1970,
AUTHOR = {Daneš, František},
EDITOR = {Garvin, Paul L.},
LOCATION = {The Hague},
PUBLISHER = {Mouton},
BOOKTITLE = {Method and Theory in Linguistics},
DATE = {1970},
DOI = {10.1515/9783110872521.132},
LANGID = {english},
NUMBER = {40},
PAGES = {132--146},
SERIES = {Janua Linguarum. {{Series Maior}}},
SHORTTITLE = {One {{Instance}} of {{Prague School Methodology}}},
TITLE = {One Instance of {{Prague School}} Methodology: Functional Analysis of Utterance and Text},
}

@ARTICLE{davidson1996,
AUTHOR = {Davidson, Brad},
DATE = {1996},
DOI = {10.1016/0378-2166(95)00063-1},
ISSN = {03782166},
JOURNALTITLE = {Journal of Pragmatics},
LANGID = {english},
NUMBER = {4},
PAGES = {543--565},
SHORTJOURNAL = {Journal of Pragmatics},
SHORTTITLE = {‘{{Pragmatic}} Weight’ and {{Spanish}} Subject Pronouns},
TITLE = {‘{{Pragmatic}} Weight’ and {{Spanish}} Subject Pronouns: {{The}} Pragmatic and Discourse Uses of ‘Tú’ and ‘Yo’ in Spoken {{Madrid Spanish}}},
VOLUME = {26},
}

@ARTICLE{demberg.keller2008,
AUTHOR = {Demberg, Vera and Keller, Frank},
DATE = {2008},
DOI = {10.1016/j.cognition.2008.07.008},
ISSN = {0010-0277},
JOURNALTITLE = {Cognition},
NUMBER = {2},
PAGES = {193--210},
TITLE = {Data from Eye-Tracking Corpora as Evidence for Theories of Syntactic Processing Complexity},
VOLUME = {109},
}

@INCOLLECTION{denbesten1983,
OPTIONS = {useprefix=1},
AUTHOR = {den Besten, Hans},
EDITOR = {Abraham, Werner},
LOCATION = {Amsterdam},
PUBLISHER = {John Benjamins},
BOOKTITLE = {On the Formal Syntax of the {{Westgermania}}: {{Papers}} from the 3rd {{Groningen Grammar Talks}} (3e {{Groninger Grammatikgespräche}}), {{Groningen}}, {{January}} 1981},
DATE = {1983},
DOI = {10.1075/la.3.03bes},
LANGID = {english},
NUMBER = {3},
SERIES = {Linguistik Aktuell / {{Linguistics}} Today},
TITLE = {On the Interaction of Root Transformations and Lexical Deletive Rules},
}

@BOOK{dikken2013,
EDITOR = {den Dikken, Marcel},
LOCATION = {Cambridge},
PUBLISHER = {Cambridge University Press},
DATE = {2013},
LANGID = {english},
TITLE = {The {{Cambridge}} Handbook of Generative Syntax},
DOI = {10.1017/CBO9780511804571}
}

@INCOLLECTION{deppermann2021,
AUTHOR = {Deppermann, Arnulf},
EDITOR = {Weidner, Beate and König, Katharina and Imo, Wolfgang and Wegner, Lars},
LOCATION = {Berlin},
PUBLISHER = {De Gruyter},
BOOKTITLE = {Verfestigungen in der Interaktion},
DATE = {2021},
DOI = {10.1515/9783110637502-009},
LANGID = {german},
NUMBER = {13},
PAGES = {195--230},
SERIES = {Empirische Linguistik / Empirical linguistics},
SHORTTITLE = {Imperative im Deutschen},
TITLE = {Imperative im Deutschen: Konstruktionen, Praktiken oder social action formats?},
}

@BOOK{dittmann.etal2007,
AUTHOR = {Dittmann, Jürgen and Siebert, Hedy and Staiger-Anlauf, Yvonne},
LOCATION = {Hannover},
PUBLISHER = {{{Gottfried}} {{Wilhelm}} {{Leibniz}} {{Universität}}, {{Seminar}} für deutsche {{Literatur}} und {{Sprache}}},
DATE = {2007},
DOI = {10.15488/2941},
LANGID = {german},
NUMBER = {50},
SERIES = {Networx},
TITLE = {Medium und Kommunikationsform – am Beispiel der SMS},
}

@ARTICLE{doring2002,
AUTHOR = {Döring, Nicola},
DATE = {2002},
JOURNALTITLE = {Muttersprache. Vierteljahresschrift für Deutsche Sprache},
NUMBER = {2},
PAGES = {97--114},
TITLE = {``{{Kurzm}}. Wird Gesendet''. {{Abkürzungen}} Und {{Akronyme}} in Der {{SMS-Kommunikation}}},
VOLUME = {112},
SORTNAME = {Doering, Nicola}
}

@BOOK{drach1937,
AUTHOR = {Drach, Erich},
LOCATION = {Frankfurt/Main},
PUBLISHER = {Diesterweg},
DATE = {1937},
TITLE = {Grundgedanken Der Deutschen {{Satzlehre}}},
}

@INCOLLECTION{wals-101,
AUTHOR = {Dryer, Matthew S.},
EDITOR = {Dryer, Matthew S. and Haspelmath, Martin},
LOCATION = {Leipzig},
PUBLISHER = {Max Planck Institute for Evolutionary Anthropology},
URL = {https://wals.info/chapter/101},
BOOKTITLE = {The World Atlas of Language Structures Online},
DATE = {2013},
IDS = {dryer2013},
TITLE = {Expression of Pronominal Subjects},
URLDATE = {2023-05-05},
}

@INCOLLECTION{dryer2013a,
AUTHOR = {Dryer, Matthew S.},
EDITOR = {Dryer, Matthew S. and Haspelmath, Martin},
PUBLISHER = {Max Planck Institute for Evolutionary Anthropology},
URL = {http://wals.info/chapter/81},
BOOKTITLE = {The World Atlas of Language Structures Online},
DATE = {2013},
TITLE = {Order of Subject, Object and Verb},
TYPE = {Data set},
URLDATE = {2023-06-15},
}

@THESIS{duarte1995,
AUTHOR = {Duarte, Maria Eugênia Lamoglia},
INSTITUTION = {Universidade Estadual de Campinas},
LOCATION = {Campinas},
DATE = {1995},
LANGID = {portuguese},
TITLE = {A perda do princípio “evite pronome” no português brasileiro},
TYPE = {phdthesis},
}

@BOOK{duden2016,
AUTHOR = {{Duden}},
EDITOR = {Wöllstein, Angelika and Dudenredaktion},
LOCATION = {Berlin},
PUBLISHER = {Dudenverlag},
DATE = {2016},
EDITION = {9th, completely revised and updated edition},
LANGID = {german},
SHORTTITLE = {Die Grammatik},
TITLE = {Duden. Die Grammatik},
}

@BOOK{duden2022,
AUTHOR = {{Duden}},
EDITOR = {Wöllstein, Angelika and Dudenredaktion},
LOCATION = {Berlin},
PUBLISHER = {Dudenverlag},
DATE = {2022},
EDITION = {10th, completely rewritten edition},
LANGID = {german},
TITLE = {Duden. Die Grammatik},
}

@ONLINE{erwehren,
AUTHOR = {{Dudenredaktion}},
ORGANIZATION = {Duden online},
URL = {https://www.duden.de/rechtschreibung/erwehren},
TITLE = {„erwehren“},
URLDATE = {2021-12-23},
}

@INCOLLECTION{durscheid2016,
AUTHOR = {Dürscheid, Christa},
EDITOR = {Feilke, Helmuth and Hennig, Mathilde},
LOCATION = {Berlin},
PUBLISHER = {De Gruyter},
BOOKTITLE = {Zur Karriere von `Nähe und Distanz'},
DATE = {2016},
DOI = {10.1515/9783110464061-013},
IDS = {duerscheid2016},
LANGID = {german},
TITLE = {Nähe, Distanz und neue Medien},
SORTNAME = {Duerscheid, Christa}
}

@ARTICLE{durscheid.brommer2009,
AUTHOR = {Dürscheid, Christa and Brommer, Sarah},
DATE = {2009},
JOURNALTITLE = {Linguistik Online},
PAGES = {3--20},
SHORTTITLE = {Dürscheid, {{Christa}}/{{Brommer}}, {{Sarah}} (2009)},
TITLE = {Getippte {{Dialoge}} in Neuen {{Medien}}. {{Sprachkritische Aspekte}} Und Linguistische {{Analysen}}},
VOLUME = {37},
NUMBER = {1},
DOI = {10.13092/lo.37.511},
SORTNAME = {Duerscheid, Christa and Brommer, Sarah}
}

@INCOLLECTION{durscheid.frick2014,
AUTHOR = {Dürscheid, Christa and Frick, Karina},
EDITOR = {Runkehl, Jens and Mathias, Alexa and Siever, Torsten},
LOCATION = {Hannover},
BOOKTITLE = {Sprachen? {{Vielfalt}}! {{Sprache}} Und {{Kommunikation}} in Der {{Gesellschaft}} Und Den {{Medien}}. {{Eine Online-Festschrift}} Zum {{Jubiläum}} von {{Peter Schlobinski}}},
DATE = {2014},
NUMBER = {64},
PAGES = {149--181},
PUBLISHER = {{{Gottfried}} {{Wilhelm}} {{Leibniz}} {{Universität}}, {{Seminar}} für deutsche {{Literatur}} und {{Sprache}}},
SERIES = {Networx},
TITLE = {Keyboard-to-Screen-{{Kommunikation}} Gestern Und Heute: {{SMS}} Und {{WhatsApp}} Im {{Vergleich}}},
SORTNAME = {Duerscheid, Christa and Frick, Karina}
}

@ARTICLE{duguine2014,
AUTHOR = {Duguine, Maia},
DATE = {2014},
DOI = {10.1515/tlr-2014-0010},
ISSN = {1613-3676},
JOURNALTITLE = {The Linguistic Review},
LANGID = {english},
NUMBER = {3-4},
PAGES = {515--549},
SHORTTITLE = {Argument Ellipsis},
TITLE = {Argument Ellipsis: A Unitary Approach to pro-Drop},
VOLUME = {31},
}

@THESIS{eckert1998.diss,
AUTHOR = {Eckert, Miriam},
INSTITUTION = {University of Edinburgh},
LOCATION = {Edinburgh},
DATE = {1998},
LANGID = {english},
TITLE = {Discourse Deixis and Null Anaphora in {{German}}},
TYPE = {phdthesis},
}

@INCOLLECTION{eide.sollid2011,
AUTHOR = {Eide, Kristin Melum and Sollid, Hilde},
EDITOR = {Siemund, Peter},
LOCATION = {Berlin},
PUBLISHER = {De Gruyter Mouton},
BOOKTITLE = {Linguistic Universals and Language Variation},
DATE = {2011},
DOI = {10.1515/9783110238068.327},
NUMBER = {231},
PAGES = {327--360},
SERIES = {Trends in Linguistics. {{Studies}} and Monographs},
TITLE = {Norwegian Main Clause Declaratives: Variation within and across Grammars},
}

@INCOLLECTION{eisenberg2002,
AUTHOR = {Eisenberg, Peter},
EDITOR = {Hass-Zumkehr, Ulrike and Kallmeyer, Werner and Zifonun, Gisela},
LOCATION = {Tübingen},
PUBLISHER = {Narr},
BOOKTITLE = {Ansichten der deutschen Sprache: Festschrift für Gerhard Stickel zum 65. Geburtstag},
DATE = {2002},
LANGID = {german},
NUMBER = {25},
PAGES = {55--87},
SERIES = {Studien zur deutschen Sprache},
TITLE = {Es gibt Gerüchte über eine Rettung Österreichs. Zur Rekonstruktion der Grammatik von Karl Kraus},
}

@BOOK{eisenberg2020,
AUTHOR = {Eisenberg, Peter},
NAMEA = {Schöneich, Rolf},
LOCATION = {Stuttgart},
PUBLISHER = {Metzler},
DATE = {2020},
DOI = {10.1007/978-3-476-05094-6},
EDITION = {5},
LANGID = {german},
NAMEATYPE = {collaborator},
SHORTTITLE = {Grundriss der deutschen Grammatik},
TITLE = {Grundriss der deutschen Grammatik: Der Satz},
}

@ONLINE{ellipsis,
ORGANIZATION = {Wiktionary},
URL = {https://en.wiktionary.org/w/index.php?title=ellipsis&oldid=72791181},
ANNOTATION = {Page Version ID: 71725907},
DATE = {2023},
LANGID = {english},
TITLE = {Ellipsis},
URLDATE = {2023-05-25},
}

@BOOK{engel1970,
AUTHOR = {Engel, Ulrich},
LOCATION = {Mannheim},
PUBLISHER = {Institut für Deutsche Sprache},
DATE = {1970},
NUMBER = {5},
SERIES = {Forschungsberichte des {{Instituts}} für deutsche {{Sprache}}},
TITLE = {Regeln Zur {{Wortstellung}}},
}

@INCOLLECTION{engel1972,
AUTHOR = {Engel, Ulrich},
EDITOR = {Moser, Hugo},
LOCATION = {Düsseldorf},
PUBLISHER = {Schwann},
BOOKTITLE = {Linguistische {{Studien}}},
DATE = {1972},
NUMBER = {19},
PAGES = {17--75},
SERIES = {Sprache der {{Gegenwart}}},
TITLE = {Regeln Zur "{{Satzgliedfolge}}". {{Zur Stellung}} Der {{Elemente}} Im Einfachen {{Verbalsatz}}},
VOLUME = {1},
DOI = {10.1515/9783110854442.17}
}

@BOOK{erdmann1886,
AUTHOR = {Erdmann, Oskar},
LOCATION = {Stuttgart},
PUBLISHER = {J. G. Cotta’sche Buchhandlung},
DATE = {1886},
LANGID = {german},
TITLE = {Grundzüge der deutschen Syntax nach ihrer geschichtlichen Entwicklung dargestellt. Erste Abteilung},
}

@BOOK{erteschik-shir1997,
AUTHOR = {Erteschik-Shir, Nomi},
LOCATION = {Cambridge},
PUBLISHER = {Cambridge University Press},
DATE = {1997},
DOI = {10.1017/CBO9780511519949},
LANGID = {english},
NUMBER = {84},
SERIES = {Cambridge Studies in Linguistics},
TITLE = {The Dynamics of Focus Structure},
}

@BOOK{erteschik-shir2007,
AUTHOR = {Erteschik-Shir, Nomi},
LOCATION = {Oxford},
PUBLISHER = {Oxford University Press},
ANNOTATION = {OCLC: ocm71004217},
DATE = {2007},
NUMBER = {3},
SERIES = {Oxford Surveys in Syntax and Morphology},
SHORTTITLE = {Information Structure},
TITLE = {Information Structure: The Syntax-Discourse Interface},
}

@ARTICLE{falk1993,
AUTHOR = {Falk, Cecilia},
DATE = {1993},
DOI = {10.1016/0024-3841(93)90051-W},
ISSN = {0024-3841},
JOURNALTITLE = {Lingua},
LANGID = {english},
NUMBER = {2-3},
PAGES = {143--180},
SHORTJOURNAL = {Lingua},
TITLE = {Non-Referential Subjects and Agreement in the History of {{Swedish}}},
VOLUME = {89},
}

@INCOLLECTION{fanselow.frisch2006,
AUTHOR = {Fanselow, Gisbert and Frisch, Stefan},
EDITOR = {Fanselow, Gisbert and Féry, Caroline and Schlesewsky, Matthias and Vogel, Ralf},
LOCATION = {Oxford},
PUBLISHER = {Oxford University Press},
BOOKTITLE = {Gradience in Grammar: Generative Perspectives},
DATE = {2006},
DOI = {10.1093/acprof:oso/9780199274796.003.0015},
PAGES = {291--316},
TITLE = {Effects of Processing Difficulty on Judgements of Acceptability},
}

@ARTICLE{fenk.fenk1980,
AUTHOR = {Fenk, August and Fenk, Gertraud},
DATE = {1980},
JOURNALTITLE = {Zeitschrift für experimentelle und angewandte Psychologie},
NUMBER = {3},
PAGES = {400--414},
TITLE = {Konstanz Im {{Kurzzeitgedächtnis}} -- {{Konstanz}} Im Sprachlichen {{Informationsfluß}}?},
VOLUME = {27},
}

@ARTICLE{fenk-oczlon1989,
AUTHOR = {Fenk-Oczlon, Gertraud},
DATE = {1989},
DOI = {10.1515/ling.1989.27.3.517},
IDS = {fenk-oczlon1989a},
JOURNALTITLE = {Linguistics},
LANGID = {english},
NUMBER = {3},
PAGES = {517--556},
TITLE = {Word Frequency and Word Order in Freezes},
VOLUME = {27},
}

@INCOLLECTION{fenk-oczlon1990,
AUTHOR = {Fenk-Oczlon, Gertraud},
EDITOR = {Boretzky, Norbert and Enninger, Werner and Stolz, Thomas},
LOCATION = {Bochum},
PUBLISHER = {Brockmayer},
BOOKTITLE = {Spielarten der Natürlichkeit -- Spielarten der Ökonomie},
DATE = {1990},
LANGID = {german},
PAGES = {37--50},
SERIES = {Beiträge zum 5. Essener Kolloquium über Grammatikalisierung, Natürlichkeit und Systemökonomie vom 6. 10.--8.10.1988 an der Universität Essen},
TITLE = {Ökonomieprinzipien in Kognition und Kommunikation},
}

@INCOLLECTION{ferreira2007,
AUTHOR = {Ferreira, Victor S.},
EDITOR = {Meyer, Antje and Wheeldon, Linda and Krott, Andrea},
LOCATION = {Hove},
PUBLISHER = {Psychology Press},
BOOKTITLE = {Automaticity and Control in Language Processing},
DATE = {2007},
LANGID = {english},
PAGES = {63--92},
TITLE = {How Are Speakers' Linguistic Choices Affected by Ambiguity?},
}

@ARTICLE{ferreira2008,
AUTHOR = {Ferreira, Victor S.},
DATE = {2008},
DOI = {10.1016/S0079-7421(08)00006-6},
JOURNALTITLE = {Psychology of Learning and Motivation. Advances in Research and Theory},
LANGID = {english},
PAGES = {209--246},
TITLE = {Ambiguity, Accessibility, and a Division of Labor for Communicative Success},
VOLUME = {49},
}

@ARTICLE{ferreira.dell2000,
AUTHOR = {Ferreira, Victor S. and Dell, Gary S.},
DATE = {2000},
DOI = {10.1006/cogp.1999.0730},
ISSN = {00100285},
JOURNALTITLE = {Cognitive Psychology},
LANGID = {english},
NUMBER = {4},
PAGES = {296--340},
TITLE = {Effect of Ambiguity and Lexical Availability on Syntactic and Lexical Production},
VOLUME = {40},
}

@ARTICLE{ferreira.etal2005,
AUTHOR = {Ferreira, Victor S. and Slevc, L. Robert and Rogers, Erin S.},
DATE = {2005},
DOI = {10.1016/j.cognition.2004.09.002},
ISSN = {0010-0277},
JOURNALTITLE = {Cognition},
LANGID = {english},
NUMBER = {3},
PAGES = {263--284},
SHORTJOURNAL = {Cognition},
TITLE = {How Do Speakers Avoid Ambiguous Linguistic Expressions?},
VOLUME = {96},
}

@INCOLLECTION{fery2006,
AUTHOR = {Féry, Caroline},
EDITOR = {Blühdorn, Hardarik and Breindl, Eva and Waßner, Ulrich Hermann},
LOCATION = {Berlin},
PUBLISHER = {De Gruyter},
BOOKTITLE = {Text -- Verstehen. Grammatik und darüber hinaus},
DATE = {2006},
DOI = {10.1515/9783110199963.1.164},
LANGID = {german},
NUMBER = {2005},
PAGES = {164--186},
SERIES = {Jahrbuch des Instituts für Deutsche Sprache},
TITLE = {Laute und leise Prosodie},
}

@ARTICLE{filippova.strube2007,
AUTHOR = {Filippova, Katja and Strube, Michael},
DATE = {2007},
DOI = {10.1007/s10849-007-9044-3},
IDS = {filippova.strube2007a},
ISSN = {0925-8531},
JOURNALTITLE = {Journal of Logic, Language, and Information},
LANGID = {english},
NUMBER = {4},
PAGES = {465--485},
TITLE = {The {{German}} {{Vorfeld}} and Local Coherence},
VOLUME = {16},
}

@ARTICLE{firbas1971,
AUTHOR = {Firbas, Jan},
DATE = {1971},
JOURNALTITLE = {Sborník prací Filozofické fakulty brněnské univerzity},
LANGID = {english},
NUMBER = {A19},
PAGES = {135--144},
TITLE = {On the Concept of Communicative Dynamism in the Theory of Functional Sentence Perspective},
}

@INCOLLECTION{firbas1982,
AUTHOR = {Firbas, Jan},
EDITOR = {Anderson, John A. E.},
LOCATION = {Amsterdam},
PUBLISHER = {John Benjamins},
BOOKTITLE = {Language Form and Linguistic Variation. {{Papers}} Dedicated to {{Angus McIntosh}}},
DATE = {1982},
DOI = {10.1075/cilt.15.07fir},
LANGID = {english},
NUMBER = {15},
PAGES = {97--116},
SERIES = {Current Issues in Linguistic Theory},
TITLE = {Has Every Sentence a Theme and a Rheme?},
}

@BOOK{firbas1992,
AUTHOR = {Firbas, Jan},
LOCATION = {Cambridge},
PUBLISHER = {Cambridge University Press},
DATE = {1992},
DOI = {10.1017/CBO9780511597817},
SERIES = {Studies in {{English}} Language},
TITLE = {Functional Sentence Perspective in Written and Spoken Communication},
}

@INCOLLECTION{fischer2006,
AUTHOR = {Fischer, Kerstin},
EDITOR = {Fischer, Kerstin},
LOCATION = {Leiden},
PUBLISHER = {Brill},
BOOKTITLE = {Approaches to Discourse Particles},
DATE = {2006},
DOI = {10.1163/9780080461588_002},
LANGID = {english},
NUMBER = {1},
PAGES = {1--20},
SERIES = {Studies in {{Pragmatics}}},
SHORTTITLE = {Towards an Understanding of the Spectrum of Approaches to Discourse Particles},
TITLE = {Towards an Understanding of the Spectrum of Approaches to Discourse Particles: Introduction to the Volume},
}

@ARTICLE{fortmann2005,
AUTHOR = {Fortmann, Christian},
DATE = {2005},
JOURNALTITLE = {Linguistische Berichte},
LANGID = {german},
PAGES = {441--476},
TITLE = {Die Lücken im Bild von der Subjektlücken-Koordination},
VOLUME = {204},
}

@ARTICLE{fox2007,
AUTHOR = {Fox, Barbara A.},
DATE = {2007},
DOI = {10.1177/1461445607076},
ISSN = {1461-4456},
JOURNALTITLE = {Discourse Studies},
NUMBER = {3},
PAGES = {299--318},
SHORTTITLE = {Principles Shaping Grammatical Practices},
TITLE = {Principles Shaping Grammatical Practices: An Exploration},
VOLUME = {9},
}

@INPROCEEDINGS{frank.jaeger2008,
AUTHOR = {Frank, Austin F. and Jaeger, T. Florian},
LOCATION = {Austin},
BOOKTITLE = {Proceedings of the 30th {{Annual Conference}} of the {{Cognitive Science Society}} ({{CogSci}} 2008)},
DATE = {2008},
LANGID = {english},
PAGES = {939--944},
TITLE = {Speaking Rationally: Uniform Information Density as an Optimal Strategy for Language Production},
EDITOR = {Cognitive Science Society}
}

@ARTICLE{frank2000,
AUTHOR = {Frank, Nicola},
DATE = {2000},
JOURNALTITLE = {Linguistische Berichte},
LANGID = {german},
PAGES = {469--483},
TITLE = {Probleme lexikalischer Selektion und abhängige Verbzweitsätze},
VOLUME = {184},
}

@ARTICLE{frank.etal2015,
AUTHOR = {Frank, Stefan L. and Otten, Leun J. and Galli, Giulia and Vigliocco, Gabriella},
DATE = {2015},
DOI = {10.1016/j.bandl.2014.10.006},
ISSN = {0093-934X},
JOURNALTITLE = {Brain and Language},
LANGID = {english},
PAGES = {1--11},
SHORTJOURNAL = {Brain and Language},
TITLE = {The {{ERP}} Response to the Amount of Information Conveyed by Words in Sentences},
VOLUME = {140},
}

@BOOK{franks1995,
AUTHOR = {Franks, Steven},
LOCATION = {New York},
PUBLISHER = {Oxford University Press},
DATE = {1995},
SERIES = {Oxford Studies in Comparative Syntax},
TITLE = {Parameters of {{Slavic}} Morphosyntax},
DOI = {10.1093/oso/9780195089707.001.0001}
}

@ARTICLE{frey2000,
AUTHOR = {Frey, Werner},
DATE = {2000},
DOI = {10.21248/zaspil.20.2000.82},
IDS = {frey2000a},
JOURNALTITLE = {ZAS Papers in Linguistics},
LANGID = {german},
PAGES = {137--172},
TITLE = {Über die syntaktische Position der Satztopiks im Deutschen},
VOLUME = {20},
}

@INCOLLECTION{frey2005,
OPTIONS = {useprefix=1},
AUTHOR = {Frey, Werner},
EDITOR = {d' Avis, Franz-Josef},
LOCATION = {Göteburg},
PUBLISHER = {Acta Universitatis Gothoburgensis},
BOOKTITLE = {Deutsche Syntax: Empirie und Theorie},
DATE = {2005},
IDS = {frey},
LANGID = {german},
NUMBER = {46},
PAGES = {147--171},
SERIES = {Göteborger Germanistische Forschungen},
TITLE = {Zur Syntax der linken Peripherie im Deutschen},
}

@INCOLLECTION{freywald2009,
AUTHOR = {Freywald, Ulrike},
EDITOR = {Ehrich, Veronika and Fortmann, Christian and Reich, Ingo and Reis, Marga},
LOCATION = {Hamburg},
PUBLISHER = {Buske},
BOOKTITLE = {Koordination und Subordination im Deutschen},
DATE = {2009},
LANGID = {german},
NUMBER = {16},
PAGES = {113--134},
SERIES = {Linguistische Berichte. Sonderheft},
TITLE = {Kontexte für nicht-kanonische Verbzweitstellung: V2 nach \emph{dass} und Verwandtes},
}

@INCOLLECTION{freywald2013,
AUTHOR = {Freywald, Ulrike},
EDITOR = {Meibauer, Jörg and Steinbach, Markus and Altmann, Hans},
LOCATION = {Berlin},
PUBLISHER = {De Gruyter},
BOOKTITLE = {Satztypen des Deutschen},
DATE = {2013},
DOI = {10.1515/9783110224832.317},
LANGID = {german},
PAGES = {317--337},
TITLE = {Uneingeleiteter V1- und V2-Satz},
}

@INCOLLECTION{freywald2016,
AUTHOR = {Freywald, Ulrike},
EDITOR = {Finkbeiner, Rita and Meibauer, Jörg},
LOCATION = {Berlin},
PUBLISHER = {De Gruyter},
BOOKTITLE = {Satztypen Und {{Konstruktionen}}},
DATE = {2016},
DOI = {10.1515/9783110423112-011},
NUMBER = {65},
PAGES = {326--372},
SERIES = {Linguistik – {{Impulse}} \& {{Tendenzen}}},
TITLE = {"{{V2-Nebensätze}}" -- Ein Eigener {{Satztyp}}?},
}

@INCOLLECTION{freywald2020,
AUTHOR = {Freywald, Ulrike},
EDITOR = {Külpmann, Robert and Neuhaus, Laura and Symanczyk Joppe, Vilma},
LOCATION = {Hamburg},
PUBLISHER = {Buske},
BOOKTITLE = {Variation in der Argumentstruktur des Deutschen},
DATE = {2020},
LANGID = {german},
NUMBER = {28},
PAGES = {147--177},
SERIES = {Linguistische Berichte. Sonderheft},
TITLE = {Nach dem Öffnen rasch verbrauchen! Objektauslassung in direktiven Infinitiven – ein Fall von Topikdrop},
}

@BOOK{frick2017,
AUTHOR = {Frick, Karina},
LOCATION = {Berlin},
PUBLISHER = {De Gruyter},
DATE = {2017},
DOI = {10.1515/9783110517859},
IDS = {frick2017a},
NUMBER = {7},
SERIES = {Empirische {{Linguistik}} = {{Empirical}} Linguistics},
SHORTTITLE = {Elliptische {{Strukturen}} in {{SMS}}},
TITLE = {Elliptische {{Strukturen}} in {{SMS}}: {{Eine}} Korpusbasierte {{Untersuchung}} Des {{Schweizerdeutschen}}},
}

@ARTICLE{fries1988,
AUTHOR = {Fries, Norbert},
DATE = {1988},
DOI = {10.18452/9478},
JOURNALTITLE = {Sprache \& Pragmatik},
PAGES = {19--49},
SHORTJOURNAL = {S\&P},
TITLE = {Über Das {{Null-Topik}} Im {{Deutschen}}},
VOLUME = {3},
}

@INCOLLECTION{gallmann2015,
AUTHOR = {Gallmann, Peter},
EDITOR = {Wöllstein, Angelika and Ripp, Saskia},
LOCATION = {Baltmannsweiler},
PUBLISHER = {Schneider-Verlag Hohengehren},
BOOKTITLE = {Das topologische Modell für die Schule},
DATE = {2015},
LANGID = {german},
NUMBER = {19},
PAGES = {1--36},
SERIES = {Thema Sprache -- Wissenschaft für den Unterricht},
TITLE = {Das topologische Modell: Basisartikel},
}

@BOOK{gallmann.sitta2007,
AUTHOR = {Gallmann, Peter and Sitta, Horst},
LOCATION = {Zürich},
PUBLISHER = {Lehrmittelverlag des Kantons Zürich},
DATE = {2007},
EDITION = {5},
LANGID = {german},
SERIES = {Lehrmittel der Interkantonalen Lehrmittelzentrale},
SHORTTITLE = {Deutsche Grammatik},
TITLE = {Deutsche Grammatik},
}

@BOOK{gansel.juergens2009,
AUTHOR = {Gansel, Christina and Jürgens, Frank},
LOCATION = {Göttingen},
PUBLISHER = {Vandenhoeck \& Ruprecht},
DATE = {2009},
DOI = {10.36198/9783838532653},
EDITION = {New edition of the 2nd, revised and supplemented edition of 2007},
LANGID = {german},
NUMBER = {3265},
SERIES = {UTB Sprachwissenschaft},
SHORTTITLE = {Textlinguistik und Textgrammatik},
TITLE = {Textlinguistik und Textgrammatik. Eine Einführung},
}

@INPROCEEDINGS{genzel.charniak2002,
AUTHOR = {Genzel, Dmitriy and Charniak, Eugene},
LOCATION = {Philadelphia},
PUBLISHER = {Association for Computational Linguistics},
BOOKTITLE = {Proceedings of the 40th {{Annual Meeting}} of the {{Association}} for {{Computational Linguistics}} -- {{ACL}} '02},
DATE = {2002},
DOI = {10.3115/1073083.1073117},
IDS = {genzel.charniak2001a},
LANGID = {english},
PAGES = {199--206},
TITLE = {Entropy Rate Constancy in Text},
}

@INPROCEEDINGS{genzel.charniak2003,
AUTHOR = {Genzel, Dmitriy and Charniak, Eugene},
LOCATION = {Sapporo},
PUBLISHER = {Association for Computational Linguistics},
BOOKTITLE = {{{Proceedings}} of the 2003 {{Conference}} on {{Empirical}} {{Methods}} in {{Natural Language Processing}}},
DATE = {2003},
DOI = {10.3115/1119355.1119364},
LANGID = {english},
PAGES = {65--72},
TITLE = {Variation of Entropy and Parse Trees of Sentences as a Function of the Sentence Number}
}

@BOOK{givon1983,
EDITOR = {Givón, Talmy},
LOCATION = {Amsterdam},
PUBLISHER = {John Benjamins},
DATE = {1983},
DOI = {10.1075/tsl.3},
NUMBER = {3},
SERIES = {Typological Studies in Language},
SHORTTITLE = {Topic Continuity in Discourse},
TITLE = {Topic Continuity in Discourse: A Quantitative Cross-Language Study},
}

@ARTICLE{gohl.gunthner1999,
AUTHOR = {Gohl, Christine and Günthner, Susanne},
DATE = {1999},
DOI = {10.1515/zfsw.1999.18.1.39},
ISSN = {1613-3706, 0721-9067},
JOURNALTITLE = {Zeitschrift für Sprachwissenschaft},
LANGID = {german},
NUMBER = {1},
PAGES = {39--75},
TITLE = {Grammatikalisierung von \emph{weil} als Diskursmarker in der gesprochenen Sprache},
VOLUME = {18},
}

@BOOK{goldrick.etal2014,
EDITOR = {Goldrick, Matthew and Ferreira, Victor S. and Miozzo, Michele},
LOCATION = {Oxford},
PUBLISHER = {Oxford University Press},
DATE = {2014},
DOI = {10.1093/oxfordhb/9780199735471.001.0001},
SERIES = {Oxford Library of Psychology},
TITLE = {The {{Oxford}} Handbook of Language Production},
}

@INPROCEEDINGS{gordishevsky.avrutin2004,
OPTIONS = {useprefix=1},
AUTHOR = {Gordishevsky, Galina and Avrutin, Sergey},
EDITOR = {van Kampen, Jacqueline and Baauw, Sergey},
LOCATION = {Utrecht},
PUBLISHER = {LOT},
BOOKTITLE = {Proceedings of {{GALA}} ({{Generative Approaches }} to {{Language Acquisition}}) 2003},
DATE = {2004},
LANGID = {english},
PAGES = {187--198},
TITLE = {Optional Omissions in an Optionally Null Subject Language},
VOLUME = {1},
}

@BOOK{grewendorf1988,
AUTHOR = {Grewendorf, Günther},
LOCATION = {Tübingen},
PUBLISHER = {Narr},
DATE = {1988},
LANGID = {german},
NUMBER = {33},
SERIES = {Studien zur deutschen Grammatik},
SHORTTITLE = {Aspekte der deutschen Syntax},
TITLE = {Aspekte der deutschen Syntax: eine Rektions-Bindungs-Analyse},
}

@INCOLLECTION{grice1975,
AUTHOR = {Grice, Herbert Paul},
EDITOR = {Cole, Peter and Morgan, Jerry L.},
LOCATION = {New York},
PUBLISHER = {Academic {{P}}ress},
BOOKTITLE = {Speech Acts},
DATE = {1975},
DOI = {10.1163/9789004368811_003},
NUMBER = {3},
PAGES = {41--58},
SERIES = {Syntax and Semantics},
TITLE = {Logic and Conversation},
}

@BOOK{grice1989,
AUTHOR = {Grice, Herbert Paul},
LOCATION = {Cambridge},
PUBLISHER = {Harvard {{U}}niversity {{P}}ress},
DATE = {1989},
IDS = {1995},
LANGID = {english},
TITLE = {Studies in the Way of Words},
}

@ARTICLE{grosz.etal1995,
AUTHOR = {Grosz, Barbara J. and Joshi, Aravind K. and Weinstein, Scott},
DATE = {1995},
DOI = {10.21236/ADA324949},
JOURNALTITLE = {Computational Linguistics},
LANGID = {english},
NUMBER = {2},
PAGES = {203--225},
SHORTTITLE = {Centering},
TITLE = {Centering: {{A}} Framework for Modeling the Local Coherence of Discourse},
VOLUME = {21},
}

@BOOK{guenthner2000,
AUTHOR = {Günthner, Susanne},
LOCATION = {Tübingen},
PUBLISHER = {Niemeyer},
DATE = {2000},
DOI = {10.1515/9783110919974},
LANGID = {german},
NUMBER = {221},
SERIES = {Germanistische Linguistik},
TITLE = {Vorwurfsaktivitäten in der Alltagsinteraktion. Grammatische, prosodische, rhetorisch-stilistische und interaktive Verfahren bei der Konstitution kommunikativer Muster und Gattungen},
SORTNAME = {Guenthner, Susanne}
}

@INCOLLECTION{guenthner2006,
AUTHOR = {Günthner, Susanne},
EDITOR = {Deppermann, Arnulf and Fiehler, Reinhard and Spranz-Fogasy, Thomas},
LOCATION = {Radolfszell},
PUBLISHER = {Verlag für Gesprächsforschung},
ANNOTATION = {OCLC: 845787090},
BOOKTITLE = {Grammatik und Interaktion: Untersuchungen zum Zusammenhang zwischen grammatischen Strukturen und Interaktionsprozessen},
DATE = {2006},
LANGID = {german},
PAGES = {95--121},
TITLE = {Grammatische Analysen der kommunikativen Praxis – 'Dichte Konstruktionen' in der Interaktion},
SORTNAME = {Guenthner, Susanne}
}

@INCOLLECTION{gundel1988,
AUTHOR = {Gundel, Jeanette K.},
EDITOR = {Hammond, Michael and Moravcsik, Edith A. and Wirth, Jessica},
LOCATION = {Amsterdam},
PUBLISHER = {John Benjamins},
BOOKTITLE = {Studies in Syntactic Typology},
DATE = {1988},
DOI = {10.1075/tsl.17.16gun},
LANGID = {english},
NUMBER = {17},
PAGES = {209--239},
SERIES = {Typological Studies in Language},
TITLE = {Universals of Topic-Comment Structure},
}

@INCOLLECTION{gundel2010.topic,
AUTHOR = {Gundel, Jeanette K.},
EDITOR = {Cummings, Louise},
LOCATION = {Abingdon},
PUBLISHER = {Routledge},
BOOKTITLE = {The Pragmatics Encyclopedia},
DATE = {2010},
LANGID = {english},
PAGES = {471--472},
TITLE = {Topic},
}

@BOOK{habscheid2011,
EDITOR = {Habscheid, Stephan},
LOCATION = {Berlin},
PUBLISHER = {De Gruyter},
DATE = {2011},
LANGID = {german},
SERIES = {De Gruyter Lexikon},
SHORTTITLE = {Textsorten, Handlungsmuster, Oberflächen},
TITLE = {Textsorten, Handlungsmuster, Oberflächen: Linguistische Typologien der Kommunikation},
DOI = {10.1515/9783110229301}
}

@INCOLLECTION{haegeman1990,
AUTHOR = {Haegeman, Liliane},
EDITOR = {Mascaró, Joan and Nespor, Marina},
LOCATION = {Berlin},
PUBLISHER = {De Gruyter Mouton},
BOOKTITLE = {Grammar in Progress. {{GLOW}} Essays for {{Henk}} van {{Riemsdijk}}},
DATE = {1990},
DOI = {10.1515/9783110867848.167},
IDS = {haegeman1990a},
LANGID = {english},
NUMBER = {36},
PAGES = {167--174},
SERIES = {Studies in Generative Grammar},
TITLE = {Non-Overt Subjects in Diary Contexts},
}

@ARTICLE{haegeman1996,
AUTHOR = {Haegeman, Liliane},
DATE = {1996},
JOURNALTITLE = {GenGenP ({{Geneva Generative Papers}})},
PAGES = {133--175},
TITLE = {Verb-Second, the Split {{CP}} and Null Subjects in Early {{Dutch}} Finite Clauses},
VOLUME = {4},
NUMBER = {2}
}

@ARTICLE{haegeman1997,
AUTHOR = {Haegeman, Liliane},
DATE = {1997},
DOI = {10.1017/S1360674300000526},
ISSN = {1360-6743, 1469-4379},
JOURNALTITLE = {English Language \& Linguistics},
LANGID = {english},
NUMBER = {2},
PAGES = {233--270},
TITLE = {Register Variation, Truncation, and Subject Omission in {{English}} and in {{French}}},
VOLUME = {1},
}

@INCOLLECTION{haegeman2000,
AUTHOR = {Haegeman, Liliane},
EDITOR = {Friedemann, Marc-Ariel and Rizzi, Luigi},
LOCATION = {London},
PUBLISHER = {Routledge},
BOOKTITLE = {The Acquisition of Syntax: Studies in Comparative Developmental Linguistics},
DATE = {2000},
PAGES = {129--169},
TITLE = {Adult Null Subjects in the Non \emph{pro}-Drop Languages},
}

@ARTICLE{haegeman2007,
AUTHOR = {Haegeman, Liliane},
DATE = {2007},
JOURNALTITLE = {Rivista di Grammatica Generativa},
PAGES = {91--124},
TITLE = {Subject Omission in Present-Day Written {{English}}. {{On}} the Theoretical Relevance of Peripheral Data},
VOLUME = {32},
}

@ARTICLE{haegeman2013,
AUTHOR = {Haegeman, Liliane},
DATE = {2013},
DOI = {10.1016/j.lingua.2013.01.005},
ISSN = {0024-3841},
JOURNALTITLE = {Lingua},
LANGID = {english},
PAGES = {88--110},
SHORTJOURNAL = {Lingua},
SHORTTITLE = {The Syntax of Registers},
TITLE = {The Syntax of Registers: {{Diary}} Subject Omission and the Privilege of the Root},
VOLUME = {130},
}

@ARTICLE{haegeman2017,
AUTHOR = {Haegeman, Liliane},
DATE = {2017},
DOI = {10.1075/lv.14019.hae},
ISSN = {2211-6834, 2211-6842},
JOURNALTITLE = {Linguistic Variation},
LANGID = {english},
NUMBER = {2},
PAGES = {229--250},
SHORTTITLE = {Unspeakable Sentences},
TITLE = {Unspeakable sentences. {{Subject}} omission in written registers: a cartographic analysis},
VOLUME = {17},
}

@ARTICLE{haegeman.ihsane1999,
AUTHOR = {Haegeman, Liliane and Ihsane, Tabea},
DATE = {1999},
DOI = {10.1017/S1360674399000155},
ISSN = {1360-6743, 1469-4379},
JOURNALTITLE = {English Language \& Linguistics},
LANGID = {english},
NUMBER = {1},
PAGES = {117--145},
SHORTJOURNAL = {English Language and Linguistics},
TITLE = {Subject Ellipsis in Embedded Clauses in {{English}}},
VOLUME = {3},
}

@BOOK{haider2010,
AUTHOR = {Haider, Hubert},
LOCATION = {Cambridge},
PUBLISHER = {Cambridge University Press},
DATE = {2010},
LANGID = {english},
SERIES = {Cambridge Syntax Guides},
TITLE = {The Syntax of {{German}}},
DOI = {10.1017/CBO9780511845314}
}

@ARTICLE{hakansson1994,
AUTHOR = {Håkansson, Gisela},
DATE = {1994},
JOURNALTITLE = {Working papers / Lund University, Department of Linguistics and Phonetics},
PAGES = {49--65},
TITLE = {Verb-Initial Sentences in the Development of {{Swedish}}},
VOLUME = {42},
}

@INPROCEEDINGS{hale2001,
AUTHOR = {Hale, John},
LOCATION = {Pittsburgh},
PUBLISHER = {Association for Computational Linguistics},
BOOKTITLE = {Second Meeting of the {{North American Chapter}} of the {{Association}} for {{Computational Linguistics}} on {{Language Technologies}}},
DATE = {2001},
DOI = {10.3115/1073336.1073357},
PAGES = {159--166},
TITLE = {A Probabilistic {{Earley}} Parser as a Psycholinguistic Model},
}

@INCOLLECTION{halle.marantz1993,
AUTHOR = {Halle, Morris and Marantz, Alec},
EDITOR = {Hale, Kenneth and Keyser, Samuel Jay},
LOCATION = {Cambridge},
PUBLISHER = {MIT Press},
BOOKTITLE = {The {{View}} from {{Building}} 20. {{Essays}} in {{Linguistics}} in {{Honor}} of {{Sylvain Bromberger}}},
DATE = {1993},
PAGES = {111--176},
TITLE = {Distributed Morphology and the Pieces of Inflection},
}

@ARTICLE{halliday1967,
AUTHOR = {Halliday, Michael Alexander Kirkwood},
DATE = {1967},
DOI = {10.1017/S0022226700016613},
JOURNALTITLE = {Journal of Linguistics},
LANGID = {english},
NUMBER = {2},
PAGES = {199--244},
TITLE = {Notes on Transitivity and Theme in {{English}}: Part 2},
VOLUME = {3},
}

@BOOK{halliday1978,
AUTHOR = {Halliday, Michael Alexander Kirkwood},
LOCATION = {London},
PUBLISHER = {Edward Arnold},
DATE = {1978},
LANGID = {english},
SHORTTITLE = {Language as {{Social Semiotic}}},
TITLE = {Language as Social Semiotic: The Social Interpretation of Language and Meaning},
}

@BOOK{halliday.hasan1976,
AUTHOR = {Halliday, Michael Alexander Kirkwood and Hasan, Ruqaiya},
LOCATION = {London},
PUBLISHER = {Longman},
DATE = {1976},
DOI = {10.4324/9781315836010},
LANGID = {english},
NUMBER = {9},
SERIES = {English Language Series},
TITLE = {Cohesion in {{English}}},
}

@ARTICLE{hamann.plunkett1998,
AUTHOR = {Hamann, Cornelia and Plunkett, Kim},
DATE = {1998},
DOI = {10.1016/S0010-0277(98)00059-6},
ISSN = {0010-0277},
JOURNALTITLE = {Cognition},
LANGID = {english},
NUMBER = {1},
PAGES = {35--72},
SHORTJOURNAL = {Cognition},
TITLE = {Subjectless Sentences in Child {{Danish}}},
VOLUME = {69},
}

@ARTICLE{hankamer.sag1976,
AUTHOR = {Hankamer, Jorge and Sag, Ivan},
DATE = {1976},
JOURNALTITLE = {Linguistic Inquiry},
LANGID = {english},
NUMBER = {3},
PAGES = {391--428},
TITLE = {Deep and Surface Anaphora},
VOLUME = {7},
}

@INCOLLECTION{hansen-schirra.gutermuth2017,
AUTHOR = {Hansen-Schirra, Silvia and Gutermuth, Silke},
EDITOR = {Konopka, Marek and Wöllstein, Angelika},
LOCATION = {Berlin},
PUBLISHER = {De Gruyter},
BOOKTITLE = {Grammatische {{Variation}}. {{Empirische Zugänge}} Und Theoretische {{Modellierung}}},
DATE = {2017},
DOI = {10.1515/9783110518214-018},
IDS = {konopka.woellstein2017},
NUMBER = {2016},
PAGES = {309--318},
SERIES = {Jahrbuch des {{Instituts}} für {{Deutsche Sprache}}},
TITLE = {Multimodale {{Daten}} für die empirische {{Analyse}} grammatischer {{Variation}} in {{Übersetzungen}}},
}

@BOOK{hansen-schirra.etal2012,
EDITOR = {Hansen-Schirra, Silvia and Neumann, Stella and Steiner, Erich},
LOCATION = {Berlin},
PUBLISHER = {De Gruyter Mouton},
DATE = {2012},
NUMBER = {11},
SERIES = {Text, Translation, Computational Processing},
SHORTTITLE = {Cross-Linguistic Corpora for the Study of Translations},
TITLE = {Cross-Linguistic Corpora for the Study of Translations: Insights from the Language Pair {{English-German}}},
DOI = {10.1515/9783110260328}
}

@INCOLLECTION{hardafsegerstad2005,
AUTHOR = {Hård af Segerstad, Ylva},
EDITOR = {Ling, Rich and Pedersen, Per E.},
LOCATION = {London},
PUBLISHER = {Springer},
ANNOTATION = {Series Editors: \_{}:n2945},
BOOKTITLE = {Mobile Communications: Re-Negotiation of the Social Sphere},
DATE = {2005},
DOI = {10.1007/1-84628-248-9_21},
LANGID = {english},
NUMBER = {31},
PAGES = {313--333},
SERIES = {Computer Supported Cooperative Work},
TITLE = {Language Use in {{Swedish}} Mobile Text Messaging},
}

@ARTICLE{hartmann1994,
AUTHOR = {Hartmann, Katharina},
DATE = {1994},
DOI = {10.1515/zfsw.1994.13.1.3},
ISSN = {1613-3706, 0721-9067},
JOURNALTITLE = {Zeitschrift für Sprachwissenschaft},
LANGID = {german},
NUMBER = {1},
PAGES = {3--19},
TITLE = {Zur Koordination von V-2 Sätzen},
VOLUME = {13},
}

@BOOK{hartmann2000,
AUTHOR = {Hartmann, Katharina},
LOCATION = {Philadelphia},
PUBLISHER = {John Benjamins},
DATE = {2000},
IDS = {hartmann2001},
LANGID = {english},
SHORTTITLE = {Right {{Node Raising}} and {{Gapping}}},
TITLE = {Right Node Raising and Gapping: Interface Conditions on Prosodic Deletion},
DOI = {10.1075/z.106}
}

@INCOLLECTION{haspelmath2009,
AUTHOR = {Haspelmath, Martin},
EDITOR = {Malchukov, Andrej L. and Spencer, Andrew},
LOCATION = {Oxford},
PUBLISHER = {Oxford University Press},
BOOKTITLE = {The {{Oxford}} Handbook of Case},
DATE = {2009},
DOI = {10.1093/oxfordhb/9780199206476.013.0034},
IDS = {haspelmath,haspelmath2008},
LANGID = {english},
PAGES = {505--517},
TITLE = {Terminology of Case},
}

@INCOLLECTION{heidolph1992,
AUTHOR = {Heidolph, Karl Erich},
LOCATION = {Berlin},
PUBLISHER = {De Gruyter},
BOOKTITLE = {Deutsche Syntax. Ansichten und Aussichten},
DATE = {1992},
DOI = {10.1515/9783110622447-018},
LANGID = {german},
NUMBER = {1991},
PAGES = {396--407},
SERIES = {Jahrbuch des Instituts für Deutsche Sprache},
TITLE = {„Satz” als Kategorie der Grammatik},
}

@BOOK{helmer2016,
AUTHOR = {Helmer, Henrike},
LOCATION = {Heidelberg},
PUBLISHER = {Winter},
DATE = {2016},
LANGID = {german},
NUMBER = {13},
SERIES = {Oralingua},
SHORTTITLE = {Analepsen in der Interaktion},
TITLE = {Analepsen in der Interaktion. Semantische und sequenzielle Eigenschaften von Topik-Drop im gesprochenen Deutsch},
}

@INCOLLECTION{helmer2017a,
AUTHOR = {Helmer, Henrike},
EDITOR = {Deppermann, Arnulf and Proske, Nadine and Zeschel, Arne},
LOCATION = {Tübingen},
PUBLISHER = {Narr},
BOOKTITLE = {Verben Im Interaktiven {{Kontext}}. {{Bewegungsverben}} Und Mentale {{Verben}} Im Gesprochenen {{Deutsch}}},
DATE = {2017},
PAGES = {407--450},
TITLE = {Analepsen Aus Konstruktionsgrammatischer {{Perspektive}}},
}

@ARTICLE{helmer2017,
AUTHOR = {Helmer, Henrike},
DATE = {2017},
DOI = {10.1515/zgl-2017-0001},
ISSN = {1613-0626, 0301-3294},
JOURNALTITLE = {Zeitschrift für germanistische Linguistik},
LANGID = {german},
NUMBER = {1},
PAGES = {1--39},
TITLE = {Analepsen mit Topik-Drop. Zur Notwendigkeit einer diskurssemantischen Perspektive},
VOLUME = {45},
}

@INPROCEEDINGS{hemforth.etal2010,
AUTHOR = {Hemforth, Barbara and Konieczny, Lars and Scheepers, Christoph and Colonna, Saveria and Schimke, Sarah and Baumann, Peter and Pynte, Joël},
BOOKTITLE = {Proceedings of the 32nd {{Annual Conference}} of the {{Cognitive Science Society}} ({{CogSci}} 2010)},
DATE = {2010},
LANGID = {english},
TITLE = {Language Specific Preferences in Anaphor Resolution: {{Exposure}} or {{Gricean}} Maxims?},
PUBLISHER = {Cognitive Science Society},
PAGES = {2218--2223},
EDITOR = {Ohlsson, Stellan and Catrambone, Richard},
LOCATION = {Austin}
}

@INCOLLECTION{herling1821,
AUTHOR = {Herling, Simon Heinrich Adolf},
LOCATION = {Frankfurt/Main},
PUBLISHER = {Franz Varrentrapp},
BOOKTITLE = {Abhandlungen des frankfurtischen Gelehrtenvereines für deutsche Sprache. Drittes Stück},
DATE = {1821},
LANGID = {german},
PAGES = {296--362,394},
TITLE = {Ueber die Topik der deutschen Sprache},
}

@INCOLLECTION{hinrichs.etal2000,
AUTHOR = {Hinrichs, Erhard W. and Bartels, Julia and Kawata, Yasuhiro and Kordoni, Valia and Telljohann, Heike},
EDITOR = {Wahlster, Wolfgang},
LOCATION = {Berlin},
PUBLISHER = {Springer},
BOOKTITLE = {Verbmobil: {{Foundations}} of Speech-to-Speech Translation},
DATE = {2000},
DOI = {10.1007/978-3-662-04230-4_40},
LANGID = {english},
PAGES = {550--574},
SERIES = {Artificial Intelligence Series},
TITLE = {The {{Tübingen Treebanks}} for Spoken {{German}}, {{English}}, and {{Japanese}}},
}

@BOOK{hoberg1981,
AUTHOR = {Hoberg, Ursula},
LOCATION = {Munich},
PUBLISHER = {Hueber},
DATE = {1981},
LANGID = {german},
NUMBER = {10},
SERIES = {Heutiges Deutsch Reihe 1, Linguistische Grundlagen. Forschungen des Instituts für deusche Sprache},
TITLE = {Die Wortstellung in der geschriebenen deutschen Gegenwartssprache},
}

@BOOK{hockett1958,
AUTHOR = {Hockett, Charles F.},
LOCATION = {New York},
PUBLISHER = {Macmillan},
DATE = {1958},
TITLE = {A Course in Modern Linguistics},
}

@UNPUBLISHED{hohle1983,
AUTHOR = {Höhle, Tilman N.},
LOCATION = {Tübingen},
DATE = {1983},
HOWPUBLISHED = {Unpublished manuscript},
LANGID = {german},
TITLE = {Subjektlücken in Koordinationen},
SORTNAME = {Hoehle, Tilman N.}
}

@INCOLLECTION{hohle1986,
AUTHOR = {Höhle, Tilman N.},
EDITOR = {Schöne, Albrecht},
LOCATION = {Tübingen},
PUBLISHER = {Niemeyer},
BOOKTITLE = {Kontroversen, alte und neue. Akten des VII. Internationalen Germanisten-Kongresses Göttingen 1985.},
DATE = {1986},
LANGID = {german},
PAGES = {329--340},
SHORTTITLE = {Der Begriff 'Mittelfeld'},
TITLE = {Der Begriff ‚Mittelfeld‘: Anmerkungen über die Theorie der topologischen Felder},
VOLUME = {3: \emph{Textlinguistik contra Stilistik? -- Wortschatz und Wörterbuch -- Grammatische oder pragmatische Organisation von Rede?} Ed. by Walter E. Weiss, Herbert E. Wiegand, and Marga Reis},
SORTNAME = {Hoehle, Tilman N.}
}

@INCOLLECTION{hohle1990,
AUTHOR = {Höhle, Tilman N.},
EDITOR = {Mascaró, Joan and Nespor, Marina},
LOCATION = {Berlin},
PUBLISHER = {De Gruyter Mouton},
BOOKTITLE = {Grammar in Progress},
DATE = {1990},
DOI = {10.1515/9783110867848.221},
LANGID = {english},
PAGES = {221--236},
TITLE = {Assumptions about Asymmetric Coordination in {{German}}},
SORTNAME = {Hoehle, Tilman N.}
}

@INCOLLECTION{hoehle1992,
AUTHOR = {Höhle, Tilman N.},
EDITOR = {Jacobs, Joachim},
LOCATION = {Wiesbaden},
PUBLISHER = {VS Verlag für Sozialwissenschaften},
BOOKTITLE = {Informationsstruktur und Grammatik},
DATE = {1992},
DOI = {10.1007/978-3-663-12176-3_5},
LANGID = {german},
PAGES = {112--141},
TITLE = {Über Verum-Fokus im Deutschen},
SORTNAME = {Hoehle, Tilman N.}
}

@INCOLLECTION{hoffmann1999,
AUTHOR = {Hoffmann, Ludger},
EDITOR = {Redder, Angelika and Rehbein, Jochen},
LOCATION = {Tübingen},
PUBLISHER = {Stauffenburg},
BOOKTITLE = {Grammatik Und Mentale {{Prozesse}}},
DATE = {1999},
IDS = {hoffmann1999a},
PAGES = {69--90},
SERIES = {Stauffenburg {{Linguistik}}},
TITLE = {Ellipse Und {{Analepse}}},
}

@ARTICLE{hofmeister.etal2014,
AUTHOR = {Hofmeister, Philip and Casasanto, Laura Staum and Sag, Ivan A.},
PUBLISHER = {Cambridge University Press},
DATE = {2014},
DOI = {10.1017/langcog.2013.7},
IDS = {hofmeister.etal2014a},
ISSN = {1866-9808, 1866-9859},
ISSUE = {1},
JOURNALTITLE = {Language and Cognition},
NUMBER = {1},
PAGES = {111--145},
SHORTTITLE = {Processing Effects in Linguistic Judgment Data},
TITLE = {Processing Effects in Linguistic Judgment Data. ({{S}}uper-)Additivity and Reading Span Scores},
VOLUME = {6},
}

@ARTICLE{hofmeister.etal2015,
AUTHOR = {Hofmeister, Philip and Culicover, Peter and Winkler, Susanne},
DATE = {2015},
DOI = {10.1111/synt.12036},
ISSN = {1467-9612},
JOURNALTITLE = {Syntax},
LANGID = {english},
NUMBER = {4},
PAGES = {464--483},
TITLE = {Effects of Processing on the Acceptability of “Frozen” Extraposed Constituents},
VOLUME = {18},
}

@ARTICLE{hofmeister.etal2013,
AUTHOR = {Hofmeister, Philip and Jaeger, T. Florian and Arnon, Inbal and Sag, Ivan A. and Snider, Neal},
DATE = {2013},
DOI = {10.1080/01690965.2011.572401},
EPRINT = {23539204},
EPRINTTYPE = {pmid},
IDS = {hofmeister.etal2013a},
ISSN = {0169-0965},
JOURNALTITLE = {Language and Cognitive Processes},
LANGID = {english},
NUMBER = {1-2},
PAGES = {48--87},
SHORTJOURNAL = {Lang Cogn Process},
SHORTTITLE = {The Source Ambiguity Problem},
TITLE = {The Source Ambiguity Problem: {{Distinguishing}} the Effects of Grammar and Processing on Acceptability Judgments},
VOLUME = {28},
}

@BOOK{hole2014,
AUTHOR = {Hole, Daniel},
LOCATION = {Berlin},
PUBLISHER = {De Gruyter},
DATE = {2014},
DOI = {10.1515/9783110347739},
LANGID = {german},
NUMBER = {78},
SERIES = {Studia grammatica},
TITLE = {Dativ, Bindung und Diathese},
}

@ARTICLE{horch2014,
AUTHOR = {Horch, Eva},
DATE = {2014},
JOURNALTITLE = {Linguistische Berichte},
LANGID = {german},
PAGES = {141--163},
TITLE = {Zur Natur der Lücke in SLF-Konstruktionen – Zwei experimentelle Studien},
VOLUME = {238},
}

@INPROCEEDINGS{horch.reich2017,
AUTHOR = {Horch, Eva and Reich, Ingo},
LOCATION = {Birmingham},
BOOKTITLE = {Proceedings of the 9th {{International Corpus Linguistics Conference}}},
DATE = {2017},
LANGID = {english},
PAGES = {392--393},
TITLE = {The {{Fragment Corpus}} ({{FraC}})},
URL = {https://www.birmingham.ac.uk/documents/college-artslaw/corpus/conference-archives/2017/general/paper194.pdf},
URLDATE = {2025-04-23}
}

@ARTICLE{huang1984,
AUTHOR = {Huang, C.-T. James},
DATE = {1984},
JOURNALTITLE = {Linguistic Inquiry},
LANGID = {english},
NUMBER = {4},
PAGES = {531--574},
TITLE = {On the Distribution and Reference of Empty Pronouns},
VOLUME = {15},
}

@BOOK{huang2000,
AUTHOR = {Huang, Yan},
LOCATION = {Oxford},
PUBLISHER = {Oxford University Press},
DATE = {2000},
SERIES = {Oxford Studies in Typology and Linguistic Theory},
SHORTTITLE = {Anaphora},
TITLE = {Anaphora: A Cross-Linguistic Approach},
}

@INCOLLECTION{imo2012.diskursmarker,
AUTHOR = {Imo, Wolfgang},
EDITOR = {Rothstein, Björn},
LOCATION = {Berlin},
PUBLISHER = {De Gruyter},
BOOKTITLE = {Nicht-flektierende Wortarten},
DATE = {2012},
DOI = {10.1515/9783110276619.48},
LANGID = {german},
NUMBER = {47},
PAGES = {48--88},
SERIES = {Linguistik -- Impulse \& Tendenzen},
TITLE = {Wortart Diskursmarker?},
}

@INCOLLECTION{imo2013,
AUTHOR = {Imo, Wolfgang},
EDITOR = {Hennig, Mathilde},
LOCATION = {Berlin},
PUBLISHER = {De Gruyter},
BOOKTITLE = {Die Ellipse. Neue Perspektiven auf ein altes Phänomen},
DATE = {2013},
DOI = {10.1515/9783110312560.281},
IDS = {imo2013a},
LANGID = {german},
PAGES = {281--319},
TITLE = {Interaktionale Linguistik: Ellipsen und Verstehen in der Interaktion},
}

@INCOLLECTION{imo2014,
AUTHOR = {Imo, Wolfgang},
EDITOR = {Günthner, Susanne and Imo, Wolfgang and Bücker, Jörg},
LOCATION = {Berlin},
PUBLISHER = {De Gruyter},
BOOKTITLE = {Grammar and {{Dialogism}}},
DATE = {2014},
DOI = {10.1515/9783110358612.139},
IDS = {imo2014a},
PAGES = {139--178},
TITLE = {Elliptical Structures as Dialogical Resources for the Management of Understanding},
}

@BOOK{imo2016,
AUTHOR = {Imo, Wolfgang},
LOCATION = {Stuttgart},
PUBLISHER = {Metzler},
ANNOTATION = {OCLC: 1004193912},
DATE = {2016},
LANGID = {german},
TITLE = {Grammatik. Eine Einführung},
}

@ONLINE{GIF,
AUTHOR = {{Institut für deutsche Sprache, Mannheim}},
URL = {https://agd.ids-mannheim.de/download/Korpus_GF_extern.pdf},
DATE = {2014},
TITLE = {Korpus {{Gespräche}} im {{Fernsehen}} ({{GF}})},
URLDATE = {2023-08-19},
}

@BOOK{jaccard.wan1996,
AUTHOR = {Jaccard, James and Wan, Choi K.},
LOCATION = {Thousand Oaks},
PUBLISHER = {Sage},
DATE = {1996},
NUMBER = {114},
SERIES = {Quantitative Applications in the Social Sciences},
TITLE = {{{LISREL}} Approaches to Interaction Effects in Multiple Regression},
DOI = {10.4135/9781412984782}
}

@ARTICLE{jaeger2010,
AUTHOR = {Jaeger, T. Florian},
DATE = {2010},
DOI = {10.1016/j.cogpsych.2010.02.002},
IDS = {florianjaeger2010},
ISSN = {00100285},
ISSUE = {1},
JOURNALTITLE = {Cognitive Psychology},
LANGID = {english},
NUMBER = {1},
PAGES = {23--62},
SHORTJOURNAL = {Cognitive Psychology},
SHORTTITLE = {Redundancy and Reduction},
TITLE = {Redundancy and Reduction: Speakers Manage Syntactic Information Density},
VOLUME = {61},
}

@ARTICLE{jaensch2005,
AUTHOR = {Jaensch, Carol},
DATE = {2005},
JOURNALTITLE = {{{Essex Graduate Student Papers in Language and Linguistics}}},
LANGID = {english},
VOLUME = {7},
PAGES = {97--117},
TITLE = {{{UG}} and Poverty of the Stimulus – {{Topic}} Deletion Evidence from {{L2}} Learners of {{German}}},
}

@ARTICLE{jarvikivi.etal2005,
OPTIONS = {useprefix=1},
AUTHOR = {Järvikivi, Juhani and van Gompel, Roger P. G. and Hyönä, Jukka and Bertram, Raymond},
DATE = {2005},
DOI = {10.1111/j.0956-7976.2005.01525.x},
ISSN = {0956-7976},
JOURNALTITLE = {Psychological Science},
LANGID = {english},
NUMBER = {4},
PAGES = {260--264},
SHORTJOURNAL = {Psychol Sci},
SHORTTITLE = {Ambiguous {{Pronoun Resolution}}},
TITLE = {Ambiguous Pronoun Resolution: Contrasting the First-Mention and Subject-Preference Accounts},
VOLUME = {16},
sortname = {Jaervikivi, Juhani and van Gompel, Roger P. G. and Hyoenae, Jukka and Bertram, Raymond}
}

@ARTICLE{jamieson2004,
AUTHOR = {Jamieson, Susan},
DATE = {2004},
DOI = {10.1111/j.1365-2929.2004.02012.x},
ISSN = {0308-0110, 1365-2923},
JOURNALTITLE = {Medical Education},
LANGID = {english},
NUMBER = {12},
PAGES = {1217--1218},
SHORTTITLE = {Likert Scales},
TITLE = {Likert Scales: How to (Ab)Use Them},
VOLUME = {38},
}

@BOOK{jansen1981,
AUTHOR = {Jansen, Frank},
LOCATION = {Amsterdam},
PUBLISHER = {Huis aan de Drie Grachten},
DATE = {1981},
LANGID = {dutch},
TITLE = {Syntaktische konstrukties in gesproken taal},
}

@BOOK{johannessen1998,
AUTHOR = {Johannessen, Janne Bondi},
LOCATION = {New York},
PUBLISHER = {Oxford University Press},
DATE = {1998},
LANGID = {english},
SERIES = {Oxford Studies in Comparative Syntax},
TITLE = {Coordination},
}

@ARTICLE{kaatari2016,
AUTHOR = {Kaatari, Henrik},
PUBLISHER = {Cambridge University Press},
DATE = {2016},
DOI = {10.1017/S1360674316000344},
ISSN = {1360-6743, 1469-4379},
JOURNALTITLE = {English Language \& Linguistics},
LANGID = {english},
NUMBER = {3},
PAGES = {533--558},
SHORTTITLE = {Variation across Two Dimensions},
TITLE = {Variation across Two Dimensions: Testing the Complexity Principle and the Uniform Information Density Principle on Adjectival Data},
VOLUME = {20},
}

@INCOLLECTION{kaiser2009,
AUTHOR = {Kaiser, Elsi},
EDITOR = {Zimmermann, Malte and Féry, Caroline},
PUBLISHER = {Oxford University Press},
BOOKTITLE = {Information Structure: Theoretical, Typological, and Experimental Perspectives},
DATE = {2009},
LOCATION = {Oxford},
DOI = {10.1093/acprof:oso/9780199570959.003.0014},
PAGES = {332--353},
TITLE = {Investigating Effects of Structural and Information‐structural Factors on Pronoun Resolution},
}

@INCOLLECTION{kaiser2003,
AUTHOR = {Kaiser, Georg A.},
EDITOR = {Stark, Elisabeth and Wandruszka, Ulrich},
LOCATION = {Tübingen},
PUBLISHER = {Narr},
BOOKTITLE = {Syntaxtheorien: Modelle, Methoden, Motive},
DATE = {2003},
EVENTTITLE = {Romanistentag},
LANGID = {german},
NUMBER = {469},
PAGES = {257--272},
SERIES = {Tübinger Beiträge zur Linguistik},
TITLE = {Syntaktische Variation und generative Syntaxtheorie},
}

@ARTICLE{keenan.comrie1977,
AUTHOR = {Keenan, Edward L. and Comrie, Bernard},
DATE = {1977},
ISSN = {0024-3892},
JOURNALTITLE = {Linguistic Inquiry},
NUMBER = {1},
PAGES = {63--99},
TITLE = {Noun Phrase Accessibility and Universal Grammar},
VOLUME = {8},
}

@ARTICLE{kehler2000,
AUTHOR = {Kehler, Andrew},
DATE = {2000},
DOI = {10.1023/A:1005677819813},
IDS = {kehler2000a},
JOURNALTITLE = {Linguistics and Philosophy},
LANGID = {english},
PAGES = {533--575},
TITLE = {Coherence and the Resolution of Ellipsis},
VOLUME = {23},
NUMBER = {6}
}

@BOOK{kehler2002,
AUTHOR = {Kehler, Andrew},
LOCATION = {Stanford},
PUBLISHER = {CSLI Publications},
DATE = {2002},
LANGID = {english},
TITLE = {Coherence, Reference, and the Theory of Grammar},
}

@INCOLLECTION{kempen.harbusch2005,
AUTHOR = {Kempen, Gerard and Harbusch, Karin},
EDITOR = {Kepser, Stephan and Reis, Marga},
LOCATION = {Berlin},
PUBLISHER = {De Gruyter Mouton},
BOOKTITLE = {Linguistic Evidence. {{E}}mpirical, Theoretical, and Computational Perspectives},
DATE = {2005},
DOI = {10.1515/9783110197549.329},
LANGID = {english},
NUMBER = {85},
PAGES = {329--349},
SERIES = {Studies in Generative Grammar},
SHORTTITLE = {The {{Relationship}} between {{Grammaticality Ratings}} and {{Corpus Frequencies}}},
TITLE = {The Relationship between Grammaticality Ratings and Corpus Frequencies: {{A}} Case Study into Word Order Variability in the Midfield of {{German}} Clauses},
}

@INCOLLECTION{kennedy2019,
AUTHOR = {Kennedy, Christopher},
LOCATION = {Berlin},
PUBLISHER = {De Gruyter Mouton},
BOOKTITLE = {Semantics -- {{Lexical}} Structures and Adjectives},
DATE = {2019},
DOI = {10.1515/9783110626391-008},
LANGID = {english},
PAGES = {236--271},
SERIES = {Mouton {{Reader}}},
TITLE = {Ambiguity and Vagueness: An Overview},
}

@INCOLLECTION{klein1985,
AUTHOR = {Klein, Wolfgang},
EDITOR = {Meyer-Herrmann, Reinhard and Rieser, Hannes},
LOCATION = {Tübingen},
PUBLISHER = {Niemeyer},
BOOKTITLE = {Ellipsen und fragmentarische Ausdrücke},
DATE = {1985},
DOI = {10.1515/9783111351308.1},
LANGID = {german},
NUMBER = {148/1},
PAGES = {1--24},
SERIES = {Linguistische Arbeiten},
TITLE = {Ellipse, Fokusgliederung und thematischer Stand},
VOLUME = {1},
}

@INREFERENCE{klein1993,
OPTIONS = {useprefix=1},
AUTHOR = {Klein, Wolfgang},
EDITOR = {Jacobs, Joachim and von Stechow, Arnim and Sternefeld, Wolfgang and Vennemann, Theo},
LOCATION = {Berlin},
PUBLISHER = {De Gruyter},
BOOKTITLE = {Syntax: Ein internationales Handbuch zeitgenössischer Forschung / An international handbook of contemporary research},
DATE = {1993},
DOI = {10.1515/9783110095869.1.12.763},
LANGID = {german},
NUMBER = {9/1},
PAGES = {763--799},
SERIES = {Handbücher zur Sprach- und Kommunikationswissenschaft / Handbooks of Linguistics and Communication Science},
SHORTTITLE = {Syntax},
TITLE = {Ellipse},
VOLUME = {1},
}

@ARTICLE{koch.oesterreicher1985,
AUTHOR = {Koch, Peter and Oesterreicher, Wulf},
EDITOR = {{Folke Gernert} and {Daniel Jacob} and {David Nelting} and {Christian Schmitt} and {Maria Selig} and {Susanne Zepp}},
DATE = {1985},
DOI = {10.1515/9783110244922.15},
JOURNALTITLE = {Romanistisches Jahrbuch},
LANGID = {german},
PAGES = {15--43},
TITLE = {Sprache der Nähe – Sprache der Distanz. Mündlichkeit und Schriftlichkeit im Spannungsfeld von Sprachtheorie und Sprachgeschichte},
VOLUME = {36},
}

@INCOLLECTION{konopka.brown-schmidt2014,
AUTHOR = {Konopka, Agnieszka E. and Brown-Schmidt, Sarah},
EDITOR = {Goldrick, Matthew and Ferreira, Victor S. and Miozzo, Michele},
LOCATION = {Oxford},
PUBLISHER = {Oxford University Press},
BOOKTITLE = {The {{Oxford}} Handbook of Language Production},
DATE = {2014},
DOI = {10.1093/oxfordhb/9780199735471.013.010},
PAGES = {3--20},
SERIES = {Oxford Library of Psychology},
TITLE = {Message Encoding},
}

@INREFERENCE{korth2017,
AUTHOR = {Korth, Manuela},
EDITOR = {Schierholz, Stefan J.},
LOCATION = {Berlin},
PUBLISHER = {De Gruyter},
URL = {https://www.degruyter.com/database/WSK/entry/wsk_id_wsk_artikel_artikel_19474/html},
BOOKTITLE = {Wörterbücher zur Sprach- und Kommunikationswissenschaft online},
DATE = {2017},
LANGID = {german},
TITLE = {Synkretismus},
URLDATE = {2023-05-09},
}

@ARTICLE{kraljic.brennan2005,
AUTHOR = {Kraljic, Tanya and Brennan, Susan E.},
DATE = {2005},
DOI = {10.1016/j.cogpsych.2004.08.002},
IDS = {kraljic.brennan2005a},
ISSN = {0010-0285},
JOURNALTITLE = {Cognitive Psychology},
LANGID = {english},
NUMBER = {2},
PAGES = {194--231},
SHORTJOURNAL = {Cognitive Psychology},
SHORTTITLE = {Prosodic Disambiguation of Syntactic Structure},
TITLE = {Prosodic Disambiguation of Syntactic Structure: {{For}} the Speaker or for the Addressee?},
VOLUME = {50},
}

@INPROCEEDINGS{kravtchenko2014,
AUTHOR = {Kravtchenko, Ekaterina},
LOCATION = {Austin},
PUBLISHER = {Cognitive Science Society},
BOOKTITLE = {Proceedings of the 36th {{Annual Conference}} of the {{Cognitive Science Society}} ({{CogSci}} 2014)},
DATE = {2014},
PAGES = {785--790},
TITLE = {Predictability and Syntactic Production: {{Evidence}} from Subject Omission in {{Russian}}.},
EDITOR = {Bello, Paul and Guarini, Marcello and McShane, Marjorie and Scassellati, Brian}
}

@ARTICLE{kravtchenko.demberg2022,
AUTHOR = {Kravtchenko, Ekaterina and Demberg, Vera},
DATE = {2022},
DOI = {10.1016/j.cognition.2022.105159},
EPRINT = {35580451},
EPRINTTYPE = {pmid},
ISSN = {1873-7838},
JOURNALTITLE = {Cognition},
LANGID = {english},
PAGES = {105159},
SHORTJOURNAL = {Cognition},
TITLE = {Informationally Redundant Utterances Elicit Pragmatic Inferences},
VOLUME = {225},
}

@INCOLLECTION{krifka2007,
AUTHOR = {Krifka, Manfred},
EDITOR = {Féry, Caroline and Fanselow, Gisbert and Krifka, Manfred},
LOCATION = {Potsdam},
PUBLISHER = {Universitätsverlag Potsdam},
BOOKTITLE = {The Notions of Information Structure},
DATE = {2007},
LANGID = {english},
NUMBER = {6},
PAGES = {13--55},
SERIES = {Interdisciplinary Studies on Information Structure},
TITLE = {Basic Notions of Information Structure},
}

@INPROCEEDINGS{kroll.rudin2017,
AUTHOR = {Kroll, Margaret and Rudin, Deniz},
LOCATION = {Amherst},
PUBLISHER = {University of Massachusetts},
BOOKTITLE = {{{Proceedings of the Forty-Seventh Annual Meeting of the North East Linguistic Society (NELS 47)}}},
DATE = {2017},
TITLE = {Identity and Interpretation: {{Syntactic}} and Pragmatic Constraints on the Acceptability of Sluicing},
EDITOR = {Lamont, Andrew and Tetzloff, Katerina}
}

@THESIS{kulpmann2021,
AUTHOR = {Külpmann, Robert},
INSTITUTION = {Bergische Universität Wuppertal},
LOCATION = {Wuppertal},
DATE = {2021},
TITLE = {Der {{Einfluss}} Der {{Satztypwahl}} Auf Die {{Möglichkeit}} Zur Definiten {{Komplementweglassung}}},
TYPE = {phdthesis},
SORTNAME = {Kuelpmann, Robert}
}

@INCOLLECTION{kulpmann.symanczykjoppe2016,
AUTHOR = {Külpmann, Robert and Symanczyk Joppe, Vilma},
EDITOR = {Reich, Ingo and Speyer, Augustin},
LOCATION = {Hamburg},
PUBLISHER = {Buske},
BOOKTITLE = {Co- and Subordination in {{German}} and Other Languages},
DATE = {2016},
LANGID = {english},
NUMBER = {21},
SERIES = {Linguistische {{Berichte}}. {{Sonderheft}}},
TITLE = {Argument omission in imperative-declarative conjunctions},
PAGES = {221--234},
SORTNAME = {Kuelpmann, Robert and Symanczyk Joppe, Vilma}
}

@INPROCEEDINGS{kupietz.etal2010,
AUTHOR = {Kupietz, Marc and Belica, Cyril and Keibel, Holger and Witt, Andreas},
LOCATION = {Valletta},
BOOKTITLE = {Proceedings of the 7th {{Conference}} on {{International Language Resources}} and {{Evaluation}} ({{LREC}} 2010)},
DATE = {2010},
LANGID = {english},
PAGES = {1848--1854},
TITLE = {The {{German}} Reference Corpus {{DeReKo}}: A Primordial Sample for Linguistic Research},
PUBLISHER = {European Language Resources Association (ELRA)},
EDITOR = {Calzolari, Nicoletta  and
  Choukri, Khalid  and
  Maegaard, Bente  and
  Mariani, Joseph  and
  Odijk, Jan  and
  Piperidis, Stelios  and
  Rosner, Mike  and
  Tapias, Daniel}
}

@ARTICLE{kurumada.jaeger2015,
AUTHOR = {Kurumada, Chigusa and Jaeger, T. Florian},
DATE = {2015},
DOI = {10.1016/j.jml.2015.03.003},
IDS = {kurumada.jaeger2015a},
ISSN = {0749596X},
JOURNALTITLE = {Journal of Memory and Language},
LANGID = {english},
PAGES = {152--178},
SHORTTITLE = {Communicative Efficiency in Language Production},
TITLE = {Communicative Efficiency in Language Production: Optional Case-Marking in {{Japanese}}},
VOLUME = {83},
}

@BOOK{lambrecht1994,
AUTHOR = {Lambrecht, Knud},
LOCATION = {Cambridge},
PUBLISHER = {Cambridge University Press},
DATE = {1994},
DOI = {10.1017/CBO9780511620607},
LANGID = {english},
NUMBER = {71},
SERIES = {{{Cambridge Studies in Linguistics}}},
SHORTTITLE = {Information Structure and Sentence Form},
TITLE = {Information structure and sentence form: topic, focus, and the mental representations of discourse referents},
}

@BOOK{dereko2012,
AUTHOR = {{Leibniz-Institut für Deutsche Sprache}},
LOCATION = {Mannheim},
PUBLISHER = {Leibniz-Institut für Deutsche Sprache.},
URL = {www.ids-mannheim.de/dereko},
URLDATE = {2025-04-25},
DATE = {2012},
SERIES = {{{Release}} 02/29/2012},
TITLE = {Deutsches {{Referenzkorpus}} / {{Archiv}} Der {{Korpora}} Geschriebener {{Gegenwartssprache}} 2012-{{I}}},
}

@INCOLLECTION{derewo2013.doku,
AUTHOR = {{Leibniz-Institut für Deutsche Sprache}},
LOCATION = {Mannheim},
PUBLISHER = {Institut für Deutsche Sprache, Programmbereich Korpuslinguistik},
URL = {https://www.ids-mannheim.de/digspra/kl/projekte/methoden/derewo/},
BOOKTITLE = {Korpusbasierte Wortgrundformenliste \textsc{DeReWo}, v-ww-bll-320000g-2012-12-31-1.0, mit Benutzerdokumentation},
DATE = {2013},
LANGID = {german},
TITLE = {\textsc{DeReWo} Benutzerdokumentation / \textsc{DeReWo} manual},
URLDATE = {2023-05-09},
}

@BOOK{derewo2013,
AUTHOR = {{Leibniz-Institut für Deutsche Sprache}},
LOCATION = {Mannheim},
PUBLISHER = {Institut für Deutsche Sprache, Programmbereich Korpuslinguistik},
URL = {https://www.ids-mannheim.de/digspra/kl/projekte/methoden/derewo/},
DATE = {2013},
LANGID = {german},
TITLE = {Korpusbasierte Wortgrundformenliste \textsc{DeReWo}, v-ww-bll-320000g-2012-12-31-1.0, mit Benutzerdokumentation},
URLDATE = {2023-05-09},
}

@ONLINE{man,
AUTHOR = {{Leibniz-Institut für Deutsche Sprache}},
ORGANIZATION = {``Propädeutische Grammatik". Grammatisches Informationssystem grammis},
URL = {https://grammis.ids-mannheim.de/progr@mm/5204},
DATE = {2018},
TITLE = {Das generalisierende {{Personalpronomen}} {\emph{Man}}},
URLDATE = {2023-05-09},
}

@ONLINE{imperativ,
AUTHOR = {{Leibniz-Institut für Deutsche Sprache}},
ORGANIZATION = {``Systematische Grammatik''. Grammatisches Informationssystem grammis},
URL = {https://grammis.ids-mannheim.de/systematische-grammatik/1275},
DATE = {2018},
TITLE = {Imperativ. {{Formenbestand}}},
URLDATE = {2022-02-09},
}

@ONLINE{aussenfeld,
AUTHOR = {{Leibniz-Institut für Deutsche Sprache}},
ORGANIZATION = {``Propädeutische Grammatik". Grammatisches Informationssystem grammis},
URL = {https://grammis.ids-mannheim.de/progr@mm/4553},
DATE = {2019},
TITLE = {Wortstellung in den {{Außenfeldern}}},
URLDATE = {2023-05-09},
}

@BOOK{dereko2022,
AUTHOR = {{Leibniz-Institut für Deutsche Sprache}},
LOCATION = {Mannheim},
PUBLISHER = {Leibniz-Institut für Deutsche Sprache},
URL = {www.ids-mannheim.de/dereko},
URLDATE = {2025-04-25},
DATE = {2022},
SERIES = {{{Release}} 03/08/2022},
TITLE = {Deutsches {{Referenzkorpus}} / {{Archiv}} Der {{Korpora}} Geschriebener {{Gegenwartssprache}} 2022-{{I}}},
}

@ONLINE{glauben,
AUTHOR = {{Leibniz-Institut für Deutsche Sprache}},
ORGANIZATION = {``Wörterbuch zur Verbvalenz". Grammatisches Informationssystem grammis},
URL = {https://grammis.ids-mannheim.de/verbs/view/400667/1},
DATE = {2023},
TITLE = {Glauben ({{Lesart}} 1)},
URLDATE = {2023-05-09},
}

@ONLINE{helfen1,
AUTHOR = {{Leibniz-Institut für Deutsche Sprache}},
ORGANIZATION = {``Wörterbuch zur Verbvalenz". Grammatisches Informationssystem grammis},
URL = {https://grammis.ids-mannheim.de/verbs/view/400561/1},
DATE = {2023},
TITLE = {Helfen ({{Lesart}} 1)},
URLDATE = {2023-05-09},
}

@ONLINE{helfen2,
AUTHOR = {{Leibniz-Institut für Deutsche Sprache}},
ORGANIZATION = {``Wörterbuch zur Verbvalenz". Grammatisches Informationssystem grammis},
URL = {https://grammis.ids-mannheim.de/verbs/view/400561/2},
DATE = {2023},
TITLE = {Helfen ({{Lesart}} 2)},
URLDATE = {2023-05-09},
}

@BOOK{lemke2021,
AUTHOR = {Lemke, Robin},
LOCATION = {Berlin},
PUBLISHER = {Language Science Press},
DATE = {2021},
DOI = {10.5281/zenodo.5596236},
JOURNALTITLE = {Language Science Press},
LANGID = {english},
NUMBER = {1},
SERIES = {Open {{Germanic}} Linguistics},
TITLE = {Experimental Investigations on the Syntax and Usage of Fragments},
}

@INPROCEEDINGS{lemke.etal2017,
AUTHOR = {Lemke, Robin and Horch, Eva and Reich, Ingo},
LOCATION = {Valencia},
PUBLISHER = {Association for Computational Linguistics},
BOOKTITLE = {Proceedings of the 15th {{Conference}} of the {{European Chapter}} of the {{Association}} for {{Computational Linguistics: Volume 2, Short Papers}}},
DATE = {2017},
EVENTTITLE = {{{EACL}}},
IDS = {lemke.etal2017a},
PAGES = {131--135},
TITLE = {Optimal Encoding! – {{Information}} Theory Constrains Article Omission in Newspaper Headlines},
EDITOR = {Lapata, Mirella  and Blunsom, Phil  and Koller, Alexander}
}

@INPROCEEDINGS{lemke.etal2022,
OPTIONS = {useprefix=1},
AUTHOR = {Lemke, Robin and Schäfer, Lisa and Reich, Ingo},
EDITOR = {Hörnig, Robin and von Wietersheim, Sophie and Konietzko, Andreas and Featherston, Sam},
LOCATION = {Tübingen: University of Tübingen},
BOOKTITLE = {Proceedings of {{Linguistic Evidence}} 2020: {{Linguistic}} Theory Enriched by Experimental Data},
DATE = {2022},
LANGID = {english},
PAGES = {541--561},
TITLE = {Can Identity Conditions on Ellipsis Be Explained by Processing Principles?},
}

@BOOK{levelt1989,
AUTHOR = {Levelt, Willem J. M.},
LOCATION = {Cambridge},
PUBLISHER = {MIT Press},
DATE = {1989},
DOI = {10.7551/mitpress/6393.001.0001},
LANGID = {english},
SHORTTITLE = {Speaking},
TITLE = {Speaking: From Intention to Articulation},
}

@ARTICLE{levy2008,
AUTHOR = {Levy, Roger},
DATE = {2008},
DOI = {10.1016/j.cognition.2007.05.006},
ISSN = {00100277},
JOURNALTITLE = {Cognition},
NUMBER = {3},
PAGES = {1126--1177},
TITLE = {Expectation-Based Syntactic Comprehension},
VOLUME = {106},
}

@INPROCEEDINGS{levy.jaeger2007,
AUTHOR = {Levy, Roger and Jaeger, T. Florian},
EDITOR = {Schölkopf, Bernhard and Platt, John and Hofmann, Thomas},
LOCATION = {Cambridge},
PUBLISHER = {The MIT Press},
BOOKTITLE = {Advances in Neural Information Processing Systems},
DATE = {2007},
DOI = {10.7551/mitpress/7503.003.0111},
PAGES = {849--856},
TITLE = {Speakers Optimize Information Density through Syntactic Reduction},
VOLUME = {19},
}

@ARTICLE{liang.etal2021,
AUTHOR = {Liang, Yiming and Amsili, Pascal and Burnett, Heather},
DATE = {2021},
DOI = {10.1017/S0954394521000223},
JOURNALTITLE = {Language Variation and Change},
LANGID = {english},
NUMBER = {3},
PAGES = {359--385},
SHORTJOURNAL = {Lang Var Change},
SHORTTITLE = {New Ways of Analyzing Complementizer Drop in {{Montréal French}}},
TITLE = {New Ways of Analyzing Complementizer Drop in {{Montréal French}}: {{Exploration}} of Cognitive Factors},
VOLUME = {33},
}

@ONLINE{limesurveygmbh,
AUTHOR = {{Limesurvey GmbH}},
URL = {http://www.limesurvey.org},
DATE = {2023},
TITLE = {{{LimeSurvey}}. An open source survey tool.},
URLDATE = {2023-05-09},
}

@ARTICLE{mahowald.etal2013,
AUTHOR = {Mahowald, Kyle and Fedorenko, Evelina and Piantadosi, Steven T. and Gibson, Edward},
DATE = {2013},
DOI = {10.1016/j.cognition.2012.09.010},
ISSN = {00100277},
JOURNALTITLE = {Cognition},
LANGID = {english},
NUMBER = {2},
PAGES = {313--318},
SHORTTITLE = {Info/Information Theory},
TITLE = {Info/Information Theory: Speakers Choose Shorter Words in Predictive Contexts},
VOLUME = {126},
}

@INCOLLECTION{mandelbrot1965,
AUTHOR = {Mandelbrot, Benoît},
EDITOR = {Wolman, Benjamin B. and Nagel, Ernest},
LOCATION = {New York},
PUBLISHER = {Basic Books},
BOOKTITLE = {Scientific Psychology: Principles and Applications},
DATE = {1965},
PAGES = {550--562},
TITLE = {Information Theory and Psycholinguistics},
}

@ARTICLE{marslen-wilson1973,
AUTHOR = {Marslen-Wilson, William D.},
DATE = {1973},
DOI = {10.1038/244522a0},
JOURNALTITLE = {Nature},
LANGID = {english},
PAGES = {522--523},
TITLE = {Linguistic Structure and Speech Shadowing at Very Short Latencies},
VOLUME = {244},
}

@ARTICLE{marslen-wilson1975,
AUTHOR = {Marslen-Wilson, William D.},
DATE = {1975},
DOI = {10.1126/science.189.4198.226},
ISSN = {0036-8075, 1095-9203},
JOURNALTITLE = {Science},
LANGID = {english},
NUMBER = {4198},
PAGES = {226--228},
TITLE = {Sentence Perception as an Interactive Parallel Process},
VOLUME = {189},
}

@INCOLLECTION{meinunger2004,
AUTHOR = {Meinunger, André},
EDITOR = {Lohnstein, Horst and Trissler, Susanne},
LOCATION = {Berlin},
PUBLISHER = {De Gruyter Mouton},
BOOKTITLE = {The Syntax and Semantics of the Left Periphery},
DATE = {2004},
DOI = {10.1515/9783110912111.313},
PAGES = {313--342},
TITLE = {Verb Position, Verbal Mood and the Anchoring (Potential) of Sentences},
}

@INCOLLECTION{meinunger2006,
AUTHOR = {Meinunger, André},
EDITOR = {Molnár, Valéria and Winkler, Susanne},
LOCATION = {Berlin},
PUBLISHER = {De Gruyter Mouton},
BOOKTITLE = {The Architecture of Focus},
DATE = {2006},
DOI = {10.1515/9783110922011.459},
LANGID = {english},
PAGES = {459--488},
TITLE = {On the Discourse Impact of Subordinate Clauses},
}

@BOOK{merchant2001,
AUTHOR = {Merchant, Jason},
LOCATION = {Oxford},
PUBLISHER = {Oxford University Press},
DATE = {2001},
IDS = {merchant2001b},
NUMBER = {1},
SERIES = {Oxford Studies in Theoretical Linguistics},
SHORTTITLE = {The Syntax of Silence},
TITLE = {The Syntax of Silence: Sluicing, Islands, and the Theory of Ellipsis},
}

@ARTICLE{merchant2004,
AUTHOR = {Merchant, Jason},
DATE = {2004},
DOI = {10.1007/s10988-005-7378-3},
ISSN = {0165-0157, 1573-0549},
JOURNALTITLE = {Linguistics and Philosophy},
LANGID = {english},
NUMBER = {6},
PAGES = {661--738},
TITLE = {Fragments and Ellipsis},
VOLUME = {27},
}

@ONLINE{information.webster,
AUTHOR = {{Merriam-Webster.com Dictionary}},
URL = {https://www.merriam-webster.com/dictionary/information},
LANGID = {english},
TITLE = {Information},
URLDATE = {2021-12-06},
}

@ARTICLE{michaelov.etal2023,
AUTHOR = {Michaelov, James A. and Bardolph, Megan D. and Van Petten, Cyma K. and Bergen, Benjamin K. and Coulson, Seana},
DATE = {2023},
DOI = {10.1162/nol_a_00105},
JOURNALTITLE = {Neurobiology of Language},
PAGES = {107--135},
SHORTJOURNAL = {Neurobiology of Language},
SHORTTITLE = {Strong {{Prediction}}},
TITLE = {Strong Prediction: Language Model Surprisal Explains Multiple {{N400}} Effects},
VOLUME = {5},
NUMBER = {1}
}

@THESIS{mornsjo2002,
AUTHOR = {Mörnsjö, Maria},
INSTITUTION = {Lund University},
LOCATION = {Lund},
DATE = {2002},
IDS = {mornsjo2002a},
LANGID = {english},
NUMBER = {59},
SERIES = {Lundastudier i Nordisk Språkvetenskap},
SHORTTITLE = {V1 Declaratives in Spoken {{Swedish}}},
TITLE = {V1 Declaratives in Spoken {{Swedish}}: {{Syntax}}, Information Structure and Prosodic Pattern},
TYPE = {phdthesis},
SORTNAME = {Moernsjoe, Maria}
}

@BOOK{molnar1991,
AUTHOR = {Molnár, Valéria},
LOCATION = {Stockholm},
PUBLISHER = {Almqvist \& Wiksell International},
DATE = {1991},
LANGID = {german},
NUMBER = {58},
SERIES = {Lunder germanistische Forschungen},
TITLE = {Das Topik im Deutschen und im Ungarischen},
}

@INCOLLECTION{morgan1973,
AUTHOR = {Morgan, Jerry},
EDITOR = {Kachru, Braj B. and Lees, Robert and Malkiel, Yakov and Pietrangeli, Angelina and Saporta, Sol},
LOCATION = {Urbana},
PUBLISHER = {University of Illinois Press},
BOOKTITLE = {Issues in Linguistics. {{Papers}} in Honor of {{Henry}} and {{Renée Kahane}}},
DATE = {1973},
PAGES = {719--751},
TITLE = {Sentence Fragments and the Notion `sentence'},
}

@ARTICLE{muller2005,
AUTHOR = {Müller, Stefan},
DATE = {2005},
IDS = {mueller2005},
JOURNALTITLE = {Linguistische Berichte},
LANGID = {german},
PAGES = {297--330},
TITLE = {Zur Analyse der scheinbar mehrfachen Vorfeldbesetzung},
VOLUME = {203},
SORTNAME = {Mueller, Stefan}
}

@ARTICLE{musan2002,
AUTHOR = {Musan, Renate},
DATE = {2002},
DOI = {10.1515/zfgl.2002.015},
JOURNALTITLE = {Zeitschrift für Germanistische Linguistik},
LANGID = {german},
NUMBER = {2},
PAGES = {198--221},
TITLE = {Informationsstrukturelle Dimensionen im Deutschen. Zur Variation der Wortstellung im Mittelfeld},
VOLUME = {30},
}

@BOOK{musan2017,
AUTHOR = {Musan, Renate},
LOCATION = {Heidelberg},
PUBLISHER = {Winter},
DATE = {2017},
EDITION = {2},
NUMBER = {9},
SERIES = {Kurze {{Einführungen}} in die germanistische {{Linguistik}}},
TITLE = {Informationsstruktur},
}

@INPROCEEDINGS{neeleman.szendroi2005,
AUTHOR = {Neeleman, Ad and Szendrői, Kriszta},
LOCATION = {Somerville},
PUBLISHER = {Cascadilla Proceedings Project},
BOOKTITLE = {Proceedings of the 24th {{West Coast Conference}} on {{Formal Linguistics}}},
DATE = {2005},
LANGID = {english},
PAGES = {299--307},
TITLE = {Pro Drop and Pronouns},
}

@ARTICLE{neeleman.szendroi2007,
AUTHOR = {Neeleman, Ad and Szendrői, Kriszta},
DATE = {2007},
DOI = {10.1162/ling.2007.38.4.671},
ISSN = {0024-3892, 1530-9150},
JOURNALTITLE = {Linguistic Inquiry},
LANGID = {english},
NUMBER = {4},
PAGES = {671--714},
SHORTJOURNAL = {Linguistic Inquiry},
TITLE = {Radical pro Drop and the Morphology of Pronouns},
VOLUME = {38},
}

@INCOLLECTION{nygard2014,
AUTHOR = {Nygård, Mari},
EDITOR = {Åfarli, Tor A. and Mæhlum, Brit},
LOCATION = {Amsterdam},
PUBLISHER = {John Benjamins},
BOOKTITLE = {The Sociolinguistics of Grammar},
DATE = {2014},
DOI = {10.1075/slcs.154.09nyg},
NUMBER = {154},
PAGES = {171--189},
SERIES = {Studies in Language Companion Series},
TITLE = {Norwegian Discourse Ellipses in the Left Periphery -- Interacting Structural and Semantic Restrictions},
}

@BOOK{nygard2018,
AUTHOR = {Nygård, Mari},
LOCATION = {Amsterdam},
PUBLISHER = {John Benjamins},
DATE = {2018},
DOI = {10.1075/sigl.2},
NUMBER = {2},
SERIES = {Studies in {{Germanic}} Linguistics},
SHORTTITLE = {Norwegian Discourse Ellipsis},
TITLE = {Norwegian Discourse Ellipsis: Clausal Architecture and Licensing Conditions},
}

@BOOK{oennerfors1997,
AUTHOR = {Önnerfors, Olaf},
LOCATION = {Stockholm},
PUBLISHER = {Almqvist \& Wiksell International},
DATE = {1997},
LANGID = {german},
NUMBER = {60},
SERIES = {Lunder germanistische Forschungen},
SHORTTITLE = {Verb-erst-Deklarativsätze},
TITLE = {Verb-erst-Deklarativsätze: Grammatik und Pragmatik},
SORTNAME = {Oennerfors, Olaf}
}

@INCOLLECTION{oppenrieder1987,
AUTHOR = {Oppenrieder, Wilhelm},
EDITOR = {Meibauer, Jörg and {Deutsche Gesellschaft für Sprachwissenschaft}},
LOCATION = {Tübingen},
PUBLISHER = {Niemeyer},
BOOKTITLE = {Satzmodus Zwischen {{Grammatik}} Und {{Pragmatik}}. {{Referate}} Anläßlich Der 8. {{Jahrestagung}} Der {{Deutschen Gesellschaft}} Für {{Sprachwissenschaft}}, {{Heidelberg}} 1986},
DATE = {1987},
DOI = {10.1515/9783111560588-010},
IDS = {oppenrieder1987a},
NUMBER = {180},
PAGES = {161--189},
SERIES = {Linguistische {{Arbeiten}}},
TITLE = {Aussagesätze Im {{Deutschen}}},
}

@INCOLLECTION{oppenrieder1991,
AUTHOR = {Oppenrieder, Wilhelm},
EDITOR = {Fanselow, Gisbert and Felix, Sascha W.},
LOCATION = {Tübingen},
PUBLISHER = {Narr},
BOOKTITLE = {Strukturen Und {{Merkmale}} Syntaktischer {{Kategorien}}},
DATE = {1991},
PAGES = {159--173},
SERIES = {Studien zur deutschen {{Grammatik}}},
TITLE = {Preposition {{Stranding}} Im {{Deutschen}}? -- {{Da}} will ich nichts von hören!},
NUMBER = {39}
}

@ARTICLE{oppermann2021,
AUTHOR = {Oppermann, Sophia J.},
DATE = {2021},
DOI = {10.18148/HS/2021.V5I16-25.58},
JOURNALTITLE = {Journal of Historical Syntax},
LANGID = {english},
NUMBER = {21},
PAGES = {1--28},
SHORTJOURNAL = {JHS},
TITLE = {Subject Gap Coordination: A Diachronic View},
VOLUME = {5},
}

@BOOK{pafel2011,
AUTHOR = {Pafel, Jürgen},
LOCATION = {Stuttgart},
PUBLISHER = {Metzler},
DATE = {2011},
DOI = {10.1007/978-3-476-00467-3},
LANGID = {german},
SHORTTITLE = {Einführung in die Syntax},
TITLE = {Einführung in die Syntax: Grundlagen – Strukturen – Theorien},
}

@BOOK{pasch.etal2003,
EDITOR = {Pasch, Renate and Brauße, Ursula and Breindl, Eva and Waßner, Ulrich Hermann},
LOCATION = {Berlin},
PUBLISHER = {De Gruyter},
DATE = {2003},
DOI = {10.1515/9783110201666},
LANGID = {german},
NUMBER = {9},
SERIES = {Schriften des Instituts für Deutsche Sprache},
SHORTTITLE = {Handbuch der deutschen Konnektoren},
TITLE = {Handbuch der deutschen Konnektoren: Linguistische Grundlagen der Beschreibung und syntaktische Merkmale der deutschen Satzverknüpfer (Konjunktionen, Satzadverbien und Partikeln)},
VOLUME = {1},
}

@BOOK{paul1919,
AUTHOR = {Paul, Hermann},
LOCATION = {Halle/Saale},
PUBLISHER = {Niemeyer},
DATE = {1919},
TITLE = {Deutsche {{Grammatik}}. {{Band III}}. {{Teil IV}}: {{Syntax}} ({{Erste Hälfte}})},
}

@THESIS{pauly2013,
AUTHOR = {Pauly, Dennis},
INSTITUTION = {Universität Potsdam},
LOCATION = {Potsdam},
DATE = {2013},
LANGID = {german},
TITLE = {Grenzfälle der Subordination : Merkmale, Empirie und Theorie abhängiger Nebensätze},
TYPE = {phdthesis},
}

@BOOK{perlmutter1971,
AUTHOR = {Perlmutter, David M.},
LOCATION = {New York},
PUBLISHER = {Holt, Rinehart and Winston},
DATE = {1971},
SERIES = {The {{Transatlantic}} Series in Linguistics},
TITLE = {Deep and Surface Structure Constraints in Syntax},
}

@ARTICLE{peskova2013,
AUTHOR = {Pešková, Andrea},
DATE = {2013},
JOURNALTITLE = {SKY Journal of Linguistics},
LANGID = {english},
PAGES = {117--149},
TITLE = {Experimenting with {\emph{Pro-Drop}} in {{Spanish}}},
VOLUME = {26},
}

@BOOK{pittner.berman2021,
AUTHOR = {Pittner, Karin and Berman, Judith},
LOCATION = {Tübingen},
PUBLISHER = {Narr Francke Attempto},
DATE = {2021},
EDITION = {7th, revised and expanded edition},
IDS = {pittner.berman2021a},
LANGID = {german},
SERIES = {Narr Studienbücher},
SHORTTITLE = {Deutsche Syntax},
TITLE = {Deutsche Syntax: ein Arbeitsbuch},
}

@INCOLLECTION{platzack1996,
AUTHOR = {Platzack, Christer},
EDITOR = {Lang, Ewald and Zifonun, Gisela},
LOCATION = {Berlin},
PUBLISHER = {De Gruyter},
BOOKTITLE = {Deutsch -- Typologisch},
DATE = {1996},
DOI = {10.1515/9783110622522-006},
LANGID = {german},
NUMBER = {1995},
PAGES = {92--120},
SERIES = {Jahrbuch des Instituts für Deutsche Sprache},
TITLE = {Germanic verb second languages. Attract vs. repel: On optionality, A-bar movement and the symmetrical/asymmetrical verb second hypothesis},
}

@INCOLLECTION{platzack2013,
AUTHOR = {Platzack, Christer},
EDITOR = {Lohndal, Terje},
LOCATION = {Amsterdam},
PUBLISHER = {John Benjamins},
BOOKTITLE = {In Search of Universal Grammar. {{From Old Norse}} to {{Zoque}}},
DATE = {2013},
DOI = {10.1075/la.202.04pla},
NUMBER = {202},
PAGES = {27--50},
SERIES = {Linguistik Aktuell / {{Linguistics}} Today},
TITLE = {Spurious Topic Drop in {{Swedish}}},
}

@INCOLLECTION{poitou1993,
AUTHOR = {Poitou, Jacques},
EDITOR = {Marillier, Jean-François},
LOCATION = {Tübingen},
PUBLISHER = {Narr},
BOOKTITLE = {Satzanfang -- {{Satzende}}. {{Syntaktische}}, Semantische Und Pragmatische {{Untersuchungen}} Zur {{Satzabgrenzung}} Und {{Extraposition}} Im {{Deutschen}}},
DATE = {1993},
NUMBER = {3},
PAGES = {111--131},
SERIES = {Eurogermanistik},
TITLE = {Zu Assertiven {{V1-Sätzen}}},
}

@ARTICLE{portele.bader2016,
AUTHOR = {Portele, Yvonne and Bader, Markus},
DATE = {2016},
DOI = {10.4000/discours.9188},
ISSN = {1963-1723},
JOURNALTITLE = {Discours. Revue de linguistique, psycholinguistique et informatique},
LANGID = {english},
SHORTTITLE = {Accessibility and {{Referential Choice}}},
TITLE = {Accessibility and Referential Choice: Personal Pronouns and d-Pronouns in Written {{German}}},
VOLUME = {18},
PAGES = {1--41}
}

@BOOK{postal1974,
AUTHOR = {Postal, Paul M.},
LOCATION = {Cambridge},
PUBLISHER = {MIT Press},
DATE = {1974},
LANGID = {english},
NUMBER = {5},
SERIES = {Current Studies in Linguistics},
SHORTTITLE = {On Raising},
TITLE = {On Raising: One Rule of {{English}} Grammar and Its Theoretical Implications},
}

@BOOK{prince.smolensky2004,
AUTHOR = {Prince, Alan and Smolensky, Paul},
LOCATION = {Oxford},
PUBLISHER = {Blackwell},
ANNOTATION = {[final version of the 1993 technical report]},
DATE = {2004},
LANGID = {english},
TITLE = {Optimality Theory: Constraint Interaction in Generative Grammar},
DOI = {10.1002/9780470759400}
}

@INCOLLECTION{prince1981,
AUTHOR = {Prince, Ellen F.},
EDITOR = {Cole, Peter},
LOCATION = {New York},
PUBLISHER = {Academic Press},
BOOKTITLE = {Radical Pragmatics},
DATE = {1981},
LANGID = {english},
PAGES = {223--254},
TITLE = {Toward a Taxonomy of Given-New Formation},
}

@INCOLLECTION{prince1999,
AUTHOR = {Prince, Ellen F.},
EDITOR = {Bosch, Peter and van der Sandt, Rob},
LOCATION = {Cambridge},
PUBLISHER = {Cambridge University Press},
BOOKTITLE = {Focus: Linguistic, Cognitive, and Computational Perspectives.},
DATE = {1999},
LANGID = {english},
PAGES = {82--104},
TITLE = {Subject-{{Prodrop}} in {{Yiddish}}},
SERIES = {{{Studies in Natural Language Processing}}}
}

@ARTICLE{pritchett1988,
AUTHOR = {Pritchett, Bradley L.},
PUBLISHER = {Linguistic Society of America},
DATE = {1988},
DOI = {10.2307/414532},
ISSN = {0097-8507},
JOURNALTITLE = {Language},
NUMBER = {3},
PAGES = {539--576},
TITLE = {Garden Path Phenomena and the Grammatical Basis of Language Processing},
VOLUME = {64},
}

@ARTICLE{proske2015,
AUTHOR = {Proske, Nadine},
DATE = {2014},
LANGID = {german},
PAGES = {121--160},
JOURNALTITLE = {Gesprächsforschung. Online-Zeitschrift zur verbalen Interaktion},
TITLE = {\emph{°h ach KOMM; hör AUF mit dem klEInkram.} Die Partikel \emph{komm} zwischen Interjektion und Diskursmarker},
VOLUME = {15},
}

@MANUAL{rcoreteam2021,
AUTHOR = {{R Core Team}},
LOCATION = {Vienna},
PUBLISHER = {R Foundation for Statistical Computing},
URL = {https://www.R-project.org/},
DATE = {2021},
TITLE = {R: {{A}} language and environment for statistical computing. {{Version}} 4.1.0 (05/18/2021)},
URLDATE = {2025-04-23}
}

@ARTICLE{rabagliati.robertson2017,
AUTHOR = {Rabagliati, Hugh and Robertson, Alexander},
DATE = {2017},
DOI = {10.1016/j.jml.2016.09.007},
ISSN = {0749-596X},
JOURNALTITLE = {Journal of Memory and Language},
LANGID = {english},
PAGES = {15--27},
SHORTJOURNAL = {Journal of Memory and Language},
SHORTTITLE = {How Do Children Learn to Avoid Referential Ambiguity?},
TITLE = {How Do Children Learn to Avoid Referential Ambiguity? {{Insights}} from Eye-Tracking},
VOLUME = {94},
}

@INCOLLECTION{rapp2015,
AUTHOR = {Rapp, Irene},
EDITOR = {Engelberg, Stefan and Meliss, Meike and Proost, Kristel and Winkler, Edeltraut},
LOCATION = {Tübingen},
PUBLISHER = {Narr},
BOOKTITLE = {Argumentstruktur Zwischen {{Valenz}} Und {{Konstruktion}}},
DATE = {2015},
NUMBER = {68},
PAGES = {177--200},
SERIES = {Studien zur deutschen {{Sprache}}},
TITLE = {Zur {{Distribution}} von Infinitiven {{Komplementsätzen}} Im {{Deutschen}}. {{Fragen}}, {{Fakten}} Und {{Faktoren}}},
}

@BOOK{rasinger2013,
AUTHOR = {Rasinger, Sebastian M.},
LOCATION = {London},
PUBLISHER = {Bloomsbury Academic},
DATE = {2013},
EDITION = {2},
LANGID = {english},
SERIES = {Research Methods in Linguistics},
SHORTTITLE = {Quantitative {{Research}} in {{Linguistics}}},
TITLE = {Quantitative Research in Linguistics: An Introduction},
}

@BOOK{rauth2020,
AUTHOR = {Rauth, Philipp},
LOCATION = {Tübingen},
PUBLISHER = {Stauffenburg},
ANNOTATION = {OCLC: 1220923865},
DATE = {2020},
NUMBER = {100},
SERIES = {Studien zur deutschen {{Grammatik}}},
SHORTTITLE = {Ditransitive {{Konstruktionen}} Im {{Deutschen}}},
TITLE = {Ditransitive {{Konstruktionen}} Im {{Deutschen}}: {{Geschichte}} Und {{Steuerung}} Der {{Objektabfolge}} Im {{Mittelfeld}}},
}

@ARTICLE{rayner1998,
AUTHOR = {Rayner, Keith},
DATE = {1998},
DOI = {10.1037/0033-2909.124.3.372},
ISSN = {0033-2909},
JOURNALTITLE = {Psychological Bulletin},
LANGID = {english},
NUMBER = {3},
PAGES = {372--422},
SHORTJOURNAL = {Psychol Bull},
SHORTTITLE = {Eye Movements in Reading and Information Processing},
TITLE = {Eye Movements in Reading and Information Processing: 20 Years of Research},
VOLUME = {124},
}

@ARTICLE{rayner.mcconkie1976,
AUTHOR = {Rayner, Keith and McConkie, George W.},
DATE = {1976},
DOI = {10.1016/0042-6989(76)90143-7},
ISSN = {0042-6989},
JOURNALTITLE = {Vision Research},
LANGID = {english},
NUMBER = {8},
PAGES = {829--837},
SHORTJOURNAL = {Vision Res},
TITLE = {What Guides a Reader's Eye Movements?},
VOLUME = {16},
}

@ARTICLE{rayner.etal2011,
AUTHOR = {Rayner, Keith and Slattery, Timothy J. and Drieghe, Denis and Liversedge, Simon P.},
DATE = {2011},
DOI = {10.1037/a0020990},
ISSN = {0096-1523},
JOURNALTITLE = {Journal of Experimental Psychology. Human Perception and Performance},
NUMBER = {2},
PAGES = {514--528},
SHORTJOURNAL = {J Exp Psychol Hum Percept Perform},
SHORTTITLE = {Eye Movements and Word Skipping during Reading},
TITLE = {Eye Movements and Word Skipping during Reading: Effects of Word Length and Predictability},
VOLUME = {37},
}

@BOOK{reich2003,
AUTHOR = {Reich, Ingo},
LOCATION = {Berlin},
PUBLISHER = {Akademie Verlag},
ANNOTATION = {OCLC: ocm51751050},
DATE = {2003},
NUMBER = {55},
SERIES = {Studia Grammatica},
TITLE = {Frage, {{Antwort}} Und {{Fokus}}},
DOI = {10.1515/9783050082097}
}

@INCOLLECTION{reich2007,
AUTHOR = {Reich, Ingo},
EDITOR = {Schwabe, Kerstin and Winkler, Susanne},
LOCATION = {Amsterdam},
PUBLISHER = {John Benjamins},
BOOKTITLE = {On Information Structure, Meaning and Form. {{Generalizations}} across Languages},
DATE = {2007},
DOI = {10.1075/la.100.25rei},
LANGID = {english},
NUMBER = {100},
PAGES = {467--484},
SERIES = {Linguistik Aktuell / {{Linguistics}} Today},
TITLE = {Toward a Uniform Analysis of Short Answers and Gapping},
}

@INCOLLECTION{reich2008,
AUTHOR = {Reich, Ingo},
EDITOR = {Fabricius-Hansen, Cathrine and Ramm, Wiebke},
LOCATION = {Amsterdam},
PUBLISHER = {John Benjamins},
BOOKTITLE = {`{{Subordination}}' versus `coordination' in Sentence and Text. {{A}} Cross-Linguistic Perspective},
DATE = {2008},
DOI = {10.1075/slcs.98.15rei},
LANGID = {english},
NUMBER = {98},
PAGES = {281--303},
SERIES = {Studies in Language Companion Series},
SHORTTITLE = {From Discourse to "Odd Coordinations"},
TITLE = {From Discourse to ``odd Coordinations'': {{On}} Asymmetric Coordination and Subject Gaps in {{German}}},
}

@BOOK{reich2009,
AUTHOR = {Reich, Ingo},
LOCATION = {Tübingen},
PUBLISHER = {Stauffenburg},
ANNOTATION = {OCLC: ocn456287342},
DATE = {2009},
NUMBER = {75},
SERIES = {Studien zur deutschen {{Grammatik}}},
TITLE = {"{{Asymmetrische Koordination}}" Im {{Deutschen}}},
}

@INCOLLECTION{reich2009a,
AUTHOR = {Reich, Ingo},
EDITOR = {Ehrich, Veronika and Fortmann, Christian and Reich, Ingo and Reis, Marga},
LOCATION = {Hamburg},
PUBLISHER = {Buske},
ANNOTATION = {OCLC: 1155561565},
BOOKTITLE = {Koordination und Subordination im Deutschen},
DATE = {2009},
LANGID = {german},
NUMBER = {16},
PAGES = {203--222},
SERIES = {Linguistische Berichte. Sonderheft},
TITLE = {Ist \emph{Asymmetrische Koordination } wirklich ein Fall asymmetrischer Koordination?},
}

@INCOLLECTION{reich2011,
AUTHOR = {Reich, Ingo},
EDITOR = {von Heusinger, Klaus and Maienborn, Claudia and Portner, Paul},
LOCATION = {Berlin},
PUBLISHER = {De Gruyter},
BOOKTITLE = {Semantics: {{An}} International Handbook of Natural Language Meaning},
DATE = {2011},
DOI = {10.1515/9783110255072.1849},
IDS = {reich2011a},
NUMBER = {33},
PAGES = {1849--1874},
SERIES = {Handbücher zur {{Sprach-}} und {{Kommunikationswissenschaft}} / {{Handbooks}} of Linguistics and Communication Science},
TITLE = {Ellipsis},
VOLUME = {2},
}

@INCOLLECTION{reich2013,
AUTHOR = {Reich, Ingo},
EDITOR = {Meibauer, Jörg and Steinbach, Markus and Altmann, Hans},
LOCATION = {Berlin},
PUBLISHER = {De Gruyter},
BOOKTITLE = {Satztypen des Deutschen},
DATE = {2013},
DOI = {10.1515/9783110224832.356},
LANGID = {german},
PAGES = {356--371},
TITLE = {Asymmetrische Koordination},
}

@ARTICLE{reich2017,
AUTHOR = {Reich, Ingo},
DATE = {2017},
DOI = {10.1075/lv.14017.rei},
ISSN = {2211-6834, 2211-6842},
JOURNALTITLE = {Linguistic Variation},
LANGID = {english},
NUMBER = {2},
PAGES = {186--204},
TITLE = {On the Omission of Articles and Copulae in {{German}} Newspaper Headlines},
VOLUME = {17},
}

@INCOLLECTION{reich2018,
AUTHOR = {Reich, Ingo},
EDITOR = {Liedtke, Frank and Tuchen, Astrid},
LOCATION = {Stuttgart},
PUBLISHER = {Metzler},
BOOKTITLE = {Handbuch {{Pragmatik}}},
DATE = {2018},
DOI = {10.1007/978-3-476-04624-6_24},
PAGES = {240--251},
TITLE = {Ellipsen},
}

@INCOLLECTION{reichtoappear,
AUTHOR = {Reich, Ingo},
LOCATION = {Berlin},
PUBLISHER = {Language Science Press},
BOOKTITLE = {Handbook of Clausal Embedding},
pubstate = {forthcoming},
EDITOR = {Benz, Anton and Frey, Werner and Gärtner, Hand-Martin and Krifka, Manfred and Schenner, Mathias and Żygis, Marzena},
TITLE = {Coordination},
}

@INCOLLECTION{reich.reis2013,
AUTHOR = {Reich, Ingo and Reis, Marga},
EDITOR = {Meibauer, Jörg and Steinbach, Markus and Altmann, Hans},
LOCATION = {Berlin},
PUBLISHER = {De Gruyter},
BOOKTITLE = {Satztypen des Deutschen},
DATE = {2013},
DOI = {10.1515/9783110224832.536},
LANGID = {german},
PAGES = {536--569},
TITLE = {Koordination und Subordination},
}

@THESIS{reinhart1976,
AUTHOR = {Reinhart, Tanya},
INSTITUTION = {Massachusetts Institute of Technology},
LOCATION = {Cambridge},
ANNOTATION = {Accepted: 2005-08-02T20:38:55Z},
DATE = {1976},
TITLE = {The Syntactic Domain of Anaphora},
TYPE = {phdthesis},
}

@ARTICLE{reinhart1981,
AUTHOR = {Reinhart, Tanya},
DATE = {1981},
DOI = {10.21825/philosophica.82606},
JOURNALTITLE = {Philosophica},
LANGID = {english},
PAGES = {53--94},
TITLE = {Pragmatics and Linguistics: {{An}} Analysis of Sentence Topics},
VOLUME = {27},
}

@ARTICLE{reinhart.siloni2005,
AUTHOR = {Reinhart, Tanya and Siloni, Tal},
DATE = {2005},
DOI = {10.1162/0024389054396881},
ISSN = {0024-3892, 1530-9150},
JOURNALTITLE = {Linguistic Inquiry},
LANGID = {english},
NUMBER = {3},
PAGES = {389--436},
SHORTJOURNAL = {Linguistic Inquiry},
SHORTTITLE = {The {{Lexicon-Syntax Parameter}}},
TITLE = {The Lexicon-Syntax Parameter: Reflexivization and Other Arity Operations},
VOLUME = {36},
}

@INCOLLECTION{reis1982,
AUTHOR = {Reis, Marga},
EDITOR = {Abraham, Werner},
LOCATION = {Tübingen},
PUBLISHER = {Narr},
BOOKTITLE = {Satzglieder im Deutschen: Vorschläge zur syntaktischen, semantischen und pragmatischen Fundierung},
DATE = {1982},
LANGID = {german},
NUMBER = {15},
PAGES = {171--211},
SERIES = {Studien zur deutschen Grammatik},
SHORTTITLE = {Satzglieder im Deutschen},
TITLE = {Zum Subjektbegriff im Deutschen},
}

@ARTICLE{reis1995,
AUTHOR = {Reis, Marga},
DATE = {1995},
JOURNALTITLE = {Sprache und Pragmatik},
LANGID = {german},
PAGES = {27--83},
TITLE = {\emph{Wer glaubst du hat recht?} On so-called extractions from verb-second clauses and verb-first parenthetical constructions in German},
VOLUME = {36},
}

@INCOLLECTION{reis1996,
AUTHOR = {Reis, Marga},
EDITOR = {Lutz, Uli and Pafel, Jürgen},
LOCATION = {Amsterdam},
PUBLISHER = {John Benjamins},
BOOKTITLE = {On Extraction and Extraposition in {{German}}},
DATE = {1996},
DOI = {10.1075/la.11.03rei},
LANGID = {english},
NUMBER = {11},
PAGES = {45--88},
SERIES = {Linguistik Aktuell / {{Linguistics}} Today},
TITLE = {Extractions from Verb-Second Clauses in {{German}}?},
}

@INCOLLECTION{reis1997,
AUTHOR = {Reis, Marga},
EDITOR = {Dürscheid, Christa and Ramers, Karl Heinz and Schwarz, Monika},
LOCATION = {Tübingen},
PUBLISHER = {Niemeyer},
BOOKTITLE = {Sprache im Fokus. Festschrift für Heinz Vater zum 65. Geburtstag},
DATE = {1997},
LANGID = {german},
PAGES = {121--144},
TITLE = {Zum syntaktischen Status unselbständiger Verbzweit-Sätze},
}

@INCOLLECTION{reis2000,
AUTHOR = {Reis, Marga},
EDITOR = {Thieroff, Rolf and Tamrat, Matthias and Fuhrhop, Nanna and Teuber, Oliver},
LOCATION = {Berlin},
PUBLISHER = {De Gruyter},
BOOKTITLE = {Deutsche {{Grammatik}} in {{Theorie}} Und {{Praxis}}},
DATE = {2000},
DOI = {10.1515/9783110933932.215},
PAGES = {215--227},
TITLE = {Anmerkungen Zu {{Verb-erst-Satz-Typen}} Im {{Deutschen}}},
}

@BOOK{rizzi1982,
AUTHOR = {Rizzi, Luigi},
LOCATION = {Dordrecht},
PUBLISHER = {Foris},
DATE = {1982},
DOI = {10.1515/9783110883718},
NUMBER = {11},
SERIES = {Studies in Generative Grammar},
TITLE = {Issues in {{Italian}} Syntax},
}

@BOOK{rizzi1990,
AUTHOR = {Rizzi, Luigi},
LOCATION = {Cambridge},
PUBLISHER = {MIT Press},
DATE = {1990},
NUMBER = {16},
SERIES = {Linguistic Inquiry Monographs},
TITLE = {Relativized Minimality},
}

@INCOLLECTION{rizzi1990a,
AUTHOR = {Rizzi, Luigi},
EDITOR = {Mascaró, Joan and Nespor, Marina},
LOCATION = {Berlin},
PUBLISHER = {De Gruyter Mouton},
BOOKTITLE = {Grammar in {{Progress}}. {{GLOW}} Essays for {{Henk}} van {{Riemsdijk}}},
DATE = {1990},
DOI = {10.1515/9783110867848.375},
NUMBER = {36},
PAGES = {375--386},
SERIES = {Studies in Generative Grammar},
TITLE = {Speculations on Verb Second},
}

@INCOLLECTION{rizzi1994,
AUTHOR = {Rizzi, Luigi},
EDITOR = {Hoekstra, Teun and Schwartz, Bonnie D.},
LOCATION = {Amsterdam},
PUBLISHER = {John Benjamins},
BOOKTITLE = {Language Acquisition Studies in Generative Grammar},
DATE = {1994},
DOI = {10.1075/lald.8.09riz},
LANGID = {english},
NUMBER = {8},
PAGES = {151--176},
SERIES = {Language Acquisition and Language Disorders},
TITLE = {Early Null Subjects and Root Null Subjects},
}

@INCOLLECTION{rizzi1996,
AUTHOR = {Rizzi, Luigi},
EDITOR = {Beletti, Adriana and Rizzi, Luigi},
LOCATION = {New York},
PUBLISHER = {Oxford University Press},
BOOKTITLE = {Parameters and Functional Heads. {{Essays}} in Comparative Syntax},
DATE = {1996},
PAGES = {63--90},
SERIES = {Oxford Studies in Comparative Syntax},
TITLE = {Residual Verb Second and the {\emph{Wh}}-Criterion},
DOI = {10.1093/oso/9780195087932.003.0003}
}

@INCOLLECTION{rizzi2000,
AUTHOR = {Rizzi, Luigi},
EDITOR = {Friedemann, Marc-Ariel and Rizzi, Luigi},
LOCATION = {Harlow},
PUBLISHER = {Longman},
BOOKTITLE = {The Acquisition of Syntax: Studies in Comparative Developmental Linguistics},
DATE = {2000},
LANGID = {english},
PAGES = {269--292},
TITLE = {Remarks on Early Null Subjects},
DOI = {10.4324/9781315839899-10}
}

@INCOLLECTION{rizzi2001,
AUTHOR = {Rizzi, Luigi},
EDITOR = {Baltin, Mark and Collins, Chris},
LOCATION = {Malden},
PUBLISHER = {Blackwell},
BOOKTITLE = {The Handbook of Contemporary Syntactic Theory},
DATE = {2001},
DOI = {10.1002/9780470756416.ch4},
LANGID = {english},
PAGES = {89--110},
SERIES = {Blackwell {{Handbooks}} in {{Linguistics}}},
TITLE = {Relativized Minimality Effects},
}

@INCOLLECTION{roberts2014,
AUTHOR = {Roberts, Ian},
EDITOR = {Svenonius, Peter},
LOCATION = {Oxford},
PUBLISHER = {Oxford University Press},
BOOKTITLE = {Functional Structure from Top to Toe: The Cartography of Syntactic Structures, vol. 9},
DATE = {2014},
DOI = {10.1093/acprof:oso/9780199740390.003.0005},
PAGES = {115--147},
SHORTTITLE = {Taraldsen’s {{Generalization}} and {{Language Change}}},
TITLE = {Taraldsen’s Generalization and Language Change: Two Ways to Lose Null Subjects},
}

@ONLINE{rocha2022,
AUTHOR = {Rocha, Zeno},
ORGANIZATION = {CodePen},
URL = {https://codepen.io/zenorocha/details/eZxYOK},
DATE = {2022},
LANGID = {english},
TITLE = {{{WhatsApp}} in {{Pure CSS}} and {{JS}}},
URLDATE = {2022-03-24},
}

@ARTICLE{rohdenburg2021,
AUTHOR = {Rohdenburg, Günter},
PUBLISHER = {De Gruyter},
DATE = {2021},
DOI = {10.1515/zaa-2021-2022},
IDS = {rohdenburg2021a},
ISSN = {2196-4726},
JOURNALTITLE = {Zeitschrift für Anglistik und Amerikanistik},
LANGID = {english},
NUMBER = {3},
PAGES = {207--236},
SHORTTITLE = {Ambiguity {{Avoidance}} by {{Means}} of {{Function Words}} in {{English}}?},
TITLE = {Ambiguity Avoidance by Means of Function Words in {{English}}? {{Providing}} Additional Corpus-Based Counterevidence},
VOLUME = {69},
}

@BOOK{rohrbacher1999,
AUTHOR = {Rohrbacher, Bernhard Wolfgang},
LOCATION = {Amsterdam},
PUBLISHER = {John Benjamins},
DATE = {1999},
DOI = {10.1075/la.15},
LANGID = {english},
NUMBER = {15},
SERIES = {Linguistik Aktuell / {{Linguistics}} Today},
SHORTTITLE = {Morphology-Driven Syntax},
TITLE = {Morphology-Driven Syntax: A Theory of {{V}} to {{I}} Raising and pro-Drop},
}

@ARTICLE{rosenkvist2009,
AUTHOR = {Rosenkvist, Henrik},
DATE = {2009},
JOURNALTITLE = {Working papers in Scandinavian syntax},
LANGID = {english},
PAGES = {151--180},
TITLE = {Referential Null Subjects in {{Germanic}} Languages – an Overview},
VOLUME = {84},
}

@INCOLLECTION{rosenkvist2012,
AUTHOR = {Rosenkvist, Henrik},
EDITOR = {Brandtler, Johan and Håkansson, David and Huber, Stefan and Klingvall, Eva},
LOCATION = {Lund},
PUBLISHER = {Lund University. Centre for Languages and Literature},
BOOKTITLE = {Discourse \& Grammar. {{A Festschrift}} in Honor of {{Valéria Molnár}}},
DATE = {2012},
LANGID = {english},
PAGES = {433--444},
TITLE = {Null Subjects in {{Yiddish}}. {{Some}} Preliminary Observations.},
}

@INPROCEEDINGS{ross1969,
AUTHOR = {Ross, John Robert},
LOCATION = {Chicago},
BOOKTITLE = {{{Papers from the 5th Regional Meeting of the Chicago Linguistic Society}}},
DATE = {1969},
PAGES = {252--286},
TITLE = {Guess Who?},
EDITOR = {Binnick, Robert I. and Davison, Alice and Green, Georgia M. and Morgan, Jerry L.},
PUBLISHER = {Chicago Linguistic Society}
}

@BOOK{ross1982,
AUTHOR = {Ross, John Robert},
LOCATION = {Paper presented at the annual meeting of the Linguistic Society of America, San Diego, California, 27--30 December 1982.},
DATE = {1982},
TITLE = {Pronoun Deleting Processes in {{German}}},
}

@MANUAL{rstudioteam2021,
AUTHOR = {{RStudio Team}},
LOCATION = {Boston},
URL = {http://www.rstudio.com/},
DATE = {2021},
TITLE = {{{RStudio}}: {{Integrated}} development environment for {{R}}},
}

@INCOLLECTION{ruppenhofer2018,
AUTHOR = {Ruppenhofer, Josef},
EDITOR = {Boas, Hans C. and Ziem, Alexander},
LOCATION = {Berlin},
PUBLISHER = {De Gruyter Mouton},
BOOKTITLE = {Constructional Approaches to Syntactic Structures in {{German}}},
DATE = {2018},
DOI = {10.1515/9783110457155-006},
LANGID = {english},
NUMBER = {322},
PAGES = {204--242},
SERIES = {Trends in Linguistics. {{Studies}} and Monographs},
TITLE = {Argument Omissions in Multiple {{German}} Corpora},
}

@ARTICLE{samson1953,
AUTHOR = {Samson, Edward W.},
DATE = {1953},
JOURNALTITLE = {ETC: A Review of General Semantics},
NUMBER = {4},
PAGES = {283--297},
TITLE = {Fundamental Natural Concepts of Information Theory},
VOLUME = {10},
}

@ARTICLE{sandig2000,
AUTHOR = {Sandig, Barbara},
DATE = {2000},
DOI = {10.1515/zfgl.2000.28.3.291},
ISSN = {0301-3294, 1613-0626},
JOURNALTITLE = {Zeitschrift für Germanistische Linguistik},
LANGID = {german},
NUMBER = {3},
SHORTTITLE = {Zu einer Gesprächs-Grammatik},
TITLE = {Zu einer Gesprächs-Grammatik: Prototypische elliptische Strukturen und ihre Funktionen in mündlichem Erzählen},
VOLUME = {28},
}

@BOOK{sanz.etal2013,
EDITOR = {Sanz, Montserrat and Laka, Itziar and Tanenhaus, Michael K.},
LOCATION = {Oxford},
PUBLISHER = {Oxford University Press},
DATE = {2013},
DOI = {10.1093/acprof:oso/9780199677139.001.0001},
LANGID = {english},
SHORTTITLE = {Language {{Down}} the {{Garden Path}}},
TITLE = {Language down the Garden Path: The Cognitive and Biological Basis for Linguistic Structures},
}

@THESIS{schafer2019,
AUTHOR = {Schäfer, Lisa},
INSTITUTION = {Saarland University},
LOCATION = {Saarbrücken},
DATE = {2019},
TITLE = {Topic Drop in {{German}}. {{Experimental}} Investigations on the Impact of Topicality and Grammatical Person},
TYPE = {bathesis},
SORTNAME = {Schafer, Lisa}
}

@ARTICLE{schafer2021,
AUTHOR = {Schäfer, Lisa},
DATE = {2021},
DOI = {10.1515/zfs-2021-2024},
ISSN = {1613-3706, 0721-9067},
JOURNALTITLE = {Zeitschrift für Sprachwissenschaft},
LANGID = {english},
NUMBER = {2},
PAGES = {161--197},
SHORTJOURNAL = {ZfS},
SHORTTITLE = {Topic Drop in {{German}}},
TITLE = {Topic Drop in {{German}}: {{Empirical}} Support for an Information-Theoretic Account to a Long-Known Omission Phenomenon},
VOLUME = {40},
SORTNAME = {Schafer, Lisa}
}

@BOOK{schafer2022,
AUTHOR = {Schäfer, Lisa},
LOCATION = {{{Poster presented at the 35th Annual Conference on Human Sentence Processing, UC Santa Cruz/online, 03/24/2022}}},
DATE = {2022},
LANGID = {german},
TITLE = {Preverbal positioning as a licensing condition for topic drop: experimental evidence},
SORTNAME = {Schafer, Lisa}
}

@ARTICLE{schafer.etal2021,
AUTHOR = {Schäfer, Lisa and Lemke, Robin and Drenhaus, Heiner and Reich, Ingo},
DATE = {2021},
DOI = {10.3389/fpsyg.2021.661087},
IDS = {schafer.etal2021a},
ISSN = {1664-1078},
JOURNALTITLE = {Frontiers in Psychology},
PAGES = {661087},
SHORTJOURNAL = {Front. Psychol.},
SHORTTITLE = {The {{Role}} of {{UID}} for the {{Usage}} of {{Verb Phrase Ellipsis}}},
TITLE = {The Role of {{UID}} for the Usage of Verb Phrase Ellipsis: {{Psycholinguistic}} Evidence from Length and Context Effects},
VOLUME = {12},
SORTNAME = {Schafer, Lisa and Lemke, Robin and Drenhaus, Heiner and Reich, Ingo}
}

@INCOLLECTION{schafer.etal2005,
AUTHOR = {Schafer, Amy J. and Speer, Shari R. and Warren, Paul},
EDITOR = {Trueswell, John C. and Tanenhaus, Michael K.},
LOCATION = {Cambridge},
PUBLISHER = {MIT Press},
BOOKTITLE = {Approaches to Studying World-Situated Language Use: Bridging the Language-as-Product and Language-as-Action Traditions},
DATE = {2005},
LANGID = {english},
PAGES = {209--228},
TITLE = {Prosodic Influences on the Production and Comprehension of Syntactic Ambiguity in a Game-Based Conversation Task},
}

@THESIS{schalowski2009,
AUTHOR = {Schalowski, Sören},
INSTITUTION = {Humboldt-Universität zu Berlin},
LOCATION = {Berlin},
DATE = {2009},
TITLE = {Über {{Topik-Drop}} Im {{Deutschen}}. {{Untersuchung}} Zum {{Einfluss}} Der Grammatischen {{Funktion}} Und Des {{Merkmals}} ‚{{Person}}‘},
TYPE = {Magisterarbeit},
}

@BOOK{schalowski2015,
AUTHOR = {Schalowski, Sören},
LOCATION = {Potsdam},
PUBLISHER = {Universitätsverlag Potsdam},
DATE = {2015},
NUMBER = {18},
SERIES = {Interdisciplinary Studies on Information Structure},
TITLE = {Wortstellungsvariation Aus Informationsstruktureller {{Perspektive}}: {{Eine Untersuchung}} Der Linken {{Satzperipherie}} Im Gesprochenen {{Deutsch}}},
}

@INPROCEEDINGS{schmid1994,
AUTHOR = {Schmid, Helmut},
LOCATION = {Manchester},
BOOKTITLE = {{{Proceedings of the International Conference on New Methods in Language Processing}}},
DATE = {1994},
PAGES = {44--49},
TITLE = {Probabilistic Part-of-Speech Tagging Using Decision Trees},
}

@INPROCEEDINGS{schmid1995,
AUTHOR = {Schmid, Helmut},
LOCATION = {Dublin},
BOOKTITLE = {Proceedings of the {{ACL SIGDAT-workshop}}},
DATE = {1995},
DOI = {10.1007/978-94-017-2390-9_2},
PAGES = {13--25},
TITLE = {Improvements in Part-of-Speech Tagging with an Application to {{German}}},
}

@INPROCEEDINGS{schmidt2014,
AUTHOR = {Schmidt, Thomas},
PUBLISHER = {European Language Resources Association (ELRA)},
DATE = {2014},
BOOKTITLE = {{{Proceedings of the Ninth Conference on International Language Resources and Evaluation (LREC’14)}}},
LANGID = {german},
PAGES = {383--387},
TITLE = {The research and teaching corpus of spoken German -- FOLK},
LOCATION = {Reykjavik},
URL = {http://www.lrec-conf.org/proceedings/lrec2014/pdf/290_Paper.pdf},
URLDATE = {2025-04-23}
}

@THESIS{schnitzer2012,
AUTHOR = {Schnitzer, Caroline-Victoria},
INSTITUTION = {Ludwig-Maximilians-Universität München},
LOCATION = {Munich},
DATE = {2012},
DOI = {10.5282/edoc.14779},
LANGID = {german},
TITLE = {Linguistische Aspekte der Kommunikation in den neueren elektronischen Medien; SMS – E-Mail – Facebook},
TYPE = {phdthesis},
}

@INCOLLECTION{schutze.sprouse2014,
AUTHOR = {Schütze, Carson T. and Sprouse, Jon},
EDITOR = {Sharma, Devyani and Podesva, Rob},
LOCATION = {Cambridge},
PUBLISHER = {Cambridge University Press},
BOOKTITLE = {Research Methods in Linguistics},
DATE = {2014},
PAGES = {27--50},
TITLE = {Judgment Data},
DOI = {10.1017/CBO9781139013734.004},
SORTNAME = {Schuetze, Carson T. and Sprouse, Jon}
}


@UNPUBLISHED{schulz2006,
AUTHOR = {Schulz, Barbara},
LOCATION = {University of Hawai'i at Manoa},
DATE = {2006},
HOWPUBLISHED = {Unpublished manuscript},
TITLE = {Tune in, Drop out: {{Harmonic}} Alignment as a Prerequisite for {{German}} Topic Drop},
}

@BOOK{schwitalla2012,
AUTHOR = {Schwitalla, Johannes},
LOCATION = {Berlin},
PUBLISHER = {Erich Schmidt},
DATE = {2012},
EDITION = {4th, newly revised and expanded edition},
NUMBER = {33},
SERIES = {Grundlagen der {{Germanistik}}},
SHORTTITLE = {Gesprochenes {{Deutsch}}},
TITLE = {Gesprochenes {{Deutsch}}: Eine {{Einführung}}},
}

@ARTICLE{selting1999,
AUTHOR = {Selting, Margret},
DATE = {1999},
DOI = {10.1515/zfgl.1999.27.2.167},
ISSN = {0301-3294, 1613-0626},
JOURNALTITLE = {Zeitschrift für Germanistische Linguistik},
NUMBER = {2},
TITLE = {Kontinuität Und {{Wandel}} Der {{Verbstellung}} von Ahd. {\emph{Wanta}} Bis Gwd. {\emph{Weil}}. {{Zur}} Historischen Und Vergleichenden {{Syntax}} Der {\emph{Weil}}-{{Konstruktionen}}},
VOLUME = {27},
}

@ARTICLE{shannon1948,
AUTHOR = {Shannon, Claude E.},
DATE = {1948},
DOI = {10.1002/j.1538-7305.1948.tb01338.x},
EVENTTITLE = {The {{Bell System Technical Journal}}},
ISSN = {0005-8580},
JOURNALTITLE = {The Bell System Technical Journal},
NUMBER = {3},
PAGES = {379--423},
TITLE = {A Mathematical Theory of Communication},
VOLUME = {27},
}

@INCOLLECTION{wals-44,
AUTHOR = {Siewierska, Anna},
EDITOR = {Dryer, Matthew S. and Haspelmath, Martin},
LOCATION = {Leipzig},
PUBLISHER = {Max Planck Institute for Evolutionary Anthropology},
URL = {https://wals.info/chapter/44},
BOOKTITLE = {The World Atlas of Language Structures Online},
DATE = {2013},
TITLE = {Gender Distinctions in Independent Personal Pronouns},
URLDATE = {2023-05-05},
}

@THESIS{sigurdsson1989,
AUTHOR = {Sigurðsson, Halldór Ármann},
INSTITUTION = {University of Lund},
LOCATION = {Lund},
ANNOTATION = {OCLC: 246331406},
DATE = {1989},
IDS = {sigurdsson1992a},
LANGID = {english},
SHORTTITLE = {Verbal Syntax and Case in {{Icelandic}}},
TITLE = {Verbal Syntax and Case in {{Icelandic}} in a Comparative {{GB}} Approach},
TYPE = {phdthesis},
}

@ARTICLE{sigurdsson2004b,
AUTHOR = {Sigurðsson, Halldór Ármann},
PUBLISHER = {John Benjamins Publishing Company},
DATE = {2004},
DOI = {10.1075/livy.4.07sig},
IDS = {sigurdsson,sigurdsson2004},
ISSN = {1568-1483},
JOURNALTITLE = {Linguistic Variation Yearbook},
LANGID = {english},
PAGES = {235--259},
SHORTTITLE = {Meaningful Silence, Meaningless Sounds},
TITLE = {Meaningful Silence, Meaningless Sounds},
VOLUME = {4},
}

@ARTICLE{sigurdsson2004a,
AUTHOR = {Sigurðsson, Halldór Ármann},
DATE = {2004},
ISSN = {1120-2726},
JOURNALTITLE = {Rivista di Linguistica -- Italian Journal of Linguistics},
NUMBER = {1},
PAGES = {219--251},
TITLE = {The Syntax of Person, Tense, and Speech Features},
VOLUME = {16},
}

@ARTICLE{sigurdsson2011,
AUTHOR = {Sigurðsson, Halldór Ármann},
DATE = {2011},
DOI = {10.1162/LING_a_00042},
ISSN = {0024-3892, 1530-9150},
JOURNALTITLE = {Linguistic Inquiry},
LANGID = {english},
NUMBER = {2},
PAGES = {267--304},
TITLE = {Conditions on Argument Drop},
VOLUME = {42},
}

@INCOLLECTION{sigurdsson.maling2010,
AUTHOR = {Sigurðsson, Halldór Ármann and Maling, Joan},
EDITOR = {Putnam, Michael T.},
LOCATION = {Amsterdam},
PUBLISHER = {John Benjamins},
BOOKTITLE = {Exploring Crash-Proof Grammars},
DATE = {2010},
DOI = {10.1075/lfab.3.04sig},
LANGID = {english},
NUMBER = {3},
PAGES = {59--86},
SERIES = {Language Faculty and Beyond},
TITLE = {The Empty Left Edge Condition},
}

@INCOLLECTION{silverstein1976,
AUTHOR = {Silverstein, Michael},
EDITOR = {Dixon, R. M. W.},
LOCATION = {Canberra},
PUBLISHER = {Australian Institute of Aboriginal Studies},
BOOKTITLE = {Grammatical Categories in {{Australian}} Languages},
DATE = {1976},
DOI = {10.5281/zenodo.4688088},
PAGES = {112--171},
TITLE = {Hierarchy of Features and Ergativity},
}

@ARTICLE{smyth1994,
AUTHOR = {Smyth, Ron},
DATE = {1994},
DOI = {10.1007/BF02139085},
JOURNALTITLE = {Journal of Psycholinguistic Research},
NUMBER = {3},
PAGES = {197--229},
SHORTJOURNAL = {J Psycholinguist Res},
TITLE = {Grammatical Determinants of Ambiguous Pronoun Resolution},
VOLUME = {23},
}

@ARTICLE{snedeker.trueswell2003,
AUTHOR = {Snedeker, Jesse and Trueswell, John},
DATE = {2003},
DOI = {10.1016/S0749-596X(02)00519-3},
ISSN = {0749-596X},
JOURNALTITLE = {Journal of Memory and Language},
LANGID = {english},
NUMBER = {1},
PAGES = {103--130},
SHORTJOURNAL = {Journal of Memory and Language},
SHORTTITLE = {Using Prosody to Avoid Ambiguity},
TITLE = {Using Prosody to Avoid Ambiguity: {{Effects}} of Speaker Awareness and Referential Context},
VOLUME = {48},
}

@ARTICLE{soares.etal2019,
AUTHOR = {Soares, Eduardo Correa and Miller, Philip H. and Hemforth, Barbara},
DATE = {2019},
DOI = {10.5007/1984-8412.2019v16n1p3579},
ISSN = {1984-8412},
JOURNALTITLE = {Fórum Linguístico},
LANGID = {english},
NUMBER = {1},
PAGES = {3579--3600},
SHORTTITLE = {The Effect of Verbal Agreement Marking on the Use of Null and Overt Subjects},
TITLE = {The Effect of Verbal Agreement Marking on the Use of Null and Overt Subjects: A Quantitative Study of First Person Singular in {{Brazilian Portuguese}}},
VOLUME = {16},
}

@BOOK{sperber.wilson1986,
AUTHOR = {Sperber, Dan and Wilson, Deirdre},
LOCATION = {Oxford},
PUBLISHER = {Blackwell},
ANNOTATION = {OCLC: 12582375},
DATE = {1986},
LANGID = {english},
SHORTTITLE = {Relevance},
TITLE = {Relevance: Communication and Cognition},
}

@ARTICLE{speyer2007,
AUTHOR = {Speyer, Augustin},
DATE = {2007},
DOI = {10.1515/ZFS.2007.011},
ISSN = {0721-9067, 1613-3706},
JOURNALTITLE = {Zeitschrift für Sprachwissenschaft},
LANGID = {german},
NUMBER = {1},
PAGES = {83--115},
SHORTJOURNAL = {ZS},
TITLE = {Die Bedeutung der Centering Theory für Fragen der Vorfeldbesetzung im Deutschen},
VOLUME = {26},
}

@INCOLLECTION{speyer2010,
AUTHOR = {Speyer, Augustin},
EDITOR = {Tanskanen, Sanna-Kaisa and Helasvuo, Marja-Liisa and Johansson, Marjut and Raitaniemi, Mia},
LOCATION = {Amsterdam},
PUBLISHER = {John Benjamins},
BOOKTITLE = {Discourse in Interaction},
DATE = {2010},
DOI = {10.1075/pbns.203.19spe},
LANGID = {english},
PAGES = {263--290},
TITLE = {Filling the {{German Vorfeld}} in Written and Spoken Discourse},
}

@BOOK{speyer.reich2020,
AUTHOR = {Speyer, Augustin and Reich, Ingo},
LOCATION = {Ditzingen},
PUBLISHER = {Reclam},
ANNOTATION = {OCLC: 1130364713},
DATE = {2020},
LANGID = {german},
SERIES = {Reclams Studienbuch Germanistik},
TITLE = {Deutsche Sprachwissenschaft: Eine Einführung},
}

@BOOK{spycher2004,
AUTHOR = {Spycher, Samuel},
LOCATION = {Hannover},
DATE = {2004},
DOI = {10.15488/2927},
LANGID = {german},
NUMBER = {36},
SERIES = {Networx},
TITLE = {``I schribdr de no...'' Schweizerdeutsche Umgangsformen in der SMS-Kommunikation},
PUBLISHER = {{{Gottfried}} {{Wilhelm}} {{Leibniz}} {{Universität}}, {{Seminar}} für deutsche {{Literatur}} und {{Sprache}}}
}

@BOOK{stainton2006,
AUTHOR = {Stainton, Robert},
LOCATION = {Oxford},
PUBLISHER = {Clarendon Press},
DATE = {2006},
DOI = {10.1093/acprof:oso/9780199250387.001.0001},
SHORTTITLE = {Words and Thoughts},
TITLE = {Words and Thoughts: {S}ubsentences, Ellipsis, and the Philosophy of Language},
}

@INCOLLECTION{stalnaker1974,
AUTHOR = {Stalnaker, Robert},
EDITOR = {Munitz, Milton K. and Unger, Peter K.},
LOCATION = {New York},
PUBLISHER = {New York University Press},
BOOKTITLE = {Semantics and Philosophy},
DATE = {1974},
IDS = {zotero-6366},
PAGES = {197--213},
TITLE = {Pragmatic Presuppositions},
}

@INCOLLECTION{stalnaker1978,
AUTHOR = {Stalnaker, Robert},
EDITOR = {Cole, Peter},
LOCATION = {New York},
PUBLISHER = {Academic Press},
BOOKTITLE = {{Syntax and Semantics 9: Pragmatics}},
DATE = {1978},
PAGES = {315--332},
TITLE = {Assertion},
DOI = {10.1163/9789004368873_013}
}

@ARTICLE{stalnaker2002,
AUTHOR = {Stalnaker, Robert},
DATE = {2002},
DOI = {10.1023/A:1020867916902},
ISSN = {1573-0549},
JOURNALTITLE = {Linguistics and Philosophy},
LANGID = {english},
NUMBER = {5/6},
PAGES = {701--721},
SHORTJOURNAL = {Linguistics and Philosophy},
TITLE = {Common Ground},
VOLUME = {25},
}

@ARTICLE{stark.meier2017,
AUTHOR = {Stark, Elisabeth and Meier, Petra},
DATE = {2017},
DOI = {10.25162/zfsl-2017-0006},
ISSN = {0044-2747, 2366-2425},
JOURNALTITLE = {Zeitschrift für französische Sprache und Literatur},
LANGID = {english},
NUMBER = {3},
PAGES = {224--252},
SHORTJOURNAL = {zfsl},
SHORTTITLE = {Argument {{Drop}} in {{Swiss WhatsApp Messages}}},
TITLE = {Argument Drop in {{Swiss WhatsApp}} Messages: A Pilot Study on {{French}} and ({{Swiss}}) {{German}}},
VOLUME = {127},
}

@ONLINE{statista2022,
AUTHOR = {{Statista}},
ORGANIZATION = {Statista},
URL = {https://www.statista.com/statistics/258749/most-popular-global-mobile-messenger-apps/},
DATE = {2022},
LANGID = {english},
TITLE = {Most popular global mobile messenger apps as of {{January}} 2022, based on number of monthly active users},
URLDATE = {2022-03-24},
}

@INCOLLECTION{steinbach2007,
AUTHOR = {Steinbach, Markus},
EDITOR = {Dehé, Nicole and Kavalova, Yordanka},
LOCATION = {Amsterdam},
PUBLISHER = {John Benjamins},
BOOKTITLE = {Parentheticals},
DATE = {2007},
DOI = {10.1075/la.106.06ste},
LANGID = {english},
NUMBER = {106},
PAGES = {53--87},
SERIES = {Linguistik Aktuell / {{Linguistics}} Today},
TITLE = {Integrated Parentheticals and Assertional Complements},
}

@ARTICLE{sternefeld1985,
AUTHOR = {Sternefeld, Wolfgang},
DATE = {1985},
IDS = {sternefeld1985a},
JOURNALTITLE = {Linguistische Berichte},
LANGID = {german},
PAGES = {394--439},
TITLE = {Deutsch ohne grammatische Funktionen. Ein Beitrag zur Rektions- und Bindungstheorie},
VOLUME = {99},
}

@BOOK{sternefeld2009,
AUTHOR = {Sternefeld, Wolfgang},
LOCATION = {Tübingen},
PUBLISHER = {Stauffenburg},
DATE = {2009},
EDITION = {3},
LANGID = {german},
NUMBER = {31.2},
SERIES = {Stauffenburg-Linguistik},
TITLE = {Syntax},
VOLUME = {2},
}

@BOOK{sternefeld2015,
AUTHOR = {Sternefeld, Wolfgang},
LOCATION = {Tübingen},
PUBLISHER = {Stauffenburg},
DATE = {2015},
EDITION = {4},
LANGID = {german},
NUMBER = {31.1},
SERIES = {Stauffenburg-Linguistik},
TITLE = {Syntax},
VOLUME = {1},
}

@INPROCEEDINGS{stolcke2002,
AUTHOR = {Stolcke, Andreas},
LOCATION = {Denver},
BOOKTITLE = {{{Proceedings of the Seventh International Conference on Spoken Language Processing}}},
DATE = {2002},
LANGID = {english},
PAGES = {901--904},
TITLE = {{{SRILM}} -- {{An}} Extensible Language Modeling Toolkit},
DOI = {10.21437/ICSLP.2002-303}
}

@ARTICLE{stowell1991,
AUTHOR = {Stowell, Tim},
DATE = {1991},
JOURNALTITLE = {GLOW Newsletter},
PAGES = {56--57},
TITLE = {Empty Heads in Abbreviated {{English}}},
VOLUME = {26},
}

@UNPUBLISHED{stowell1996,
AUTHOR = {Stowell, Tim},
LOCATION = {Oakland: UCLA},
DATE = {1996},
HOWPUBLISHED = {Revised GLOW abstract.},
TITLE = {Empty Heads in Abbreviated {{English}}},
}

@UNPUBLISHED{taraldsen1980,
AUTHOR = {Taraldsen, Knut Tarald},
LOCATION = {Bloomington},
DATE = {1980},
HOWPUBLISHED = {Paper distributed by the Indiana University Linguistics Club},
TITLE = {On the Nominative Island Condition, Vacuous Application and the That-Trace Filter},
}

@ARTICLE{tesak.etal1995,
AUTHOR = {Tesak, Jürgen and Ahlsén, Elisabeth and Györi, Gábor and Koivuselkä-Sallinen, Päivi and Niemi, Jussi and Tonelli, Livia},
DATE = {1995},
DOI = {10.1515/flin.1995.29.3-4.297},
ISSN = {0165-4004, 1614-7308},
JOURNALTITLE = {Folia Linguistica},
NUMBER = {3-4},
PAGES = {297--316},
SHORTTITLE = {Patterns of {{Ellipsis}} in {{Telegraphese}}},
TITLE = {Patterns of Ellipsis in Telegraphese: A Study of Six Languages},
VOLUME = {29},
}

@ARTICLE{tesak.dittmann1991,
AUTHOR = {Tesak, Jürgen and Dittmann, Jürgen},
DATE = {1991},
DOI = {10.1515/ling.1991.29.6.1111},
ISSN = {0024-3949, 1613-396X},
JOURNALTITLE = {Linguistics},
LANGID = {english},
NUMBER = {6},
PAGES = {1111--1137},
TITLE = {Telegraphic Style in Normals and Aphasics},
VOLUME = {29},
}

@ARTICLE{tesak.niemi1997,
AUTHOR = {Tesak, Jürgen and Niemi, Jussi},
DATE = {1997},
DOI = {10.1080/02687039708248461},
ISSN = {0268-7038, 1464-5041},
JOURNALTITLE = {Aphasiology},
LANGID = {english},
NUMBER = {2},
PAGES = {145--155},
SHORTJOURNAL = {Aphasiology},
SHORTTITLE = {Telegraphese and Agrammatism},
TITLE = {Telegraphese and Agrammatism: A Cross-Linguistic Study},
VOLUME = {11},
}

@BOOK{thielmann2021,
AUTHOR = {Thielmann, Winfried},
LOCATION = {Berlin},
PUBLISHER = {De Gruyter},
DATE = {2021},
DOI = {10.1515/9783110667967},
NUMBER = {49},
SERIES = {Germanistische {{Arbeitshefte}}},
SHORTTITLE = {Wortarten},
TITLE = {Wortarten: {{Eine Einführung}} Aus Funktionaler {{Perspektive}}},
}

@THESIS{thiersch1978,
AUTHOR = {Thiersch, Craig Lee},
INSTITUTION = {Massachusetts Institute of Technology},
LOCATION = {Cambridge},
DATE = {1978},
LANGID = {english},
TITLE = {Topics in {{German}} Syntax},
TYPE = {phdthesis},
}

@ARTICLE{thompson.couper-kuhlen2005,
AUTHOR = {Thompson, Sandra A. and Couper-Kuhlen, Elizabeth},
PUBLISHER = {SAGE Publications},
DATE = {2005},
DOI = {10.1177/1461445605054403},
ISSN = {1461-4456},
JOURNALTITLE = {Discourse Studies},
LANGID = {english},
NUMBER = {4-5},
PAGES = {481--505},
SHORTJOURNAL = {Discourse Studies},
TITLE = {The Clause as a Locus of Grammar and Interaction},
VOLUME = {7},
}

@INCOLLECTION{thrainson.hjartardottir1986,
AUTHOR = {Thráinson, Höskuldur and Hjartardóttir, Thóra Björk},
EDITOR = {Dahl, Östen and Holmberg, Anders},
LOCATION = {Stockholm},
PUBLISHER = {Institute of Linguistics, University of Stockholm},
BOOKTITLE = {{{Scandinavian Syntax. {{Workshop}} at the Ninth {{Scandinavian}} Conference of Linguistics, {{Stockholm}}, {{January}} 1986}}},
DATE = {1986},
LANGID = {english},
PAGES = {150--161},
TITLE = {Pro-Drop, Topic-Drop...: Where Do Old and Modern {{Icelandic}} Fit In?}
}

@ARTICLE{thrift2001,
AUTHOR = {Thrift, Erica},
DATE = {2001},
DOI = {10.11575/PRISM/28966},
ISSN = {2371-2643},
ISSUE = {Spring},
JOURNALTITLE = {Calgary Working Papers in Linguistics},
LANGID = {english},
PAGES = {49--78},
TITLE = {Topicalization and Topic Drop in {{Dutch}}},
VOLUME = {23},
}

@INCOLLECTION{thurlow.poff2013,
AUTHOR = {Thurlow, Crispin and Poff, Michele},
EDITOR = {Herring, Susan C. and Stein, Dieter and Virtanen, Tuija and Bublitz, Wolfram},
LOCATION = {Berlin},
PUBLISHER = {De Gruyter Mouton},
BOOKTITLE = {Pragmatics of Computer-Mediated Communication},
DATE = {2013},
DOI = {10.1515/9783110214468.163},
LANGID = {english},
NUMBER = {9},
PAGES = {163--190},
SERIES = {Handbooks of Pragmatics},
TITLE = {Text Messaging},
}

@INCOLLECTION{tomioka2003,
AUTHOR = {Tomioka, Satoshi},
EDITOR = {Schwabe, Kerstin and Winkler, Susanne},
LOCATION = {Amsterdam},
PUBLISHER = {John Benjamins},
BOOKTITLE = {The {{Interfaces}}. {{Deriving}} and Interpreting Omitted Structures},
DATE = {2003},
DOI = {10.1075/la.61.16tom},
LANGID = {english},
NUMBER = {61},
PAGES = {321--339},
SERIES = {Linguistik Aktuell / {{Linguistics}} Today},
TITLE = {The Semantics of {{Japanese}} Null Pronouns and Its Cross-Linguistic Implications},
}

@ARTICLE{traxler.etal1998,
AUTHOR = {Traxler, Matthew J. and Pickering, Martin J. and Clifton, Charles},
DATE = {1998},
DOI = {10.1006/jmla.1998.2600},
ISSN = {0749-596X},
JOURNALTITLE = {Journal of Memory and Language},
LANGID = {english},
NUMBER = {4},
PAGES = {558--592},
SHORTJOURNAL = {Journal of Memory and Language},
TITLE = {Adjunct Attachment Is Not a Form of Lexical Ambiguity Resolution},
VOLUME = {39},
}

@ARTICLE{truckenbrodt2006,
AUTHOR = {Truckenbrodt, Hubert},
DATE = {2006},
DOI = {10.1515/TL.2006.018},
ISSN = {0301-4428, 1613-4060},
JOURNALTITLE = {Theoretical Linguistics},
LANGID = {english},
NUMBER = {3},
PAGES = {257--306},
TITLE = {On the Semantic Motivation of Syntactic Verb Movement to {{C}} in {{German}}},
VOLUME = {32},
}

@INPROCEEDINGS{trutkowski2011,
AUTHOR = {Trutkowski, Ewa},
LOCATION = {University of Cambridge},
BOOKTITLE = {{{Proceedings of the Sixth {{Cambridge}} Postgraduate Conference in Linguistics ({{CamLing}} 2010)}}},
DATE = {2011},
LANGID = {english},
PAGES = {206--217},
TITLE = {Referential Null Subjects in {{German}}},
}

@BOOK{trutkowski2016,
AUTHOR = {Trutkowski, Ewa},
LOCATION = {Berlin},
PUBLISHER = {De Gruyter},
DATE = {2016},
LANGID = {english},
NUMBER = {6},
SERIES = {Linguistics \& Philosophy},
TITLE = {Topic Drop and Null Subjects in {{German}}},
DOI = {10.1515/9783110446173},
}

@BOOK{trutkowski2018,
AUTHOR = {Trutkowski, Ewa},
DATE = {2018},
LOCATION = {Paper presented at the 40th Annual Meeting of the Deutsche Gesellschaft für Sprachwissenschaft, Stuttgart, 03/08/2018},
LANGID = {german},
TITLE = {Theta role identity as a condition on ellipsis},
}

@BOOK{tsao1977,
AUTHOR = {Tsao, Feng-fu},
LOCATION = {Taipeh},
PUBLISHER = {Student Book Co.},
DATE = {1977},
LANGID = {english},
SHORTTITLE = {A Functional Study of Topic in {{Chinese}}},
TITLE = {A Functional Study of Topic in {{Chinese}}: The First Step toward Discourse Analysis},
}

@ARTICLE{turk2010,
AUTHOR = {Turk, Alice},
PUBLISHER = {De Gruyter Mouton},
DATE = {2010},
DOI = {10.1515/labphon.2010.012},
ISSN = {1868-6354},
JOURNALTITLE = {Laboratory Phonology},
LANGID = {english},
NUMBER = {2},
PAGES = {227--262},
SHORTTITLE = {Does Prosodic Constituency Signal Relative Predictability?},
TITLE = {Does Prosodic Constituency Signal Relative Predictability? {{A Smooth Signal Redundancy}} Hypothesis},
VOLUME = {1},
}

@ONLINE{coding,
AUTHOR = {{UCLA: Statistical Consulting Group}},
URL = {https://stats.oarc.ucla.edu/r/library/r-library-contrast-coding-systems-for-categorical-variables},
DATE = {2022},
LANGID = {english},
TITLE = {R library contrast coding systems for categorical variables},
URLDATE = {2022-04-27},
}

@ONLINE{ueberwasser2015,
AUTHOR = {Ueberwasser, Simone},
URL = {www.sms4science.ch},
DATE = {2015/2022},
TITLE = {The {{Swiss SMS Corpus}}. {{Documentation}}, facts and figures},
URLDATE = {2022-05-09},
}

@ARTICLE{ulrich1986,
AUTHOR = {Ulrich, Miorita},
DATE = {1986},
JOURNALTITLE = {Acta Linguistica Academiae Scientiarum Hungaricae},
NUMBER = {1-4},
PAGES = {221--234},
TITLE = {Thetisch vs. Kategorisch Und {{Informationsstruktur}}},
VOLUME = {36},
}

@INCOLLECTION{vancraenenbroeck.merchant2013,
OPTIONS = {useprefix=1},
AUTHOR = {van Craenenbroeck, Jeroen and Merchant, Jason},
EDITOR = {den Dikken, Marcel},
LOCATION = {Cambridge},
PUBLISHER = {Cambridge University Press},
BOOKTITLE = {The {{Cambridge}} Handbook of Generative Syntax},
DATE = {2013},
DOI = {10.1017/CBO9780511804571.025},
LANGID = {english},
PAGES = {701--745},
TITLE = {Ellipsis Phenomena},
}

@BOOK{vancraenenbroeck.temmerman2018.handbook,
OPTIONS = {useprefix=1},
EDITOR = {van Craenenbroeck, Jeroen and Temmerman, Tanja},
LOCATION = {Oxford},
PUBLISHER = {Oxford University Press},
DATE = {2018},
DOI = {10.1093/oxfordhb/9780198712398.001.0001},
SERIES = {Oxford {{Handbooks}}},
TITLE = {The {{Oxford}} Handbook of Ellipsis},
}

@ARTICLE{vangompel.etal2005,
OPTIONS = {useprefix=1},
AUTHOR = {van Gompel, Roger P. G. and Pickering, Martin J. and Pearson, Jamie and Liversedge, Simon P.},
DATE = {2005},
DOI = {10.1016/j.jml.2004.11.003},
ISSN = {0749-596X},
JOURNALTITLE = {Journal of Memory and Language},
LANGID = {english},
NUMBER = {2},
PAGES = {284--307},
SHORTJOURNAL = {Journal of Memory and Language},
TITLE = {Evidence against Competition during Syntactic Ambiguity Resolution},
VOLUME = {52},
}

@ARTICLE{vangompel.etal2001,
OPTIONS = {useprefix=1},
AUTHOR = {van Gompel, Roger P. G. and Pickering, Martin J. and Traxler, Matthew J.},
DATE = {2001},
DOI = {10.1006/jmla.2001.2773},
ISSN = {0749-596X},
JOURNALTITLE = {Journal of Memory and Language},
LANGID = {english},
NUMBER = {2},
PAGES = {225--258},
SHORTJOURNAL = {Journal of Memory and Language},
SHORTTITLE = {Reanalysis in {{Sentence Processing}}},
TITLE = {Reanalysis in Sentence Processing: Evidence against Current Constraint-Based and Two-Stage Models},
VOLUME = {45},
}

@INCOLLECTION{vandevelde1986,
OPTIONS = {useprefix=1},
AUTHOR = {van de Velde, Marc},
EDITOR = {Cox, Heinrich Leonhard and Vanacker, V. F. and Verhofstadt, Edward and De Smet, Gilbert A. R.},
LOCATION = {Leuven},
PUBLISHER = {Uitgeverij Acco},
BOOKTITLE = {Wortes anst, verbi gratia: Donum natalicium Gilbert A. R. de Smet},
DATE = {1986},
LANGID = {german},
PAGES = {503--512},
SERIES = {ML 331},
TITLE = {Zum 65. gratuliere ich Ihnen und biete ?(ich) Ihnen diesen Beitrag an},
}

@INCOLLECTION{vanderwurff1996,
OPTIONS = {useprefix=1},
AUTHOR = {van der Wurff, Wim},
EDITOR = {Fisiak, Jacek},
LOCATION = {Berlin},
PUBLISHER = {De Gruyter Mouton},
BOOKTITLE = {Linguistic Reconstruction and Typology},
DATE = {1996},
DOI = {10.1515/9783110816501.337},
LANGID = {english},
NUMBER = {96},
PAGES = {337--356},
SERIES = {Trends in Linguistics. {{Studies}} and Monographs},
TITLE = {Syntactic Reconstruction and Reconstructibility: {{Proto-Indo-European}} and the Typology of Null Objects},
}

@ARTICLE{volodina2011,
AUTHOR = {Volodina, Anna},
DATE = {2011},
DOI = {10.1515/9783110236620.269},
IDS = {volodina2011a},
ISSN = {1869-7046, 1869-7038},
JOURNALTITLE = {Jahrbuch für Germanistische Sprachgeschichte},
LANGID = {german},
NUMBER = {1},
PAGES = {269--283},
SHORTTITLE = {Null ist nicht gleich Null},
TITLE = {Null ist nicht gleich Null: Zur diachronen Entwicklung von Nullsubjekten im Deutschen},
VOLUME = {2},
}

@INCOLLECTION{volodina.onea2012,
AUTHOR = {Volodina, Anna and Onea, Edgar},
EDITOR = {Bär, Jochen and Müller, Marcus},
LOCATION = {Berlin},
PUBLISHER = {De Gruyter},
BOOKTITLE = {Geschichte der Sprache -- Sprache der Geschichte},
DATE = {2012},
DOI = {10.1515/9783050058245-009},
IDS = {volodina.onea2012a},
LANGID = {german},
PAGES = {207--238},
TITLE = {Am Anfang war die Lücke},
}

@BOOK{heusinger.etal2011,
EDITOR = {von Heusinger, Klaus and Maienborn, Claudia and Portner, Paul},
LOCATION = {Berlin},
PUBLISHER = {De Gruyter Mouton},
DATE = {2011},
DOI = {10.1515/9783110255072},
NUMBER = {33},
SERIES = {Handbücher zur {{Sprach-}} und {{Kommunikationswissenschaft}} / {{Handbooks}} of {{Linguistics}} and {{Communication Science}}},
TITLE = {Semantics. {{An}} International Handbook of Natural Language Meaning},
VOLUME = {2},
}

@ARTICLE{gabelentz1868,
OPTIONS = {useprefix=1},
AUTHOR = {von der Gabelentz, Georg},
DATE = {1868},
JOURNALTITLE = {Zeitschrift für Völkerpsychologie und Sprachwissenschaft},
LANGID = {german},
PAGES = {376--384},
TITLE = {Ideen zu einer vergleichenden Syntax. Wort- und Satzstellung},
VOLUME = {6},
}

@INCOLLECTION{walker.etal1998,
AUTHOR = {Walker, Marilyn and Joshi, Aravind K. and Prince, Ellen},
EDITOR = {Walker, Marilyn A. and Joshi, Aravind K. and {Ellen F. Prince}},
LOCATION = {Oxford},
PUBLISHER = {Oxford University Press},
BOOKTITLE = {Centering Theory in Discourse},
DATE = {1998},
PAGES = {1--28},
SHORTTITLE = {Centering in {{Naturally-Occurring Discourse}}},
TITLE = {Centering in Naturally-Occurring Discourse: An Overview},
}

@ARTICLE{ward.birner1994,
AUTHOR = {Ward, Gregory and Birner, Betty},
DATE = {1994},
JOURNALTITLE = {University of Pennsylvania Working Papers in Linguistics},
LANGID = {english},
PAGES = {159--165},
TITLE = {A Unified Account of {{English}} Fronting Constructions},
VOLUME = {1},
}

@INCOLLECTION{wasow2015,
AUTHOR = {Wasow, Thomas},
EDITOR = {Winkler, Susanne},
LOCATION = {Berlin},
PUBLISHER = {De Gruyter},
BOOKTITLE = {Ambiguity: Language and Communication},
DATE = {2015},
DOI = {10.1515/9783110403589-003},
LANGID = {english},
PAGES = {29--48},
TITLE = {Ambiguity Avoidance Is Overrated},
}

@INCOLLECTION{wasow.etal2005,
AUTHOR = {Wasow, Thomas and Perfors, Amy and Beaver, David},
EDITOR = {Orgun, C. Orhan and Sells, Peter},
LOCATION = {Stanford},
PUBLISHER = {CSLI Publications},
BOOKTITLE = {Morphology and the Web of Grammar},
DATE = {2005},
PAGES = {265--282},
TITLE = {The Puzzle of Ambiguity},
}

@INBOOK{weaver1949,
AUTHOR = {Weaver, Warren},
BOOKAUTHOR = {Shannon, Claude E. and {Weaver, Warren}},
LOCATION = {Urbana},
PUBLISHER = {The University of Illinois Press},
BOOKTITLE = {The Mathematical Theory of Communication},
DATE = {1949},
IDS = {shannon.weaver1964a},
LANGID = {english},
PAGES = {3--28},
TITLE = {Recent Contributions to the Mathematical Theory of Communication},
}

@BOOK{weerman1989,
AUTHOR = {Weerman, Fred},
LOCATION = {Dordrecht},
PUBLISHER = {Foris},
DATE = {1989},
DOI = {10.1515/9783110250442},
LANGID = {english},
NUMBER = {31},
SERIES = {Publications in Language Science},
SHORTTITLE = {The {{V2}} Conspiracy},
TITLE = {The {{V2}} Conspiracy. {{A}} Synchronic and a Diachronic Analysis of Verbal Positions in {{Germanic}} Languages},
}

@ARTICLE{wegener1990,
AUTHOR = {Wegener, Heide},
DATE = {1990},
DOI = {10.1515/zfgl.1990.18.2.150},
LANGID = {german},
NUMBER = {2},
PAGES = {150--184},
TITLE = {Komplemente in der Dependenzgrammatik und in der Rektions- und Bindungstheorie. Die Verwendung der Kasus im Deutschen},
VOLUME = {18},
JOURNAL = {Zeitschrift für germanistische Linguistik}
}

@INCOLLECTION{wegener2000,
AUTHOR = {Wegener, Heide},
EDITOR = {Thieroff, Rolf and Tamrat, Matthias and Fuhrhop, Nanna and Teuber, Oliver},
LOCATION = {Tübingen},
PUBLISHER = {Niemeyer},
BOOKTITLE = {Deutsche Grammatik in Theorie und Praxis},
DATE = {2000},
DOI = {10.1515/9783110933932.69},
LANGID = {german},
PAGES = {69--82},
TITLE = {\emph{Da}, \emph{denn} und \emph{weil} – der Kampf der Konjunktionen. Zur Grammatikalisierung im kausalen Bereich},
}

@BOOK{weil1844,
AUTHOR = {Weil, Henri},
LOCATION = {Paris},
DATE = {1844},
LANGID = {french},
TITLE = {De l’ordre des mots dans les langues anciennes comparées aux langues modernes. Question de grammaire générale},
PUBLISHER = {Joubert}
}


@ARTICLE{weir2012,
AUTHOR = {Weir, Andrew},
DATE = {2012},
DOI = {10.1017/S136067431100030X},
ISSN = {1360-6743, 1469-4379},
JOURNALTITLE = {English Language \& Linguistics},
LANGID = {english},
NUMBER = {1},
PAGES = {105--129},
TITLE = {Left-Edge Deletion in {{English}} and Subject Omission in Diaries},
VOLUME = {16},
}

@BOOK{wickham2016,
AUTHOR = {Wickham, Hadley},
LOCATION = {New York},
PUBLISHER = {Springer},
URL = {https://ggplot2.tidyverse.org},
DATE = {2016},
TITLE = {Ggplot2: {{Elegant}} Graphics for Data Analysis},
URLDATE = {2025-04-23}
}

@INCOLLECTION{wilder1996,
AUTHOR = {Wilder, Chris},
EDITOR = {Lang, Ewald and Zifonun, Gisela},
LOCATION = {Berlin},
PUBLISHER = {De Gruyter},
BOOKTITLE = {Deutsch -- Typologisch},
DATE = {1996},
DOI = {10.1515/9783110622522-008},
LANGID = {german},
NUMBER = {1995},
PAGES = {142--180},
SERIES = {Jahrbuch des Instituts für Deutsche Sprache},
SHORTTITLE = {V2-Effekte},
TITLE = {V2-Effekte: Wortstellungen und Ellipsen},
}

@INCOLLECTION{wilder1997,
AUTHOR = {Wilder, Chris},
EDITOR = {Alexiadou, Artemis and Hall, Tracy Alan},
LOCATION = {Amsterdam},
PUBLISHER = {John Benjamins},
BOOKTITLE = {Studies on Universal Grammar and Typological Variation},
DATE = {1997},
DOI = {10.1075/la.13.04wil},
LANGID = {english},
NUMBER = {13},
PAGES = {59--107},
SERIES = {Linguistik Aktuell / {{Linguistics}} Today},
TITLE = {Some Properties of Ellipsis in Coordination},
}

@BOOK{wollstein2014,
AUTHOR = {Wöllstein, Angelika},
LOCATION = {Heidelberg},
PUBLISHER = {Winter},
DATE = {2014},
EDITION = {2},
LANGID = {german},
NUMBER = {8},
SERIES = {Kurze Einführungen in die germanistische Linguistik},
TITLE = {Topologisches Satzmodell},
SORTNAME = {Woellstein, Angelika}
}

@INCOLLECTION{wollstein2018,
AUTHOR = {Wöllstein, Angelika},
EDITOR = {Hagemann, Jörg and Staffeldt, Sven},
LOCATION = {Tübingen},
PUBLISHER = {Stauffenburg},
ANNOTATION = {OCLC: ocn880965563},
BOOKTITLE = {Syntaxtheorien: {{Analysen}} Im {{Vergleich}}},
DATE = {2018},
EDITION = {2},
NUMBER = {28},
PAGES = {143--164},
SERIES = {Stauffenburg {{Einführungen}}},
TITLE = {Topologisches {{Satzmodell}}},
SORTNAME = {Woellstein, Angelika}
}

@ARTICLE{woolford2006,
AUTHOR = {Woolford, Ellen},
DATE = {2006},
DOI = {10.1162/002438906775321175},
ISSN = {0024-3892},
JOURNALTITLE = {Linguistic Inquiry},
NUMBER = {1},
PAGES = {111--130},
TITLE = {Lexical Case, Inherent Case, and Argument Structure},
VOLUME = {37},
}

@ARTICLE{wunderlich1984,
AUTHOR = {Wunderlich, Dieter},
PUBLISHER = {De Gruyter},
DATE = {1984},
DOI = {10.1515/zfsw.1984.3.1.65},
ISSN = {1613-3706},
JOURNALTITLE = {Zeitschrift für Sprachwissenschaft},
LANGID = {german},
NUMBER = {1},
PAGES = {65--99},
TITLE = {Zur Syntax der Präpositionalphrasen im Deutschen},
VOLUME = {3},
}

@INCOLLECTION{wunderlich1988,
AUTHOR = {Wunderlich, Dieter},
EDITOR = {Reyle, Uwe and Rohrer, Christian},
LOCATION = {Dordrecht},
PUBLISHER = {Springer},
BOOKTITLE = {Natural Language Parsing and Linguistic Theories},
DATE = {1988},
DOI = {10.1007/978-94-009-1337-0_11},
EDITORATYPE = {redactor},
NUMBER = {35},
PAGES = {289--316},
SERIES = {Studies in Linguistics and Philosophy},
TITLE = {Some Problems of Coordination in {{German}}},
}

@INPROCEEDINGS{yung.etal2016,
AUTHOR = {Yung, Frances and Duh, Kevin and Komura, Taku and Matsumoto, Yuji},
LOCATION = {Berlin},
BOOKTITLE = {{{Proceedings of the 20th {{SIGNLL}} Conference on Computational Natural Language Learning}}},
DATE = {2016},
DOI = {10.18653/v1/K16-1030},
LANGID = {english},
PAGES = {302--313},
TITLE = {Modelling the Usage of Discourse Connectives as Rational Speech Acts},
Publisher = {Association for Computational Linguistics}
}

@INPROCEEDINGS{zarcone.demberg2021,
AUTHOR = {Zarcone, Alessandra and Demberg, Vera},
BOOKTITLE = {{{Proceedings of the 43rd Annual Conference of the {{Cognitive Science Society}} ({{CogSci}} 2021)}}},
DATE = {2021},
LANGID = {english},
PAGES = {749--755},
SHORTTITLE = {A Bathtub by Any Other Name},
TITLE = {A Bathtub by Any Other Name: The Reduction of {{German}} Compounds in Predictive Contexts},
EDITOR = {Cognitive Science Society},
PUBLISHER = {Cognitive Science Society},
URL = {https://escholarship.org/uc/item/3w6451rz},
URLDATE = {2025-04-30},
LOCATION = {Austin}
}

@INCOLLECTION{zdorenko2010,
AUTHOR = {Zdorenko, Tatiana},
EDITOR = {Gries, Stefan Th. and Wulff, Stefanie and Davies, Mark},
LOCATION = {Amsterdam},
PUBLISHER = {Rodopi},
BOOKTITLE = {Corpus-Linguistic Applications. {{Current}} Studies, New Directions},
DATE = {2010},
DOI = {10.1163/9789042028012_009},
NUMBER = {71},
PAGES = {119--133},
SERIES = {Language and Computers},
SHORTTITLE = {Subject Omission in {{Russian}}},
TITLE = {Subject Omission in {{Russian}}: A Study of the {{Russian National Corpus}}},
}

@ARTICLE{zifonun1995,
AUTHOR = {Zifonun, Gisela},
DATE = {1995},
JOURNALTITLE = {Deutsche Sprache},
NUMBER = {1},
PAGES = {39--60},
TITLE = {Minimalia Grammaticalia: {{Das}} Nicht-Phorische {\emph{Es}} Als {{Prüfstein}} Grammatischer {{Theoriebildung}}},
VOLUME = {23},
}

@BOOK{zifonun2001,
AUTHOR = {Zifonun, Gisela},
LOCATION = {Mannheim},
PUBLISHER = {Institut für Deutsche Sprache},
DATE = {2001},
LANGID = {german},
NUMBER = {4/01},
SERIES = {amades -- Arbeitspapiere und Materialien zur deutschen Sprache},
SHORTTITLE = {Grammatik des Deutschen im europäischen Vergleich},
TITLE = {Grammatik des Deutschen im europäischen Vergleich: das Pronomen. Teil 1: Überblick und Personalpronomen},
}

@BOOK{zifonun.etal1997,
AUTHOR = {Zifonun, Gisela and Hoffmann, Ludger and Strecker, Bruno},
LOCATION = {Berlin},
PUBLISHER = {De Gruyter},
DATE = {1997},
DOI = {10.1515/9783110872163},
LANGID = {german},
NUMBER = {7},
SERIES = {Schriften des Instituts für Deutsche Sprache},
TITLE = {Grammatik der deutschen Sprache},
VOLUME = {1},
}

@BOOK{zipf1935,
AUTHOR = {Zipf, George Kingsley},
LOCATION = {Boston},
PUBLISHER = {Houghton Mifflin},
DATE = {1935},
SHORTTITLE = {The {{Psycho-Biology}} of {{Language}}},
TITLE = {The Psycho-Biology of Language: {{An}} Introduction to Dynamic Philology},
}

@INCOLLECTION{zybatow2014,
AUTHOR = {Zybatow, Tatjana},
EDITOR = {Bredel, Ursula and Schmellentin, Claudia},
LOCATION = {Baltmannsweiler},
PUBLISHER = {Schneider Verlag Hohengehren},
BOOKTITLE = {Welche Grammatik braucht der Grammatikunterricht?},
DATE = {2014},
LANGID = {german},
NUMBER = {8},
PAGES = {87--105},
SERIES = {Thema Sprache -- Wissenschaft für den Unterricht},
TITLE = {Das Vorfeld und seine Besetzung in Lehrbuchtexten}, 
}
