@book{langsci-current-book, author = {Cedric Boeckx}, title = {{Reflections on language evolution}}, subtitle = {{From minimalism to pluralism}},year = {2021}, series = {Conceptual Foundations of  Language Science}, number = {6}, location = {Berlin}, publisher = {Language Science Press}, options = {dataonly=true} } 
