
@article{mendivil2019did,
	author = {Mendívil Giró, José Luis},
	title = {Did language evolve through language change? {{O}}n language change, language evolution and grammaticalization theory},
	year = {2019},
	journal = {Glossa},
	volume = {4},
	number = {1},
	pages = {124}
}

@phdthesis{raviv2020language,
	author = {Raviv, Limor},
	school = {Radboud University Nijmegen Nijmegen},
	title = {Language and society: {{H}}ow social pressures shape grammatical structure},
	year = {2020}
}

@incollection{chomsky2004beyond,
	author = {Chomsky, Noam},
	publisher = {Oxford University Press},
	title = {Beyond explanatory adequacy},
	pages = {104--131},
	booktitle = {The Cartography of Syntactic Structures: {{S}}tructures and Beyond},
	editor = {Belletti, Adriana},
	year = {2004},
	address = {Oxford}
}

@article{chomsky1959chomsky,
	author = {Chomsky, Noam},
	journal = {Language},
	number = {1},
	pages = {26--58},
	title = {{{A}} review of {BF} Skinner’s Verbal behavior},
	volume = {35},
	year = {1959}
}


@inproceedings{verhoef2013combinatorial,
	author = {Verhoef, Tessa and Kirby, Simon and de Boer, Bart},
	booktitle = {Proceedings of the Annual Meeting of the Cognitive Science Society},
	title = {Combinatorial structure and iconicity in artificial whistled languages},
	volume = {35},
	year = {2013}
}

@misc{Graf20SCiLtalk,
    ids = {graf2020curbing},
    author = {Graf, Thomas},
    title = {Curbing Feature Coding: {S}trictly Local Feature Assignment},
    year = {2020},
    note = {Slides of a talk given at \emph{{SCiL} 2020}, January 2--5, co-located with the {LSA 2020}}
}

@inproceedings{cornish2013systems,
	author = {Cornish, Hannah and Smith, Kenny and Kirby, Simon},
	booktitle = {{Proceedings of the Annual Meeting of the Cognitive Science Society}},
	number = {35},
	title = {Systems from sequences: {{A}}n iterated learning account of the emergence of systematic structure in a non-linguistic task},
	volume = {35},
	year = {2013}
}

@book{uriagereka2008syntactic,
	address = {Cambridge},
	author = {Uriagereka, Juan},
	publisher = {Cambridge University Press},
	title = {Syntactic anchors: {{O}}n semantic structuring},
	year = {2008}
}

@book{samuels2011phonological,
	address = {Oxford},
	author = {Samuels, Bridget D.},
	publisher = {Oxford University Press},
	title = {Phonological architecture: {{A}} biolinguistic perspective},
	volume = {2},
	year = {2011}
}

@book{reich2018we,
	address = {Oxford},
	author = {Reich, David},
	publisher = {Oxford University Press},
	title = {Who we are and how we got here: {{A}}ncient {DNA} and the new science of the human past},
	year = {2018}
}

@book{progovac2015evolutionary,
	address = {Oxford},
	author = {Progovac, Ljiljana},
	publisher = {Oxford University Press},
	title = {Evolutionary syntax},
	volume = {20},
	year = {2015}
}

@book{paabo2014neanderthal,
	address = {London},
	author = {Pääbo, Svante},
	publisher = {Hachette UK},
	sortname = {Paabo, Svante},
	title = {{Neanderthal} man: {{I}}n search of lost genomes},
	year = {2014}
}

@book{mitchell2018innate,
	address = {Princeton},
	author = {Mitchell, Kevin J.},
	publisher = {Princeton University Press},
	title = {Innate},
	year = {2018}
}

@book{marcus2009kluge,
	address = {New York},
	author = {Marcus, Gary},
	publisher = {Houghton Mifflin Harcourt},
	title = {Kluge: {{T}}he haphazard evolution of the human mind},
	year = {2009}
}

@book{lewontin2001triple,
	address = {Cambridge, Mass.},
	author = {Lewontin, Richard C.},
	publisher = {Harvard University Press},
	title = {The triple helix: {{G}}ene, organism, and environment},
	year = {2001}
}

@book{lasnik2000syntactic,
	address = {Cambridge, Mass.},
	author = {Lasnik, Howard},
	publisher = {MIT Press},
	title = {Syntactic structures revisited: {{C}}ontemporary lectures on classic transformational theory},
	volume = {33},
	year = {2000}
}

@book{hurford2007origins,
	address = {Oxford},
	author = {Hurford, James R.},
	publisher = {Oxford University Press},
	title = {The origins of meaning: {{L}}anguage in the light of evolution},
	volume = {1},
	year = {2007}
}

@book{friederici2017language,
	address = {Cambridge, Mass.},
	author = {Friederici, Angela D.},
	publisher = {MIT Press},
	title = {Language in our brain: {{T}}he origins of a uniquely human capacity},
	year = {2017}
}

@book{fodor1983modularity,
	address = {Cambridge, Mass.},
	author = {Fodor, Jerry A.},
	publisher = {MIT press},
	title = {The modularity of mind},
	year = {1983}
}

@book{fitch2010evolution,
	address = {Cambridge},
	author = {Fitch, W. Tecumseh},
	publisher = {Cambridge University Press},
	title = {The evolution of language},
	year = {2010}
}

@book{darwindescent,
	address = {London},
	author = {Darwin, Charles},
	publisher = {D. Appleton},
	title = {The descent of man and selection in relation to sex},
	volume = {1},
	year = {1871}
}

@book{christiansen2016creating,
	address = {Cambridge, Mass.},
	author = {Christiansen, Morten H. and Chater, Nick},
	publisher = {MIT Press},
	title = {Creating language: {{I}}ntegrating evolution, acquisition, and processing},
	year = {2016}
}

@book{chomsky2012science,
	address = {Cambridge},
	author = {Chomsky, Noam},
	publisher = {Cambridge University Press},
	title = {The science of language: {{I}}nterviews with {James} {McG}ilvray},
	year = {2012}
}

@book{chomsky2009cartesian,
	address = {Cambridge},
	author = {Chomsky, Noam},
	publisher = {Cambridge University Press},
	title = {Cartesian linguistics: {{A}} chapter in the history of rationalist thought},
	year = {1966}
}

@book{chomsky2005rules,
	address = {New York},
	author = {Chomsky, Noam},
	publisher = {Columbia University Press},
	title = {Rules and representations},
	year = {1978}
}

@book{chomsky2000new,
	address = {Cambridge},
	author = {Chomsky, Noam},
	publisher = {Cambridge University Press},
	title = {New horizons in the study of language and mind},
	year = {2000}
}

@book{chomsky1986knowledge,
	address = {New York},
	author = {Chomsky, Noam},
	publisher = {Praeger},
	title = {Knowledge of language: {{I}}ts nature, origin, and use},
	year = {1986}
}

@book{chomsky1981lectures,
	address = {Berlin},
	author = {Chomsky, Noam},
	number = {9},
	publisher = {Walter de Gruyter},
	title = {Lectures on government and binding: {{T}}he Pisa lectures},
	year = {1981}
}

@book{boeckx2009language,
	address = {Hoboken},
	author = {Boeckx, Cedric},
	publisher = {John Wiley \& Sons},
	title = {Language in cognition: {{{U}}}ncovering mental structures and the rules behind them},
	year = {2009}
}

@book{boeckx2006linguistic,
	address = {Oxford},
	author = {Boeckx, Cedric},
	publisher = {Oxford University Press},
	title = {Linguistic minimalism: {{O}}rigins, concepts, methods, and aims},
	year = {2006}
}

@book{berwick2016only,
	address = {Cambridge, Mass.},
	author = {Berwick, Robert C. and Chomsky, Noam},
	publisher = {MIT press},
	title = {Why only us: {{L}}anguage and evolution},
	year = {2016}
}

@book{anderson2004doctor,
	address = {New Haven, CT},
	author = {Anderson, Stephen R.},
	publisher = {Yale University Press},
	title = {Doctor {Dolittle}'s delusion},
	year = {2004}
}

@book{Lenneberg1967biological,
	address = {New York},
	author = {Lenneberg, EH},
	publisher = {Wiley},
	title = {Biological foundations of language},
	year = {1967}
}

@article{zavala2021pleistocene,
	author = {Zavala, Elena I. and Jacobs, Zenobia and Vernot, Benjamin and Shunkov, Michael V. and Kozlikin, Maxim B. and Derevianko, Anatoly P. and Essel, Elena and de Fillipo, Cesare and Nagel, Sarah and Richter, Julia and others},
	journal = {Nature},
	pages = {399--403},
	title = {Pleistocene sediment {DNA} reveals hominin and faunal turnovers at Denisova Cave},
	volume = {595},
	number = {7867},
	year = {2021}
}

@article{zanella2019dosage,
	author = {Zanella, Matteo and Vitriolo, Alessandro and Andirko, Alejandro and Martins, Pedro Tiago and Sturm, Stefanie and O’Rourke, Thomas and Laugsch, Magdalena and Malerba, Natascia and Skaros, Adrianos and Trattaro, Sebastiano and others},
	journal = {Science advances},
	number = {12},
	pages = {eaaw7908},
	sortname = {Zanella, Matteo and Vitriolo, Alessandro and Andirko, Alejandro and Martins, Pedro Tiago and Sturm, Stefanie and O’Rourke, Thomas and Laugsch, Magdalena and Malerba, Natascia and Skaros, Adrianos and Trattaro, Sebastiano and others},
	title = {Dosage analysis of the 7q11. 23 Williams region identifies {BAZ1B} as a major human gene patterning the modern human face and underlying self-domestication},
	volume = {5},
	year = {2019}
}

@article{wrangham2018two,
	author = {Wrangham, Richard W.},
	journal = {Proceedings of the National Academy of Sciences},
	number = {2},
	pages = {245--253},
	title = {Two types of aggression in human evolution},
	volume = {115},
	year = {2018}
}

@article{wirthlin2019modular,
	author = {Wirthlin, Morgan and Chang, Edward F. and Kn{\"o}rnschild, Mirjam and Krubitzer, Leah A. and Mello, Claudio V. and Miller, Cory T. and Pfenning, Andreas R. and Vernes, Sonja C. and Tchernichovski, Ofer and Yartsev, Michael M.},
	journal = {Neuron},
	number = {1},
	pages = {87--99},
	sortname = {Wirthlin, Morgan and Chang, Edward F. and Kn{o}rnschild, Mirjam and Krubitzer, Leah A. and Mello, Claudio V. and Miller, Cory T. and Pfenning, Andreas R. and Vernes, Sonja C. and Tchernichovski, Ofer and Yartsev, Michael M.},
	title = {A modular approach to vocal learning: {{D}}isentangling the diversity of a complex behavioral trait},
	volume = {104},
	year = {2019}
}

@article{wirthlin2018parrot,
	author = {Wirthlin, Morgan and Lima, Nicholas C. B. and Guedes, Rafael Lucas Muniz and Soares, André ER and Almeida, Luiz Gonzaga P. and Cavaleiro, Nathalia P. and de Morais, Guilherme Loss and Chaves, Anderson V. and Howard, Jason T. and de Melo Teixeira, Marcus and others},
	journal = {Current Biology},
	number = {24},
	pages = {4001--4008},
	sortname = {Wirthlin, Morgan and Lima, Nicholas C. B. and Guedes, Rafael Lucas Muniz and Soares, Andr{e} ER and Almeida, Luiz Gonzaga P. and Cavaleiro, Nathalia P. and de Morais, Guilherme Loss and Chaves, Anderson V. and Howard, Jason T. and de Melo Teixeira, Marcus and others},
	title = {Parrot genomes and the evolution of heightened longevity and cognition},
	volume = {28},
	year = {2018}
}

@article{wilson2017conserved,
	author = {Wilson, Benjamin and Marslen-Wilson, William D. and Petkov, Christopher I.},
	journal = {Trends in neurosciences},
	number = {2},
	pages = {72--82},
	title = {Conserved sequence processing in primate frontal cortex},
	volume = {40},
	year = {2017}
}

@article{wilkins2021neural,
    author = {Wilkins, Adam S. and Wrangham, Richard and Fitch, W. Tecumseh},
    title = {The neural crest/domestication syndrome hypothesis, explained: {R}eply to {Johnsson, Henriksen, and Wright}},
    journal = {Genetics},
    volume = {219},
    number = {1},
    year = {2021},
    month = {07},
}


@article{wilkins2014domestication,
	author = {Wilkins, Adam S. and Wrangham, Richard W. and Fitch, W. Tecumseh},
	journal = {Genetics},
	number = {3},
	pages = {795--808},
	publisher = {Oxford University Press},
	title = {The “domestication syndrome” in mammals: {{A}} unified explanation based on neural crest cell behavior and genetics},
	volume = {197},
	year = {2014}
}

@article{welker2020dental,
	author = {Welker, Frido and Ramos-Madrigal, Jazmín and Gutenbrunner, Petra and Mackie, Meaghan and Tiwary, Shivani and Jersie-Christensen, Rosa Rakownikow and Chiva, Cristina and Dickinson, Marc R. and Kuhlwilm, Martin and de Manuel, Marc and others},
	journal = {Nature},
	number = {7802},
	pages = {235--238},
	sortname = {Welker, Frido and Ramos-Madrigal, Jazmín and Gutenbrunner, Petra and Mackie, Meaghan and Tiwary, Shivani and Jersie-Christensen, Rosa Rakownikow and Chiva, Cristina and Dickinson, Marc R. and Kuhlwilm, Martin and de Manuel, Marc and others},
	title = {The dental proteome of Homo antecessor},
	volume = {580},
	year = {2020}
}

@article{welker2016palaeoproteomic,
	author = {Welker, Frido and Hajdinjak, Mateja and Talamo, Sahra and Jaouen, Klervia and Dannemann, Michael and David, Francine and Julien, Mich{\`e}le and Meyer, Matthias and Kelso, Janet and Barnes, Ian and others},
	journal = {Proceedings of the National Academy of Sciences},
	number = {40},
	pages = {11162--11167},
	sortname = {Welker, Frido and Hajdinjak, Mateja and Talamo, Sahra and Jaouen, Klervia and Dannemann, Michael and David, Francine and Julien, Mich{e}le and Meyer, Matthias and Kelso, Janet and Barnes, Ian and others},
	title = {Palaeoproteomic evidence identifies archaic hominins associated with the {Châtelperronian} at the {Grotte du Renne}},
	volume = {113},
	year = {2016}
}

@article{weiss2021cis,
	author = {Weiss, Carly V. and Harshman, Lana and Inoue, Fumitaka and Fraser, Hunter B. and Petrov, Dmitri A. and Ahituv, Nadav and Gokhman, David},
	journal = {Elife},
	pages = {e63713},
	publisher = {eLife Sciences Publications Limited},
	title = {The cis-regulatory effects of modern human-specific variants},
	volume = {10},
	year = {2021}
}

@article{watson2020nonadjacent,
	author = {Watson, Stuart K. and Burkart, Judith M. and Schapiro, Steven J. and Lambeth, Susan P. and Mueller, Jutta L. and Townsend, Simon W.},
	journal = {Science advances},
	number = {43},
	pages = {eabb0725},
	title = {Nonadjacent dependency processing in monkeys, apes, and humans},
	volume = {6},
	year = {2020}
}

@article{vernot2021unearthing,
	author = {Vernot, Benjamin and Zavala, Elena I. and Gómez-Olivencia, Asier and Jacobs, Zenobia and Slon, Viviane and Mafessoni, Fabrizio and Romagné, Frédéric and Pearson, Alice and Petr, Martin and Sala, Nohemi and others},
	journal = {Science},
	number = {6542},
	pages = {eabf1667},
	sortname = {Vernot, Benjamin and Zavala, Elena I. and G{o}mez-Olivencia, Asier and Jacobs, Zenobia and Slon, Viviane and Mafessoni, Fabrizio and Romagn{e}, Fr{e}d{e}ric and Pearson, Alice and Petr, Martin and Sala, Nohemi and others},
	title = {Unearthing {Neanderthal} population history using nuclear and mitochondrial {DNA} from cave sediments},
	volume = {372},
	year = {2021}
}

@article{tomtics,
	author = {O'Rourke, Thomas and Martins, Pedro Tiago and Asano, Rie and Tachibana, Ryosuke O. and Okanoya, Kazuo and Boeckx, Cedric},
	journal = {Trends in cognitive sciences},
	pages = {462--474},
	sortname = {O'Rourke, Thomas and Martins, Pedro Tiago and Asano, Rie and Tachibana, Ryosuke O. and Okanoya, Kazuo and Boeckx, Cedric},
	title = {Capturing the Effects of Domestication on Vocal Learning Complexity},
	volume = {25(6)},
	year = {2021}
}

@article{tinbergen1963aims,
	author = {Tinbergen, Niko},
	journal = {Zeitschrift für Tierpsychologie},
	number = {4},
	pages = {410--433},
	title = {On aims and methods of ethology},
	volume = {20},
	year = {1963}
}

@article{thompson2016culture,
	author = {Thompson, Bill and Kirby, Simon and Smith, Kenny},
	journal = {Proceedings of the National Academy of Sciences},
	number = {16},
	pages = {4530--4535},
	title = {Culture shapes the evolution of cognition},
	volume = {113},
	year = {2016}
}

@article{thomas2018self,
	author = {Thomas, James and Kirby, Simon},
	journal = {Biology \& philosophy},
	number = {1},
	pages = {1--30},
	publisher = {Springer},
	title = {Self domestication and the evolution of language},
	volume = {33},
	year = {2018}
}

@phdthesis{thomas2014self,
	author = {Thomas, James},
	school = {The University of Edinburgh},
	title = {Self-domestication and language evolution},
	year = {2014}
}


@article{theofanopoulou2017self,
	author = {Theofanopoulou, Constantina and Gastaldon, Simone and O’Rourke, Thomas and Samuels, Bridget D. and Martins, Pedro Tiago and Delogu, Francesco and Alamri, Saleh and Boeckx, Cedric},
	journal = {PloS one},
	number = {10},
	pages = {e0185306},
	sortname = {Theofanopoulou, Constantina and Gastaldon, Simone and O’Rourke, Thomas and Samuels, Bridget D. and Messner, Angela and Martins, Pedro Tiago and Delogu, Francesco and Alamri, Saleh and Boeckx, Cedric},
	title = {Self-domestication in Homo sapiens: {{I}}nsights from comparative genomics},
	volume = {12},
	year = {2017}
}

@article{theofanopoulou2017hypothesis,
	author = {Theofanopoulou, Constantina and Boeckx, Cedric and Jarvis, Erich D.},
	journal = {Proceedings of the Royal Society B: Biological Sciences},
	number = {1861},
	pages = {20170988},
	title = {A hypothesis on a role of oxytocin in the social mechanisms of speech and vocal learning},
	volume = {284},
	year = {2017}
}

@article{theofanopoulou2015cognitive,
	author = {Theofanopoulou, Constantina and Boeckx, Cedric},
	journal = {Frontiers in Cell and Developmental Biology},
	pages = {64},
	title = {Cognitive phylogenies, the {Darwinian} logic of descent, and the inadequacy of cladistic thinking},
	volume = {3},
	year = {2015}
}

@article{stringer2016origin,
	author = {Stringer, Chris},
	journal = {Philosophical Transactions of the Royal Society B: Biological Sciences},
	number = {1698},
	pages = {20150237},
	title = {The origin and evolution of {Homo} sapiens},
	volume = {371},
	year = {2016}
}

@article{straub2020gradients,
	author = {Straub, Isabelle and Witter, Laurens and Eshra, Abdelmoneim and Hoidis, Miriam and Byczkowicz, Niklas and Maas, Sebastian and Delvendahl, Igor and Dorgans, Kevin and Savier, Elise and Bechmann, Ingo and others},
	journal = {Elife},
	pages = {e51771},
	title = {Gradients in the mammalian cerebellar cortex enable {Fourier}-like transformation and improve storing capacity},
	volume = {9},
	year = {2020}
}

@incollection{stabler2013epicenter,
	author = {Stabler, Edward P.},
	booktitle = {Language down the garden path: {T}he cognitive and biological basis of linguistic structures},
	editor = {Sanz, Montserrat and Laka, Itziar and Tanenhaus, Michael K.},
	pages = {316--323},
	publisher = {Oxford University Press},
	title = {The epicenter of linguistic behavior},
	address = {Oxford},
	year = {2013}
}

@incollection{stabler2011computational,
	author = {Stabler, Edward P.},
	booktitle = {Oxford handbook of linguistic minimalism},
	pages = {617--643},
	editor = {Boeckx, Cedric},
	publisher = {Oxford University Press},
	title = {Computational perspectives on minimalism},
	address = {Oxford},
	year = {2011}
}

@book{smolensky1993optimality,
	author = {Smolensky, Paul and Prince, Alan},
	publisher = {Wiley},
	title = {{Optimality Theory}: {{C}}onstraint interaction in generative grammar},
	year = {2004},
	address = {New York}
}

@article{slon2017neandertal,
	author = {Slon, Viviane and Hopfe, Charlotte and Weiß, Clemens L. and Mafessoni, Fabrizio and De La Rasilla, Marco and Lalueza-Fox, Carles and Rosas, Antonio and Soressi, Marie and Knul, Monika V. and Miller, Rebecca and others},
	journal = {Science},
	number = {6338},
	pages = {605--608},
	sortname = {Slon, Viviane and Hopfe, Charlotte and Weiss, Clemens L. and Mafessoni, Fabrizio and De La Rasilla, Marco and Lalueza-Fox, Carles and Rosas, Antonio and Soressi, Marie and Knul, Monika V. and Miller, Rebecca and others},
	title = {Neandertal and Denisovan {DNA} from Pleistocene sediments},
	volume = {356},
	year = {2017}
}

@article{scott2010language,
	author = {Scott-Phillips, Thomas C. and Kirby, Simon},
	journal = {Trends in cognitive sciences},
	number = {9},
	pages = {411--417},
	title = {Language evolution in the laboratory},
	volume = {14},
	year = {2010}
}

@article{schlenker2016formal,
	author = {Schlenker, Philippe and Chemla, Emmanuel and Schel, Anne M. and Fuller, James and Gautier, Jean-Pierre and Kuhn, Jeremy and Veselinović, Dunja and Arnold, Kate and Cäsar, Cristiane and Keenan, Sumir and others},
	journal = {Theoretical Linguistics},
	number = {1-2},
	pages = {1--90},
	sortname = {Schlenker, Philippe and Chemla, Emmanuel and Schel, Anne M. and Fuller, James and Gautier, Jean-Pierre and Kuhn, Jeremy and Veselinovi{c}, Dunja and Arnold, Kate and C{a}sar, Cristiane and Keenan, Sumir and others},
	title = {Formal monkey linguistics},
	volume = {42},
	year = {2016}
}

@article{scerri2018did,
	author = {Scerri, Eleanor M. L. and Thomas, Mark G. and Manica, Andrea and Gunz, Philipp and Stock, Jay T. and Stringer, Chris and Grove, Matt and Groucutt, Huw S. and Timmermann, Axel and Rightmire, G. Philip and others},
	journal = {Trends in ecology \& evolution},
	number = {8},
	pages = {582--594},
	title = {Did our species evolve in subdivided populations across {Africa}, and why does it matter?},
	volume = {33},
	year = {2018}
}

@article{samuels2015can,
	author = {Samuels, Bridget D.},
	journal = {Frontiers in psychology},
	pages = {1082},
	title = {Can a bird brain do phonology?},
	volume = {6},
	year = {2015}
}

@article{rogers2011aural,
	author = {Rogers, James and Pullum, Geoffrey K.},
	journal = {Journal of Logic, Language and Information},
	number = {3},
	pages = {329--342},
	publisher = {Springer},
	title = {Aural pattern recognition experiments and the subregular hierarchy},
	volume = {20},
	year = {2011}
}

@article{rilling2008evolution,
	author = {Rilling, James K. and Glasser, Matthew F. and Preuss, Todd M. and Ma, Xiangyang and Zhao, Tiejun and Hu, Xiaoping and Behrens, Timothy E. J.},
	journal = {Nature neuroscience},
	number = {4},
	pages = {426--428},
	title = {The evolution of the arcuate fasciculus revealed with comparative {DTI}},
	volume = {11},
	year = {2008}
}

@article{rawski,
	author = {Lambert, D. and Rawski, J. and Heinz, J.},
	journal = {Journal of Language Modelling},
	pages = {1},
	title = {Typology emerges from simplicity in representations and learning},
	volume = {9},
	year = {2021}
}

@article{raviv2021makes,
	author = {Raviv, Limor and de Heer Kloots, Marianne and Meyer, Antje},
	journal = {Cognition},
	pages = {104620},
	title = {What makes a language easy to learn? {{A}} preregistered study on how systematic structure and community size affect language learnability},
	volume = {210},
	year = {2021}
}

@article{raviv2019larger,
	author = {Raviv, Limor and Meyer, Antje and Lev-Ari, Shiri},
	journal = {Proceedings of the Royal Society B},
	number = {1907},
	pages = {20191262},
	title = {Larger communities create more systematic languages},
	volume = {286},
	year = {2019}
}

@article{raul,
	author = {Buisan, Raül and Moriano, Juan and Andirkó, Alejandro and Boeckx, Cedric},
	journal = {bioRxiv},
	pages = {2021.03.26.437167},
	sortname = {Buisan, Ra{u}l and Moriano, Juan and Andirk{o}, Alejandro and Boeckx, Cedric},
	title = {A distinct expression profile in the cerebellum and striatum for genes under selection within introgression deserts},
	year = {2021}
}

@article{prufer2017high,
	author = {Prüfer, Kay and de Filippo, Cesare and Grote, Steffi and Mafessoni, Fabrizio and Korlević, Petra and Hajdinjak, Mateja and Vernot, Benjamin and Skov, Laurits and Hsieh, Pinghsun and Peyrégne, Stéphane and others},
	journal = {Science},
	number = {6363},
	pages = {655--658},
	sortname = {Prufer, Kay and de Filippo, Cesare and Grote, Steffi and Mafessoni, Fabrizio and Korlevic, Petra and Hajdinjak, Mateja and Vernot, Benjamin and Skov, Laurits and Hsieh, Pinghsun and Peyr{e}gne, St{e}phane and others},
	title = {A high-coverage {Neandertal} genome from {Vindija Cave} in {Croatia}},
	volume = {358},
	year = {2017}
}

@article{prufer2014complete,
	author = {Prüfer, Kay and Racimo, Fernando and Patterson, Nick and Jay, Flora and Sankararaman, Sriram and Sawyer, Susanna and Heinze, Anja and Renaud, Gabriel and Sudmant, Peter H. and De Filippo, Cesare and others},
	journal = {Nature},
	number = {7481},
	pages = {43--49},
	sortname = {Pr{u}fer, Kay and Racimo, Fernando and Patterson, Nick and Jay, Flora and Sankararaman, Sriram and Sawyer, Susanna and Heinze, Anja and Renaud, Gabriel and Sudmant, Peter H. and De Filippo, Cesare and others},
	title = {The complete genome sequence of a {Neanderthal} from the {Altai Mountains}},
	volume = {505},
	year = {2014}
}

@article{prud2011body,
	author = {Prud’hom\-me, Benjamin and Minervino, Caroline and Hocine, Mélanie and Cande, Jessica D. and Aouane, Aïcha and Dufour, Héloïse D. and Kassner, Victoria A. and Gompel, Nicolas},
	journal = {Nature},
	number = {7345},
	pages = {83--86},
	sortname = {Prud’homme, Benjamin and Minervino, Caroline and Hocine, M{e}lanie and Cande, Jessica D. and Aouane, Aïcha and Dufour, H{e}loïse D. and Kassner, Victoria A. and Gompel, Nicolas},
	title = {Body plan innovation in treehoppers through the evolution of an extra wing-like appendage},
	volume = {473},
	year = {2011}
}

@article{pollen2019establishing,
	author = {Pollen, Alex A. and Bhaduri, Aparna and Andrews, Madeline G. and Nowakowski, Tomasz J. and Meyerson, Olivia S. and Mostajo-Radji, Mohammed A. and Di Lullo, Elizabeth and Alvarado, Beatriz and Bedolli, Melanie and Dougherty, Max L.
	and  Ian T. Fiddes and Zev N. Kronenberg  and Joe Shuga  and Anne A. Leyrat  and Jay A. West  and Marina Bershteyn  and Craig B. Lowe  and Bryan J. Pavlovic  and Sofie R. Salama  and David Haussler  and Evan E. Eichler  and Arnold R. Kriegstein},
	journal = {Cell},
	number = {4},
	pages = {743--756},
	title = {Establishing cerebral organoids as models of human-specific brain evolution},
	volume = {176},
	year = {2019}
}



@article{poeppel2012maps,
	author = {Poeppel, David},
	journal = {Cognitive neuropsychology},
	number = {1-2},
	pages = {34--55},
	publisher = {Taylor \& Francis},
	title = {The maps problem and the mapping problem: {{T}}wo challenges for a cognitive neuroscience of speech and language},
	volume = {29},
	year = {2012}
}

@article{poeppel2005defining,
	author = {Poeppel, David and Embick, David},
	journal = {Twenty-first century psycholinguistics: {F}our cornerstones},
	pages = {103--118},
	title = {Defining the relation between linguistics and neuroscience},
	volume = {1},
	year = {2005}
}

@article{pleyer2020construction,
	author = {Pleyer, Michael and Hartmann, Stefan},
	journal = {Evolutionary Linguistic Theory},
	number = {2},
	pages = {153--194},
	publisher = {John Benjamins},
	title = {Construction grammar for monkeys?: {{A}}nimal communication and its implications for language evolution in the light of usage-based linguistic theory},
	volume = {2},
	year = {2020}
}

@article{pinker2005faculty,
	author = {Pinker, Steven and Jackendoff, Ray},
	journal = {Cognition},
	number = {2},
	pages = {201--236},
	title = {The faculty of language: {{W}}hat's special about it?},
	volume = {95},
	year = {2005}
}

@article{pidoux2018subcortical,
	author = {Pidoux, Ludivine and Le Blanc, Pascale and Levenes, Carole and Leblois, Arthur},
	journal = {Elife},
	pages = {e32167},
	publisher = {eLife Sciences Publications Limited},
	title = {A subcortical circuit linking the cerebellum to the basal ganglia engaged in vocal learning},
	volume = {7},
	year = {2018}
}

@incollection{piattelli2011geneticist,
	author = {Piattelli-Palmarini, Massimo and Uriagereka, Juan},
	booktitle = {The biolinguistic enterprise},
	pages = {101--125},
	title = {A geneticist’s dream, a linguist’s nightmare: {{T}}he case of {FOXP}2},
	editor = {Di Sciullo, Anna-Maria and Boeckx, Cedric},
	publisher = {Oxford University Press},
	address = {Oxford},
	year = {2011}
}

@article{pfenning2014convergent,
	author = {Pfenning, Andreas R. and Hara, Erina and Whitney, Osceola and Rivas, Miriam V. and Wang, Rui and Roulhac, Petra L. and Howard, Jason T. and Wirthlin, Morgan and Lovell, Peter V. and Ganapathy, Ganeshkumar and others},
	journal = {Science},
	number = {6215},
	pages = {1256846},
	title = {Convergent transcriptional specializations in the brains of humans and song-learning birds},
	volume = {346},
	year = {2014}
}

@article{petkov2012pursuit,
	author = {Petkov, Christopher I. and Wilson, Benjamin},
	journal = {Philosophical Transactions of the Royal Society B: Biological Sciences},
	number = {1598},
	pages = {2077--2088},
	title = {On the pursuit of the brain network for proto-syntactic learning in non-human primates: {{C}}onceptual issues and neurobiological hypotheses},
	volume = {367},
	year = {2012}
}

@article{petkov2012birds,
	author = {Petkov, Christopher I. and Jarvis, Erich D.},
	journal = {Frontiers in evolutionary neuroscience},
	pages = {12},
	title = {Birds, primates, and spoken language origins: {{B}}ehavioral phenotypes and neurobiological substrates},
	volume = {4},
	year = {2012}
}

@article{pereira2020morphometric,
	author = {Pereira-Pedro, Ana Sofia and Bruner, Emiliano and Gunz, Philipp and Neubauer, Simon},
	journal = {Journal of human evolution},
	pages = {102770},
	title = {A morphometric comparison of the parietal lobe in modern humans and {Neanderthals}},
	volume = {142},
	year = {2020}
}

@article{paabo2014human,
	author = {Pääbo, Svante},
	journal = {Cell},
	number = {1},
	pages = {216--226},
	sortname = {Paabo, Svante},
	title = {The human condition: {A} molecular approach},
	volume = {157},
	year = {2014}
}

@article{orpella2020integrating,
	author = {Orpella, Joan and Ripollés, Pablo and Ruzzoli, Manuela and Amengual, Juli{\`a} L. and Callejas, Alicia and Martinez-Alvarez, Anna and Soto-Faraco, Salvador and de Diego-Balaguer, Ruth},
	journal = {PLoS biology},
	number = {11},
	pages = {e3000895},
	publisher = {Public Library of Science},
	sortname = {Orpella, Joan and Ripoll{e}s, Pablo and Ruzzoli, Manuela and Amengual, Juli{a} L. and Callejas, Alicia and Martinez-Alvarez, Anna and Soto-Faraco, Salvador and de Diego-Balaguer, Ruth},
	title = {Integrating when and what information in the left parietal lobe allows language rule generalization},
	volume = {18},
	year = {2020}
}

@article{okanoya2017sexual,
	author = {Okanoya, Kazuo},
	journal = {Psychonomic bulletin \& review},
	number = {1},
	pages = {106--110},
	publisher = {Springer},
	title = {Sexual communication and domestication may give rise to the signal complexity necessary for the emergence of language: {{A}}n indication from songbird studies},
	volume = {24},
	year = {2017}
}

@article{okanoya2004bengalese,
	author = {Okanoya, Kazuo},
	journal = {Annals of the New York Academy of Sciences},
	number = {1},
	pages = {724--735},
	title = {The {Bengalese} finch: {{A}} window on the behavioral neurobiology of birdsong syntax},
	volume = {1016},
	year = {2004}
}

@article{o2020glutamate,
	author = {O’Rourke, Thomas and Boeckx, Cedric},
	journal = {Neuroscience \& Biobehavioral Reviews},
	pages = {341--357},
	sortname = {O’Rourke, Thomas and Boeckx, Cedric},
	title = {Glutamate receptors in domestication and modern human evolution},
	volume = {108},
	year = {2020}
}

@article{o2005using,
	author = {O'Donnell, Timothy J. and Hauser, Marc D. and Fitch, W. Tecumseh},
	journal = {Trends in Cognitive Sciences},
	number = {6},
	pages = {284--289},
	sortname = {O'Donnell, Timothy J. and Hauser, Marc D. and Fitch, W. Tecumseh},
	title = {Using mathematical models of language experimentally},
	volume = {9},
	year = {2005}
}

@article{neubauer2018evolution,
	author = {Neubauer, Simon and Hublin, Jean-Jacques and Gunz, Philipp},
	journal = {Science advances},
	number = {1},
	pages = {eaao5961},
	title = {The evolution of modern human brain shape},
	volume = {4},
	year = {2018}
}

@article{muller2005innovation,
	author = {Müller, Gerd B. and Newman, Stuart A.},
	journal = {Journal of Experimental Zoology Part B: Molecular and Developmental Evolution},
	number = {6},
	pages = {487--503},
	sortname = {M{u}ller, Gerd B. and Newman, Stuart A.},
	title = {The innovation triad: {{A}}n {EvoD}evo agenda},
	volume = {304},
	year = {2005}
}

@article{muller1991novelty,
	author = {Müller, Gerd B. and Wagner, Gunter P.},
	journal = {Annual review of ecology and systematics},
	number = {1},
	pages = {229--256},
	title = {Novelty in evolution: {{R}}estructuring the concept},
	volume = {22},
	year = {1991}
}

@article{muchnik2019modeling,
	author = {Muchnik, Sydney Keaton and Lorente-Galdos, Belen and Santpere, Gabriel and Sestan, Nenad},
	journal = {Cell},
	number = {6},
	pages = {1250--1253},
	title = {Modeling the evolution of human brain development using organoids},
	volume = {179},
	year = {2019}
}



@article{motamedi2019evolving,
	author = {Motamedi, Yasamin and Schouwstra, Marieke and Smith, Kenny and Culbertson, Jennifer and Kirby, Simon},
	journal = {Cognition},
	pages = {103964},
	title = {Evolving artificial sign languages in the lab: {{F}}rom improvised gesture to systematic sign},
	volume = {192},
	year = {2019}
}

@article{mora2016differences,
	author = {Mora-Ber\-múdez, Felipe and Badsha, Farhath and Kanton, Sabina and Camp, J. Gray and Vernot, Benjamin and K{\"o}hler, Kathrin and Voigt, Birger and Okita, Keisuke and Maricic, Tomislav and He, Zhisong and others},
	journal = {Elife},
	pages = {e18683},
	publisher = {eLife Sciences Publications Limited},
	sortname = {Mora-Berm{u}dez, Felipe and Badsha, Farhath and Kanton, Sabina and Camp, J. Gray and Vernot, Benjamin and K{o}hler, Kathrin and Voigt, Birger and Okita, Keisuke and Maricic, Tomislav and He, Zhisong and others},
	title = {Differences and similarities between human and chimpanzee neural progenitors during cerebral cortex development},
	volume = {5},
	year = {2016}
}

@article{moore2018gricean2,
	author = {Moore, Richard},
	journal = {Topoi},
	number = {2},
	pages = {329--341},
	publisher = {Springer},
	title = {{Gricean} communication, joint action, and the evolution of cooperation},
	volume = {37},
	year = {2018}
}

@article{moore2018gricean,
	author = {Moore, Richard},
	journal = {Philosophy Compass},
	number = {12},
	pages = {e12550},
	title = {{Gricean} communication, language development, and animal minds},
	volume = {13},
	year = {2018}
}

@article{moczek2008origins,
	author = {Moczek, Armin P.},
	journal = {BioEssays},
	number = {5},
	pages = {432--447},
	title = {On the origins of novelty in development and evolution},
	volume = {30},
	year = {2008}
}

@article{miura2020generation,
	author = {Miura, Yuki and Li, Min-Yin and Birey, Fikri and Ikeda, Kazuya and Revah, Omer and Thete, Mayuri Vijay and Park, Jin-Young and Puno, Alyssa and Lee, Samuel H. and Porteus, Matthew H. and others},
	journal = {Nature Biotechnology},
	number = {12},
	pages = {1421--1430},
	title = {Generation of human striatal organoids and cortico-striatal assembloids from human pluripotent stem cells},
	volume = {38},
	year = {2020}
}

@article{meyer2012high,
	author = {Meyer, Matthias and Kircher, Martin and Gansauge, Marie-Theres and Li, Heng and Racimo, Fernando and Mallick, Swapan and Schraiber, Joshua G. and Jay, Flora and Prüfer, Kay and De Filippo, Cesare and others},
	journal = {Science},
	number = {6104},
	pages = {222--226},
	sortname = {Meyer, Matthias and Kircher, Martin and Gansauge, Marie-Theres and Li, Heng and Racimo, Fernando and Mallick, Swapan and Schraiber, Joshua G. and Jay, Flora and Pr{u}fer, Kay and De Filippo, Cesare and others},
	title = {A high-coverage genome sequence from an archaic {Denisovan} individual},
	volume = {338},
	year = {2012}
}

@article{mccauley2019language,
	author = {McCauley, Stewart M. and Christiansen, Morten H.},
	journal = {Psychological review},
	number = {1},
	pages = {1},
	title = {Language learning as language use: {{A}} cross-linguistic model of child language development},
	volume = {126},
	year = {2019}
}

@article{mayr2000darwin,
	author = {Mayr, Ernst},
	journal = {Scientific American},
	number = {1},
	pages = {78--83},
	title = {Darwin’s influence on modern thought},
	volume = {283},
	year = {2000}
}

@article{martinsboeckx_clar,
	author = {Martins, Pedro Tiago and Boeckx, Cedric},
	journal = {Lingbuzz},
	pages = {005432},
	title = {Clarifications on the no half-{Merge} fallacy},
	year = {2020}
}

@article{martins2020vocal,
	author = {Martins, Pedro Tiago and Boeckx, Cedric},
	journal = {PLoS biology},
	number = {3},
	pages = {e3000672},
	publisher = {Public Library of Science},
	title = {Vocal learning: {{B}}eyond the continuum},
	volume = {18},
	year = {2020}
}

@article{martins2019language,
	author = {Martins, Pedro Tiago and Boeckx, Cedric},
	journal = {PLoS biology},
	number = {11},
	pages = {e3000389},
	title = {Language evolution and complexity considerations: {{T}}he no half-Merge fallacy},
	volume = {17},
	year = {2019}
}

@article{martins2016we,
	author = {Martins, Pedro Tiago and Boeckx, Cedric},
	journal = {Linguistics Vanguard},
	number = {1},
	pages = {20160007},
	title = {What we talk about when we talk about biolinguistics},
	volume = {2},
	year = {2016}
}

@book{marr1982vision,
	author = {Marr, David},
	publisher = {W. H. Freeman},
	title = {Vision: {{A}} computational investigation into the human representation and processing of visual information},
	address = {San Francisco},
	year = {1982}
}


@misc{marantz2019linguists,
    author = {Marantz, Alec},
    title = {What do linguists do?},
    year = {2019},
    note = {Ms., {NYU}}
}

@article{malassis2020baboons,
	author = {Malassis, Raphaëlle and Dehaene, Stanislas and Fagot, Joël},
	journal = {Scientific reports},
	number = {1},
	pages = {1--12},
	sortname = {Malassis, Rapha{e}lle and Dehaene, Stanislas and Fagot, Jo{e}l},
	title = {Baboons ({Papio} papio) process a context-free but not a context-sensitive grammar},
	volume = {10},
	year = {2020}
}

@article{mafessoni2020high,
	author = {Mafessoni, Fabrizio and Grote, Steffi and de Filippo, Cesare and Slon, Viviane and Kolobova, Kseniya A. and Viola, Bence and Markin, Sergey V. and Chintalapati, Manjusha and Peyrégne, Stephane and Skov, Laurits and others},
	journal = {Proceedings of the National Academy of Sciences},
	number = {26},
	pages = {15132--15136},
	sortname = {Mafessoni, Fabrizio and Grote, Steffi and de Filippo, Cesare and Slon, Viviane and Kolobova, Kseniya A. and Viola, Bence and Markin, Sergey V. and Chintalapati, Manjusha and Peyr{e}gne, Stephane and Skov, Laurits and others},
	title = {A high-coverage {Neandertal} genome from {Chagyrskaya Cave}},
	volume = {117},
	year = {2020}
}

@article{lord2020history,
	author = {Lord, Kathryn A. and Larson, Greger and Coppinger, Raymond P. and Karlsson, Elinor K.},
	journal = {Trends in ecology \& evolution},
	number = {2},
	pages = {125--136},
	title = {The history of farm foxes undermines the animal domestication syndrome},
	volume = {35},
	year = {2020}
}

@article{linz2019origins,
	author = {Linz, David M. and Hu, Yonggang and Moczek, Armin P.},
	journal = {Proceedings of the Royal Society B.},
	number = {1896},
	pages = {20182427},
	title = {The origins of novelty from within the confines of homology: {{T}}he developmental evolution of the digging tibia of dung beetles},
	volume = {286},
	year = {2019}
}

@article{lewontin1998evolution,
	author = {Lewontin, Richard C.},
	journal = {An invitation to cognitive science},
	pages = {107--132},
	title = {The evolution of cognition: {{Q}}uestions we will never answer},
	volume = {4},
	year = {1998}
}

@article{lattenkamp2018vocal,
	author = {Lattenkamp, Ella Z. and Vernes, Sonja C.},
	journal = {Current opinion in behavioral sciences},
	pages = {209--215},
	title = {Vocal learning: {{A}} language-relevant trait in need of a broad cross-species approach},
	volume = {21},
	year = {2018}
}

@article{lancaster2013cerebral,
	author = {Lancaster, Madeline A. and Renner, Magdalena and Martin, Carol-Anne and Wenzel, Daniel and Bicknell, Louise S. and Hurles, Matthew E. and Homfray, Tessa and Penninger, Josef M. and Jackson, Andrew P. and Knoblich, Juergen A.},
	journal = {Nature},
	number = {7467},
	pages = {373--379},
	title = {Cerebral organoids model human brain development and microcephaly},
	volume = {501},
	year = {2013}
}

@article{lameira2017bidding,
	author = {Lameira, Adriano R.},
	journal = {Neuroscience \& Biobehavioral Reviews},
	pages = {429--439},
	title = {Bidding evidence for primate vocal learning and the cultural substrates for speech evolution},
	volume = {83},
	year = {2017}
}

@article{lai2001forkhead,
	author = {Lai, Cecilia S. L. and Fisher, Simon E. and Hurst, Jane A. and Vargha-Khadem, Faraneh and Monaco, Anthony P.},
	journal = {Nature},
	number = {6855},
	pages = {519--523},
	title = {A forkhead-domain gene is mutated in a severe speech and language disorder},
	volume = {413},
	year = {2001}
}

@article{kuhlwilm2019catalog,
	author = {Kuhlwilm, Martin and Boeckx, Cedric},
	journal = {Scientific reports},
	number = {1},
	pages = {1--14},
	title = {A catalog of single nucleotide changes distinguishing modern humans from archaic hominins},
	volume = {9},
	year = {2019}
}

@article{krupenye2019theory,
	author = {Krupenye, Christopher and Call, Josep},
	journal = {Wiley Interdisciplinary Reviews: Cognitive Science},
	number = {6},
	pages = {e1503},
	title = {Theory of mind in animals: {{C}}urrent and future directions},
	volume = {10},
	year = {2019}
}

@article{krakauer2017neuroscience,
	author = {Krakauer, John W. and Ghazanfar, Asif A. and Gomez-Marin, Alex and MacIver, Malcolm A. and Poeppel, David},
	journal = {Neuron},
	number = {3},
	pages = {480--490},
	title = {Neuroscience needs behavior: {{C}}orrecting a reductionist bias},
	volume = {93},
	year = {2017}
}

@article{kochiyama2018reconstructing,
	author = {Kochiyama, Takanori and Ogihara, Naomichi and Tanabe, Hiroki C. and Kondo, Osamu and Amano, Hideki and Hasegawa, Kunihiro and Suzuki, Hiromasa and De León, Marcia S. Ponce and Zollikofer, Christoph PE and Bastir, Markus and others},
	journal = {Scientific reports},
	number = {1},
	pages = {1--9},
	sortname = {Kochiyama, Takanori and Ogihara, Naomichi and Tanabe, Hiroki C. and Kondo, Osamu and Amano, Hideki and Hasegawa, Kunihiro and Suzuki, Hiromasa and De Le{o}n, Marcia S. Ponce and Zollikofer, Christoph PE and Bastir, Markus and others},
	title = {Reconstructing the {Neanderthal} brain using computational anatomy},
	volume = {8},
	year = {2018}
}

@article{kirby2017culture,
	author = {Kirby, Simon},
	journal = {Psychonomic bulletin \& review},
	number = {1},
	pages = {118--137},
	publisher = {Springer},
	title = {Culture and biology in the origins of linguistic structure},
	volume = {24},
	year = {2017}
}

@article{kirby2015compression,
	author = {Kirby, Simon and Tamariz, Monica and Cornish, Hannah and Smith, Kenny},
	journal = {Cognition},
	pages = {87--102},
	title = {Compression and communication in the cultural evolution of linguistic structure},
	volume = {141},
	year = {2015}
}

@article{kirby2008cumulative,
	author = {Kirby, Simon and Cornish, Hannah and Smith, Kenny},
	journal = {Proceedings of the National Academy of Sciences},
	number = {31},
	pages = {10681--10686},
	title = {Cumulative cultural evolution in the laboratory: {{A}}n experimental approach to the origins of structure in human language},
	volume = {105},
	year = {2008}
}

@article{kirby2001spontaneous,
	author = {Kirby, Simon},
	journal = {IEEE Transactions on Evolutionary Computation},
	number = {2},
	pages = {102--110},
	title = {Spontaneous evolution of linguistic structure-an iterated learning model of the emergence of regularity and irregularity},
	volume = {5},
	year = {2001}
}

@article{karttunen1993finite,
	author = {Karttunen, Lauri},
	journal = {The last phonological rule},
	pages = {173--194},
	title = {Finite-state constraints},
	volume = {6},
	year = {1993}
}

@article{kanton2019organoid,
	author = {Kanton, Sabina and Boyle, Michael James and He, Zhisong and Santel, Malgorzata and Weigert, Anne and Sanchís-Calleja, Fátima and Guijarro, Patricia and Sidow, Leila and Fleck, Jonas Simon and Han, Dingding and others},
	journal = {Nature},
	number = {7778},
	pages = {418--422},
	sortname = {Kanton, Sabina and Boyle, Michael James and He, Zhisong and Santel, Malgorzata and Weigert, Anne and Sanchís-Calleja, F{a}tima and Guijarro, Patricia and Sidow, Leila and Fleck, Jonas Simon and Han, Dingding and others},
	title = {Organoid single-cell genomic atlas uncovers human-specific features of brain development},
	volume = {574},
	year = {2019}
}

@incollection{joshi1985tree,
	author = {Joshi, Aravind K.},
	booktitle = {Natural Language Parsing},
	pages = {206--250},
	publisher = {Cambridge University Press},
	address = {Cambridge},
	title = {Tree adjoining grammars: {{H}}ow much context-sensitivity is required to provide reasonable structural descriptions?},
	editor = {Dowty, David and Karttunen, Lauri and Zwicky, Arnold},
	year = {1985}
}

@article{johnsson2021neural,
	author = {Johnsson, Martin and Henriksen, Rie and Wright, Dominic},
	journal = {Genetics},
	pages = {iyab097},
	title = {The neural crest cell hypothesis: {{N}}o unified explanation for domestication},
	volume = {219(1)},
	year = {2021}
}

@article{jiang2018production,
	author = {Jiang, Xinjian and Long, Tenghai and Cao, Weicong and Li, Junru and Dehaene, Stanislas and Wang, Liping},
	journal = {Current Biology},
	number = {12},
	pages = {1851--1859},
	title = {Production of supra-regular spatial sequences by macaque monkeys},
	volume = {28},
	year = {2018}
}

@article{jarvis2019evolution,
	author = {Jarvis, Erich D.},
	journal = {Science},
	number = {6461},
	pages = {50--54},
	title = {Evolution of vocal learning and spoken language},
	volume = {366},
	year = {2019}
}

@article{jarrett2018and,
	author = {Jarrett, Ben J. M. and Kilner, Rebecca M.},
	journal = {Behavioral Ecology},
	number = {1},
	pages = {15--16},
	publisher = {Oxford University Press UK},
	title = {“Why” and “How” behavior evolves: {{A}} comment on {Bailey et al.}},
	volume = {29},
	year = {2018}
}

@incollection{jackendoff2010your,
	author = {Jackendoff, Ray},
	booktitle = {The evolution of human language: {B}iolinguistic perspectives},
	editor = {Larson, Richard K. and Deprez, Viviane and Yamakido, Hiroko},
	pages = {63--72},
	publisher = {Cambridge University Press},
	title = {Your theory of language evolution depends on your theory of language},
	address = {Cambridge},
	year = {2010}
}

@misc{jackendoff2006did,
	author = {Jackendoff, Ray},
	url = {https://ase.tufts.edu/cogstud/jackendoff/papers/howdidlanguagebegin.pdf},
	urldate = {2021-09-20},
	title = {How did language begin?},
	year = {2006}
}

@article{jackendoff2005nature,
	author = {Jackendoff, Ray and Pinker, Steven},
	journal = {Cognition},
	number = {2},
	pages = {211--225},
	title = {The nature of the language faculty and its implications for evolution of language ({R}eply to {Fitch}, {Hauser}, and {Chomsky})},
	volume = {97},
	year = {2005}
}

@article{jackendoff1999possible,
	author = {Jackendoff, Ray},
	journal = {Trends in cognitive sciences},
	number = {7},
	pages = {272--279},
	title = {Possible stages in the evolution of the language capacity},
	volume = {3},
	year = {1999}
}

@article{irurtzun2015globularization,
	author = {Irurtzun, Aritz},
	journal = {Frontiers in psychology},
	pages = {1817},
	title = {The “{Globularization Hypothesis}” of the Language-ready Brain as a Developmental Frame for Prosodic Bootstrapping Theories of Language Acquisition},
	volume = {6},
	year = {2015}
}

@article{hurford1990nativist,
	author = {Hurford, James R.},
	journal = {Logical issues in language acquisition},
	pages = {136},
	publisher = {Foris Dordrecht},
	title = {Nativist and functional explanations in language acquisition},
	volume = {85},
	year = {1990}
}

@article{huch2017hope,
	author = {Huch, Meritxell and Knoblich, Juergen A. and Lutolf, Matthias P. and Martinez-Arias, Alfonso},
	journal = {Development},
	number = {6},
	pages = {938--941},
	title = {The hope and the hype of organoid research},
	volume = {144},
	year = {2017}
}

@article{hublin2017new,
	author = {Hublin, Jean-Jacques and Ben-Ncer, Abdelouahed and Bailey, Shara E. and Freidline, Sarah E. and Neubauer, Simon and Skinner, Matthew M. and Bergmann, Inga and Le Cabec, Adeline and Benazzi, Stefano and Harvati, Katerina and others},
	journal = {Nature},
	number = {7657},
	pages = {289--292},
	title = {New fossils from {Jebel Irhoud}, {Morocco} and the pan-{African} origin of {Homo} sapiens},
	volume = {546},
	year = {2017}
}

@article{hublin2015brain,
	author = {Hublin, Jean-Jacques and Neubauer, Simon and Gunz, Philipp},
	journal = {Philosophical Transactions of the Royal Society B: Biological Sciences},
	number = {1663},
	pages = {20140062},
	title = {Brain ontogeny and life history in {Pleistocene} hominins},
	volume = {370},
	year = {2015}
}

@article{hockett1960origin,
	author = {Hockett, C.},
	journal = {Scientific American},
	number = {3},
	pages = {88--97},
	title = {The origin of speech},
	volume = {203},
	year = {1960}
}

@incollection{heinz2018computational,
	author = {Heinz, Jeffrey},
	booktitle = {Phonological Typology},
	pages = {126--195},
	title = {The computational nature of phonological generalizations},
	publisher = {Mouton/de Gruyter},
	editor = {Hyman, Larry and Plank, Frans},
	address = {Berlin},
	year = {2018}
}

@article{heinz2011sentence,
	author = {Heinz, Jeffrey and Idsardi, William},
	journal = {Science},
	number = {6040},
	pages = {295--297},
	title = {Sentence and word complexity},
	volume = {333},
	year = {2011}
}

@incollection{heine18,
	author = {Heine, Bernd and Kuteva, Tania},
	booktitle = {The transition to language},
	editor = {Wray, Alison},
	pages = {376--398},
	publisher = {Oxford University Press},
	title = {On the Evolution of Grammatical Forms},
	address = {Oxford},
	year = {2002}
}

@article{heide2018brain,
	author = {Heide, Michael and Huttner, Wieland B. and Mora-Bermúdez, Felipe},
	journal = {Current opinion in cell biology},
	pages = {8--16},
	sortname = {Heide, Michael and Huttner, Wieland B. and Mora-Berm{u}dez, Felipe},
	title = {Brain organoids as models to study human neocortex development and evolution},
	volume = {55},
	year = {2018}
}

@article{hauser2014mystery,
	author = {Hauser, Marc D. and Yang, Charles and Berwick, Robert C. and Tattersall, Ian and Ryan, Michael J. and Watumull, Jeffrey and Chomsky, Noam and Lewontin, Richard C.},
	journal = {Frontiers in psychology},
	pages = {401},
	title = {The mystery of language evolution},
	volume = {5},
	year = {2014}
}

@article{hauser2002faculty,
	author = {Hauser, Marc D. and Chomsky, Noam and Fitch, W. Tecumseh},
	journal = {Science},
	number = {5598},
	pages = {1569--1579},
	title = {The faculty of language: {{W}}hat is it, who has it, and how did it evolve?},
	volume = {298},
	year = {2002}
}

@article{haremaki2019self,
	author = {Haremaki, Tomomi and Metzger, Jakob J. and Rito, Tiago and Ozair, M. Zeeshan and Etoc, Fred and Brivanlou, Ali H.},
	journal = {Nature biotechnology},
	number = {10},
	pages = {1198--1208},
	title = {Self-organizing neuruloids model developmental aspects of Huntington’s disease in the ectodermal compartment},
	volume = {37},
	year = {2019}
}

@article{hare2017survival,
	author = {Hare, Brian},
	journal = {Annual review of psychology},
	pages = {155--186},
	publisher = {Annual Reviews},
	title = {Survival of the friendliest: {{H}}omo sapiens evolved via selection for prosociality},
	volume = {68},
	year = {2017}
}

@article{hagoort2018prerequisites,
	author = {Hagoort, Peter},
	journal = {Current opinion in behavioral sciences},
	pages = {191--194},
	title = {Prerequisites for an evolutionary stance on the neurobiology of language},
	volume = {21},
	year = {2018}
}

@article{gutierrez2018parrots,
	author = {Gutiérrez-Ibá{\~n}ez, Cristián and Iwaniuk, Andrew N. and Wylie, Douglas R.},
	journal = {Scientific reports},
	number = {1},
	pages = {1--11},
	sortname = {Guti{e}rrez-Ib{a}{n}ez, Cristi{a}n and Iwaniuk, Andrew N. and Wylie, Douglas R.},
	title = {Parrots have evolved a primate-like telencephalic-midbrain-cerebellar circuit},
	volume = {8},
	year = {2018}
}

@article{gunz2019neandertal,
	author = {Gunz, Philipp and Tilot, Amanda K. and Wittfeld, Katharina and Teumer, Alexander and Shapland, Chin Yang and Van Erp, Theo GM and Dannemann, Michael and Vernot, Benjamin and Neubauer, Simon and Guadalupe, Tulio and others},
	journal = {Current Biology},
	number = {1},
	pages = {120--127},
	title = {Neandertal introgression sheds light on modern human endocranial globularity},
	volume = {29},
	year = {2019}
}

@article{gunz2010brain,
	author = {Gunz, Philipp and Neubauer, Simon and Maureille, Bruno and Hublin, Jean-Jacques},
	journal = {Current biology},
	number = {21},
	pages = {R921--R922},
	title = {Brain development after birth differs between {Neanderthals} and modern humans},
	volume = {20},
	year = {2010}
}

@article{green2010draft,
	author = {Green, Richard E. and Krause, Johannes and Briggs, Adrian W. and Maricic, Tomislav and Stenzel, Udo and Kircher, Martin and Patterson, Nick and Li, Heng and Zhai, Weiwei and Fritz, Markus Hsi-Yang and others},
	journal = {sScience},
	number = {5979},
	pages = {710--722},
	title = {A draft sequence of the {Neandertal} genome},
	volume = {328},
	year = {2010}
}

@InProceedings{Graf14Festschrift,
  ids = {graf2015cognitive},
  author    = {Graf, Thomas},
  title     = {Beyond the Apparent: {C}ognitive Parallels Between Syntax and Phonology},
  year      = {2014},
  booktitle = {Connectedness: {P}apers by and for {S}arah van {W}agenen},
  pages     = {161--174},
  series    = {UCLA Working Papers in Linguistics},
  volume    = {18},
  editor    = {Schütze, Carson T. and Stockall, Linnaea}
}

@Misc{Graf14NECPHONtalk,
  ids = {graf2014dependencies},
  author    = {Graf, Thomas},
  title     = {Dependencies in Syntax and Phonology: {A} Computational           Comparison},
  year      = {2014},
  note      = {Slides of a talk given at {NECPHON 2014}, November 15,           NYU, New York, New York.}
}

@article{godinho2018supraorbital,
	author = {Godinho, Ricardo Miguel and Spikins, Penny and O’Higgins, Paul},
	journal = {Nature ecology \& evolution},
	number = {6},
	pages = {956--961},
	sortname = {Godinho, Ricardo Miguel and Spikins, Penny and O’Higgins, Paul},
	title = {Supraorbital morphology and social dynamics in human evolution},
	volume = {2},
	year = {2018}
}

@article{girard2021chimpanzees,
	author = {Girard-Buttoz, Cedric and Zaccarella, Emiliano and Bortolato, Tatiana and Friederici, Angela D. and Wittig, Roman M. and Crockford, Catherine},
	journal = {bioRxiv},
	pages = { 2021.02.03.429517},
	publisher = {Cold Spring Harbor Laboratory},
	title = {Chimpanzees use numerous flexible vocal sequences with more than two vocal units: {{A}} step towards language?},
	year = {2021}
}

@article{giandomenico2017probing,
	author = {Giandomenico, Stefano L. and Lancaster, Madeline A.},
	journal = {Current opinion in cell biology},
	pages = {36--43},
	title = {Probing human brain evolution and development in organoids},
	volume = {44},
	year = {2017}
}



@article{gervain2010speech,
	author = {Gervain, Judit and Mehler, Jacques},
	journal = {Annual review of psychology},
	pages = {191--218},
	publisher = {Annual Reviews},
	title = {Speech perception and language acquisition in the first year of life},
	volume = {61},
	year = {2010}
}

@incollection{gallistel2009foundational,
	author = {Gallistel, Charles R.},
	booktitle = {Of minds and language},
	editor = {Piattelli-Palmarini, Massimo and Uriagereka, Juan and Salaburu, Pello},
	pages = {58--73},
	publisher = {Oxford University Press},
	title = {The foundational abstractions},
	year = {2009},
	address = {Oxford}
}

@incollection{fujita2016certain,
	author = {Fujita, Koji},
	booktitle = {Advances in biolinguistics: {T}he human language faculty and its biological basis},
	editor = {Fujita, Koji and Boeckx, Cedric},
	pages = {141--152},
	publisher = {Routledge},
	title = {On certain fallacies in evolutionary linguistics and how one can eliminate them},
	address = {New York},
	year = {2016}
}

@article{florio2018evolution,
	author = {Florio, Marta and Heide, Michael and Pinson, Anneline and Brandl, Holger and Albert, Mareike and Winkler, Sylke and Wimberger, Pauline and Huttner, Wieland B. and Hiller, Michael},
	journal = {Elife},
	pages = {e32332},
	publisher = {eLife Sciences Publications Limited},
	title = {Evolution and cell-type specificity of human-specific genes preferentially expressed in progenitors of fetal neocortex},
	volume = {7},
	year = {2018}
}

@article{fitch2018bio,
	author = {Fitch, W. Tecumseh},
	journal = {Current Biology},
	number = {12},
	pages = {R695--R697},
	title = {Bio-linguistics: {{M}}onkeys break through the syntax barrier},
	volume = {28},
	year = {2018}
}

@article{fitch2018animals,
	author = {Fitch, W. Tecumseh},
	journal = {Current opinion in behavioral sciences},
	pages = {68--75},
	title = {What animals can teach us about human language: {{T}}he phonological continuity hypothesis},
	volume = {21},
	year = {2018}
}

@article{fitch2014toward,
	author = {Fitch, W. Tecumseh},
	journal = {Physics of life reviews},
	number = {3},
	pages = {329--364},
	title = {Toward a computational framework for cognitive biology: {{{U}}}nifying approaches from cognitive neuroscience and comparative cognition},
	volume = {11},
	year = {2014}
}

@article{fitch2011unity,
	author = {Fitch, W. Tecumseh},
	journal = {Philosophical Transactions of the Royal Society B: Biological Sciences},
	number = {1563},
	pages = {376--388},
	title = {Unity and diversity in human language},
	volume = {366},
	year = {2011}
}

@article{fitch2010social,
	author = {Fitch, W. Tecumseh and Huber, Ludwig and Bugnyar, Thomas},
	journal = {Neuron},
	number = {6},
	pages = {795--814},
	title = {Social cognition and the evolution of language: {{C}}onstructing cognitive phylogenies},
	volume = {65},
	year = {2010}
}

@article{fitch2005evolution,
	author = {Fitch, W. Tecumseh and Hauser, Marc D. and Chomsky, Noam},
	journal = {Cognition},
	number = {2},
	pages = {179--210},
	title = {The evolution of the language faculty: {{C}}larifications and implications},
	volume = {97},
	year = {2005}
}

@article{fisher2019human,
	author = {Fisher, Simon E.},
	journal = {Current Biology},
	number = {2},
	pages = {R65--R67},
	title = {Human genetics: {{T}}he evolving story of {FOXP}2},
	volume = {29},
	year = {2019}
}


@incollection{fisher2015translating,
  title={Translating the genome in human neuroscience},
  author={Fisher, Simon E.},
  editor={Marcus, Gary and Freeman, Jeremy},
  booktitle={The Future of the Brain},
  pages={149--158},
  year={2014},
  publisher={Princeton University Press},
  address={Princeton}
}

@article{fisher2015genetics,
	author = {Fisher, Simon E. and Vernes, Sonja C.},
	journal = {Annu. Rev. Linguist.},
	number = {1},
	pages = {289--310},
	publisher = {Annual Reviews},
	title = {Genetics and the language sciences},
	volume = {1},
	year = {2015}
}

@article{fisher2009foxp2,
	author = {Fisher, Simon E. and Scharff, Constance},
	journal = {Trends in Genetics},
	number = {4},
	pages = {166--177},
	title = {{FOXP}2 as a molecular window into speech and language},
	volume = {25},
	year = {2009}
}

@article{everett2017languages,
	author = {Everett, Caleb},
	journal = {Frontiers in psychology},
	pages = {1285},
	title = {Languages in drier climates use fewer vowels},
	volume = {8},
	year = {2017}
}

@article{everett2015climate,
	author = {Everett, Caleb and Blasi, Damián E. and Roberts, Seán G.},
	journal = {Proceedings of the National Academy of Sciences},
	number = {5},
	pages = {1322--1327},
	sortname = {Everett, Caleb and Blasi, Dami{a}n E. and Roberts, Se{a}n G.},
	title = {Climate, vocal folds, and tonal languages: {{C}}onnecting the physiological and geographic dots},
	volume = {112},
	year = {2015}
}

@article{enard2009humanized,
	author = {Enard, Wolfgang and Gehre, Sabine and Hammerschmidt, Kurt and H{\"o}lter, Sabine M. and Blass, Torsten and Somel, Mehmet and Brückner, Martina K. and Schreiweis, Christiane and Winter, Christine and Sohr, Reinhard and others},
	journal = {Cell},
	number = {5},
	pages = {961--971},
	sortname = {Enard, Wolfgang and Gehre, Sabine and Hammerschmidt, Kurt and H{o}lter, Sabine M. and Blass, Torsten and Somel, Mehmet and Br{u}ckner, Martina K. and Schreiweis, Christiane and Winter, Christine and Sohr, Reinhard and others},
	title = {A humanized version of {Foxp2} affects cortico-basal ganglia circuits in mice},
	volume = {137},
	year = {2009}
}

@article{enard2002molecular,
	author = {Enard, Wolfgang and Przeworski, Molly and Fisher, Simon E. and Lai, Cecilia SL and Wiebe, Victor and Kitano, Takashi and Monaco, Anthony P. and Pääbo, Svante},
	journal = {Nature},
	number = {6900},
	pages = {869--872},
	sortname = {Enard, Wolfgang and Przeworski, Molly and Fisher, Simon E. and Lai, Cecilia SL and Wiebe, Victor and Kitano, Takashi and Monaco, Anthony P. and P{a}{a}bo, Svante},
	title = {Molecular evolution of {FOXP}2, a gene involved in speech and language},
	volume = {418},
	year = {2002}
}

@article{eichert2019special,
	author = {Eichert, Nicole and Verhagen, Lennart and Folloni, Davide and Jbabdi, Saad and Khrapitchev, Alexandre A. and Sibson, Nicola R. and Mantini, Dante and Sallet, Jerome and Mars, Rogier B.},
	journal = {Cortex},
	pages = {107--115},
	title = {What is special about the human arcuate fasciculus? {{L}}ateralization, projections, and expansion},
	volume = {118},
	year = {2019}
}

@article{dumas2021systematic,
	author = {Dumas, Guillaume and Malesys, Simon and Bourgeron, Thomas},
	journal = {Genome Research},
	pages = {484--496},
	publisher = {Cold Spring Harbor Lab},
	title = {Systematic detection of brain protein-coding genes under positive selection during primate evolution and their roles in cognition},
	volume = {31(3)},
	year = {2021}
}

@article{dobzhansky1973nothing,
	author = {Dobzhansky, Theodosius},
	journal = {The American biology teacher},
	number = {3},
	pages = {125--129},
	publisher = {BioOne},
	title = {Nothing in biology makes sense except in the light of evolution},
	volume = {35},
	year = {1973}
}

@article{den2021molecular,
	author = {Den Hoed, Joery and Devaraju, Karthikeyan and Fisher, Simon E.},
	journal = {EMBO Reports},
	pages = {e52803},
	title = {Molecular networks of the {FOXP}2 transcription factor in the brain},
	volume = {22(8)},
	year = {2021}
}

@article{dediu2021tone,
	author = {Dediu, Dan},
	journal = {Plos one},
	number = {6},
	pages = {e0253546},
	title = {Tone and genes: {{N}}ew cross-linguistic data and methods support the weak negative effect of the “derived” allele of {ASPM} on tone, but not of {Microcephalin}},
	volume = {16},
	year = {2021}
}

@article{dediu2018neanderthal,
	author = {Dediu, Dan and Levinson, Stephen C.},
	journal = {Current Opinion in Behavioral Sciences},
	pages = {49--55},
	title = {{Neanderthal} language revisited: {{N}}ot only us},
	volume = {21},
	year = {2018}
}

@article{dediu2017language,
	author = {Dediu, Dan and Janssen, Rick and Moisik, Scott R.},
	journal = {Language \& Communication},
	pages = {9--20},
	title = {Language is not isolated from its wider environment: {{V}}ocal tract influences on the evolution of speech and language},
	volume = {54},
	year = {2017}
}

@article{dediu2013antiquity,
	author = {Dediu, Dan and Levinson, Stephen C.},
	journal = {Frontiers in psychology},
	pages = {397},
	title = {On the antiquity of language: {{T}}he reinterpretation of {Neandertal} linguistic capacities and its consequences},
	volume = {4},
	year = {2013}
}

@article{dediu2007linguistic,
	author = {Dediu, Dan and Ladd, D. Robert},
	journal = {Proceedings of the National Academy of Sciences},
	number = {26},
	pages = {10944--10949},
	title = {Linguistic tone is related to the population frequency of the adaptive haplogroups of two brain size genes, {ASPM} and {Microcephalin}},
	volume = {104},
	year = {2007}
}

@book{meader1950handbook,
  title={Handbook of Biolinguistics},
  author={Meader, Clarence L. and Muyskens, John H.},
  publisher = {H. C. Weller},
  address={Toledo},
  year={1950}
}

@article{de2020evolutionary,
	author = {de Boer, Bart and Thompson, Bill and Ravignani, Andrea and Boeckx, Cedric},
	journal = {Scientific reports},
	number = {1},
	pages = {1--9},
	title = {Evolutionary dynamics do not motivate a single-mutant theory of human language},
	volume = {10},
	year = {2020}
}

@article{de2010towards,
	author = {de Waal, Frans BM and Ferrari, Pier Francesco},
	journal = {Trends in cognitive sciences},
	number = {5},
	pages = {201--207},
	title = {Towards a bottom-up perspective on animal and human cognition},
	volume = {14},
	year = {2010}
}

@article{cisek2019resynthesizing,
	author = {Cisek, Paul},
	journal = {Attention, Perception, \& Psychophysics},
	number = {7},
	pages = {2265--2287},
	publisher = {Springer},
	title = {Resynthesizing behavior through phylogenetic refinement},
	volume = {81},
	year = {2019}
}

@article{chomsky1956three,
	author = {Chomsky, Noam},
	journal = {IRE Transactions on information theory},
	number = {3},
	pages = {113--124},
	title = {Three models for the description of language},
	volume = {2},
	year = {1956}
}

@article{bruner2021evolving,
	author = {Bruner, Emiliano},
	journal = {Journal of Archaeological Method and Theory},
	pages = {76--94},
	publisher = {Springer},
	title = {Evolving human brains: {{P}}aleoneurology and the fate of {Middle Pleistocene}},
	volume = {28},
	year = {2021}
}

@article{bromberger1989phonology,
	author = {Bromberger, Sylvain and Halle, Morris},
	journal = {Linguistic inquiry},
	number = {1},
	pages = {51--70},
	title = {Why phonology is different},
	volume = {20},
	year = {1989}
}

@article{brenner1995loose,
	author = {Brenner, Sydney},
	journal = {Current Biology},
	number = {1},
	pages = {94},
	title = {Loose end},
	volume = {5},
	year = {1995}
}

@article{boeckx2017not,
	author = {Boeckx, Cedric},
	journal = {Inference Intern. Rev. Sci},
	pages = {1},
	title = {Not only us},
	volume = {3},
	year = {2017}
}

@article{boeckx2016ljiljana,
	author = {Boeckx, Cedric},
	journal = {Journal of Linguistics},
	number = {2},
	pages = {476--480},
	publisher = {Cambridge University Press},
	title = {Review of {L}jiljana {P}rogovac, {E}volutionary syntax ({Oxford} Studies in the Evolution of Language). {{O}}xford: {{O}}xford University Press, 2015. {{P}}p. {{X}}v+ 261.},
	volume = {52},
	year = {2016}
}

@article{boeckx2014shape,
	author = {Boeckx, Cedric and Benítez-Burraco, Antonio},
	journal = {Frontiers in psychology},
	pages = {282},
	sortname = {Boeckx, Cedric and Benítez-Burraco, Antonio},
	title = {The shape of the human language-ready brain},
	volume = {5},
	year = {2014}
}

@article{boeckx2013biolinguistics,
	author = {Boeckx, Cedric},
	journal = {Journal of Anthropological Sciences},
	pages = {1--28},
	title = {Biolinguistics: {{F}}orays into human cognitive biology},
	volume = {91},
	year = {2013}
}

@incollection{boeckx2011biolinguistics,
	author = {Boeckx, Cedric and Uriagereka, Juan},
	editor = {Terzis, George and Arp, Robert},
	booktitle = {Information and living systems: {P}hilosophical and scientific perspectives},
	pages = {353--370},
	publisher = {MIT Press},
	title = {Biolinguistics and information},
	year = {2011},
	address = {Cambridge, Mass.}
}

@article{bloomfield2011birds,
	author = {Bloomfield, Tiffany C. and Gentner, Timothy Q. and Margoliash, Daniel},
	journal = {Nature neuroscience},
	number = {8},
	pages = {947},
	title = {What birds have to say about language},
	volume = {14},
	year = {2011}
}

@article{blasi2019human,
	author = {Blasi, Damián E. and Moran, Steven and Moisik, Scott R. and Widmer, Paul and Dediu, Dan and Bickel, Balthasar},
	journal = {Science},
	number = {6432},
	pages = {eaav3218},
	sortname = {Blasi, Dami{a}n E. and Moran, Steven and Moisik, Scott R. and Widmer, Paul and Dediu, Dan and Bickel, Balthasar},
	title = {Human sound systems are shaped by post-{Neolithic} changes in bite configuration},
	volume = {363},
	year = {2019}
}

@article{bickerton1984language,
	author = {Bickerton, Derek},
	journal = {Behavioral and brain sciences},
	number = {2},
	pages = {173--188},
	publisher = {Cambridge University Press},
	title = {The language bioprogram hypothesis},
	volume = {7},
	year = {1984}
}

@article{berwick2019all,
	author = {Berwick, Robert C. and Chomsky, Noam},
	journal = {PLoS biology},
	number = {11},
	pages = {e3000539},
	title = {All or nothing: {{N}}o half-{Merge} and the evolution of syntax},
	volume = {17},
	year = {2019}
}

@article{berwick2011songs,
	author = {Berwick, Robert C. and Okanoya, Kazuo and Beckers, Gabriel JL and Bolhuis, Johan J.},
	journal = {Trends in cognitive sciences},
	number = {3},
	pages = {113--121},
	title = {Songs to syntax: {{T}}he linguistics of birdsong},
	volume = {15},
	year = {2011}
}


@article{benito2020early,
    author = {Silvia Benito-Kwiecinski and Stefano L. Giandomenico and Magdalena Sutcliffe  and  Erlend S. Riis and Paula Freire-Pritchett  and Iva Kelava  and Stephanie Wunderlich  and Ulrich Martin  and  Gregory A.Wray and KateMcDole and Madeline A.Lancaster},
    title = {An early cell shape transition drives evolutionary expansion of the human forebrain},
    journal = {Cell},
    volume = {184},
    number = {8},
    pages = {2084-2102.e19},
    year = {2021},
    issn = {0092-8674}
    }

@article{balezeau2020primate,
	author = {Balezeau, Fabien and Wilson, Benjamin and Gallardo, Guillermo and Dick, Fred and Hopkins, William and Anwander, Alfred and Friederici, Angela D. and Griffiths, Timothy D. and Petkov, Christopher I.},
	journal = {Nature neuroscience},
	number = {5},
	pages = {611--614},
	title = {Primate auditory prototype in the evolution of the arcuate fasciculus},
	volume = {23},
	year = {2020}
}

@article{andirko2021fine,
	author = {Andirkó, Alejandro and Moriano, Juan and Vitriolo, Alessandro and Kuhlwilm, Martin and Testa, Giuseppe and Boeckx, Cedric},
	journal = {bioRxiv},
	pages = {2021.01.22.427608},
	publisher = {Cold Spring Harbor Laboratory},
	sortname = {Andirk{o}, Alejandro and Moriano, Juan and Vitriolo, Alessandro and Kuhlwilm, Martin and Testa, Giuseppe and Boeckx, Cedric},
	title = {Fine-grained temporal mapping of derived high-frequency variants supports the mosaic nature of the evolution of {Homo} sapiens},
	year = {2021}
}

@article{andirko2019derived,
	author = {Andirkó, Alejandro and Boeckx, Cedric},
	journal = {bioRxiv},
	pages = {771816},
	publisher = {Cold Spring Harbor Laboratory},
	sortname = {Andirk{o}, Alejandro and Boeckx, Cedric},
	title = {Derived {Homo} sapiens cis-e{QTL} regulation: {{I}}mplications for brain evolution},
	year = {2019}
}

@article{andersen2020generation,
	author = {Andersen, Jimena and Revah, Omer and Miura, Yuki and Thom, Nicholas and Amin, Neal D. and Kelley, Kevin W. and Singh, Mandeep and Chen, Xiaoyu and Thete, Mayuri Vijay and Walczak, Elisabeth M. and others},
	journal = {Cell},
	volume = {183(7)},
	pages = {1913-1929.e26},
	title = {Generation of Functional Human {3D} Cortico-Motor Assembloids},
	year = {2020}
}

@article{Bergstrom,
	author = {Bergstr\"{o}m, A. and Stringer, C. and Hajdinjak, M. and Scerri, E. and Skoglund, P.},
	journal = {Nature},
	pages = {229--237},
	sortname = {Bergstrom, A. and Stringer, C. and Hajdinjak, M. and Scerri, E. and Skoglund, P.},
	title = {Origins of modern human ancestry},
	volume = {590},
	year = {2021},
}

@article {Trujilloeaax2537,
	author = {Trujillo, Cleber A. and Rice, Edward S. and Schaefer, Nathan K. and Chaim, Isaac A. and Wheeler, Emily C. and Madrigal, Assael A. and Buchanan, Justin and Preissl, Sebastian and Wang, Allen and Negraes, Priscilla D. and Szeto, Ryan A. and Herai, Roberto H. and Huseynov, Alik and Ferraz, Mariana S. A. and Borges, Fernando S. and Kihara, Alexandre H. and Byrne, Ashley and Marin, Maximillian and Vollmers, Christopher and Brooks, Angela N. and Lautz, Jonathan D. and Semendeferi, Katerina and Shapiro, Beth and Yeo, Gene W. and Smith, Stephen E. P. and Green, Richard E. and Muotri, Alysson R.},
	elocation-id = {eaax2537},
	journal = {Science},
	number = {6530},
	title = {Reintroduction of the archaic variant of {NOVA}1 in cortical organoids alters neurodevelopment},
	volume = {371},
	year = {2021}
}


@article{Hoeksema2020.12.19.423579,
author = {Hoeksema, Nienke  and Verga, Laura  and Mengede, Janine  and van Roessel, Corné  and Villanueva, Stella  and Salazar-Casals, Anna  and Rubio-Garcia, Ana  and Ćurčić-Blake, Branislava  and Vernes, Sonja C.  and Ravignani, Andrea },
title = {Neuroanatomy of the grey seal brain: {B}ringing pinnipeds into the neurobiological study of vocal learning},
journal = {Philosophical Transactions of the Royal Society B: Biological Sciences},
volume = {376},
number = {1836},
pages = {20200252},
year = {2021}
}


@book{Chomsky1957,
	address = {The Hague},
	author = {Noam Chomsky},
	publisher = {Mouton},
	title = {Syntactic structures},
	year = {1957}
}
