ignore@incollection{Abraham1986,
    address   = {Amsterdam},
    author    = {Abraham, Werner},
    booktitle = {Topic, focus and configurationality: {{P}}apers from the 6th {Groningen Grammar Talks}},
    editor    = {Werner Abraham and Sjaak de Meij},
    pages     = {15--38},
    publisher = {John Benjamins},
    title     = {Word order in the middle field of the {German} sentence},
    year      = {1986},
        bilal =   {Cepeda}
}

@unpublished{LedgewaySchifanoSilvestriInPrep,
	author = {Ledgeway, Adam and Schifano, Norma and Silvestri, Giuseppina},
	bilal = {Ledgeway},
	journal = {Lingue Antiche e Moderne},
	title = {Greek–Romance Contact in southern Italy},
	year = {In preparation}
}

@thesis{Wood2012,
	address = {New York, NY},
	author = {Wood, Jim},
	bilal = {Calindro},
	school = {New York  University},
	title = {{Icelandic} morphosyntax and argument structure},
	type = {dissertation},
	year = {2012}
}

@thesis{Wechsler2016,
	title = {Case-Assignment in Applicative, Causative, and Double Object Constructions: A Comparative Analysis with Emphasis on Microvariation in Bantu},
	author = {Wechsler, Mattie},
	school = {University of Cambridge},
	type = {MPhil thesis},
	year = {2016}
}


@PhDthesis{Snyder1995,
	author = {Snyder, William},
	bilal = {Calindro},
	school = {MIT},
	title = {Language acquisition and language variation: The role of morphology},
	year = {1995},
	address = {Cambridge, MA}
}

@thesis{TorresMorais2007,
	author = {Torres Morais, Maria Aparecida},
	bilal = {Calindro},
	school = {University of São Paulo},
	title = {Dativos [Datives]},
	type = {professorship thesis},
	year = {2007}
}

@thesis{Thórarinsdóttir2015,
	address = {Reykjavík},
	author = {Thórarinsdóttir, Rannveig B.},
	school = {University of Iceland},
	sortname = {Thorarinsdottir, Rannveig B.},
	title = {Fallstjórn slangursagna {[The case government of slang verbs.]}},
	type = {BA thesis},
	year = {2015}
}

@thesis{Tenny1987,
	address = {Cambridge, MA},
	author = {Tenny, Carol L.},
	bilal = {Fabregas},
	school = {Massachusetts Institute of Technology},
	title = {Grammaticalizing aspect and affectedness},
	type = {dissertation},
	year = {1987}
}

@thesis{Strozer1976,
	address = {Los Angeles, CA},
	author = {Strozer, Judith R.},
	bilal = {Sheehan},
	school = {UCLA},
	title = {Clitics in {{Spanish}}},
	type = {dissertation},
	year = {1976}
}

@thesis{Stamuli2007,
	address = {Naples},
	author = {Stamuli, Maria},
	bilal = {Ledgeway},
	school = {University of Naples},
	title = {Morte di lingua e variazione lessicale nel greco. {{T}}re profili dalla {{B}}oves{\`\i}a},
	type = {dissertation},
	year = {2007}
}

@thesis{Spreng2012,
	address = {Toronto},
	author = {Spreng, Bettina},
	bilal = {Basilico},
	school = {University of Toronto},
	title = {Viewpoint aspect in {Inuktitut}: {{T}}he syntax and semantics of antipassives},
	type = {dissertation},
	year = {2012}
}

@thesis{Scher1996,
	address = {Campinas},
	author = {Scher, Ana Paula},
	bilal = {Calindro},
	school = {Unicamp},
	title = {{As} construções com dois complementos no {Inglês} e no {{{Português}}} do {Brasil} {[Constructions with two complements in {{English} and {Brazilian Portuguese}}]}},
	type = {{MA} thesis},
	year = {1996}
}

@thesis{Royo2017,
	address = {Barcelona},
	author = {Royo, Carles},
	bilal = {Royo},
	school = {Universitat de Barcelona},
	title = {Alternança acusatiu/datiu i flexibilitat semàntica i sintàctica dels verbs psicològics catalans},
	type = {dissertation},
	year = {2017},
	url ={https://www.tdx.cat/handle/10803/523541}
}


@phdthesis{Morant2008,
	address = {València},
	author = {Morant, Marc},
	school = {Universitat de València},
	title = {L’alternança datiu/acusatiu en la recció verbal catalana},
	year = {2008}
}

@article{Ramos2005,
	author = {Ramos, Joan Rafel},
	journal = {Estudis romànics},
	pages = {93--112},
	title = {El complement indirecte; {{L}}'alternança datiu/acusatiu},
	volume = {27},
	year = {2005}
}


@thesis{RomeroMorales1997,
	address = {Madrid},
	author = {Romero, Juan},
	bilal = {Fabregas},
	school = {Universidad Autónoma de Madrid},
	title = {Construcciones de doble objeto y gramática universal},
	type = {dissertation},
	year = {1997}
}

@thesis{Rodríguez-Mondoñedo2007,
	address = {Storrs, CT},
	author = {Rodríguez-Mondoñedo, Miguel},
	bilal = {Cornilescu},
	school = {University of Connecticut},
	title = {The syntax of objects: {{A}}gree and differential object marking},
	type = {dissertation},
	year = {2007}
}

@thesis{Rivas1977,
	address = {Cambridge, MA},
	author = {Rivas, Alberto M.},
	bilal = {Sheehan},
	school = {Massachusetts Institute of Technology},
	title = {A theory of clitics},
	type = {dissertation},
	year = {1977}
}

@thesis{Quarezemin2005,
	address = {Florianópolis},
	author = {Quarezemin, Sandra},
	bilal = {Cepeda},
	school = {Universidade Federal de Santa Catarina},
	title = {A focalização do sujeito no {{PB}}},
	type = {MA thesis},
	year = {2005}
}

@thesis{Pylkkänen2002,
	author = {Pylkkänen, Liina},
	bilal = {Cuervo, Antonyuk, Calindro, Sheehan},
	school = {Massachusetts Institute of Technology},
	sortname = {Pylkkanen, Liina},
	title = {Introducing arguments},
	type = {dissertation},
	year = {2002}
}


@thesis{Pujalte2009,
	author = {Pujalte, Mercedes},
	bilal = {Cuervo},
	school = {Universidad Nacional del Comahue},
	title = {Condiciones sobre la introducción de argumentos: {{{E}}}l caso de la alternancia dativa en español},
	type = {Master's thesis},
	year = {2009}
}

@thesis{Pesetsky1982,
	address = {Cambridge, MA},
	author = {Pesetsky, David},
	bilal = {Antonyuk},
	school = {Massachusetts Institute of Technology},
	title = {Paths and categories},
	type = {dissertation},
	year = {1982}
}

@thesis{Park1994,
	author = {Park, Jeong-Woon},
	bilal = {Cuervo},
	school = {University of California, Berkeley},
	title = {Morphological causatives in {{Korean}}: {{P}}roblems in grammatical polysemy and constructional relations},
	type = {dissertation},
	year = {1994}
}

@thesis{Oehrle1976,
	address = {Cambridge, MA},
	author = {Oehrle, Richard},
	bilal = {Cepeda, Sheehan},
	school = {Massachusetts Institute of Technology},
	title = {The grammatical status of the {{English}} dative alternation},
	type = {dissertation},
	year = {1976}
}

@thesis{Nagai2006,
	address = {Fairbanks, AK},
	author = {Nagai, Tadataka},
	bilal = {Basilico},
	school = {University of Alaska Fairbanks},
	title = {Agentive and patientive verb bases in {{North} Alaskan Iñupiaq}},
	type = {dissertation},
	year = {2006}
}

@thesis{MorenoVillamar2018,
	author = {Moreno Villamar, Itziri},
	bilal = {Cuervo},
	school = {Western University},
	title = {Variation in the pronominal clitic system of {P'urhépecha-{Spanish}} bilinguals},
	type = {dissertation},
	year = {2018}
}

@thesis{Michelioudakis2012,
	address = {Cambridge},
	author = {Michelioudakis, Dimitris},
	bilal = {Ledgeway},
	school = {University of Cambridge},
	title = {{Dative} arguments and abstract case in {{Greek}}},
	type = {dissertation},
	year = {2012}
}

@thesis{Medová2009,
	address = {Princeton, NJ},
	author = {Medová, Lucie},
	bilal = {Fabregas},
	school = {Princeton University},
	sortname = {Medova, Lucie},
	title = {Reflexive clitics in the {{Slavic}} and {{Romance}} languages: {{A}} comparative view from an antipassive perspective},
	type = {dissertation},
	year = {2009}
}

@thesis{May1977,
	address = {Cambridge, MA},
	author = {May, Robert},
	bilal = {Cepeda},
	school = {Massachusetts Institute of Technology},
	title = {The grammar of quantification},
	type = {dissertation},
	year = {1977}
}




@thesis{Martin2012,
	address = {New York, NY},
	author = {Martin, Jesús},
	bilal = {Cabre},
	school = {New York University},
	title = {Deconstructing {{Catalan}} object clitics},
	type = {dissertation},
	year = {2012}
}



@thesis{Katsoyannou1995,
	address = {Paris},
	author = {Katsoyannou, Marianne},
	bilal = {Ledgeway},
	school = {Paris 7},
	title = {{Le} parler gréco de {{G}}allician{\`o} ({{I}}talie): {{D}}escription d'une langue en voie de disparition},
	type = {dissertation},
	year = {1995}
}

@thesis{Jóhannsdottir2011,
	author = {Jóhannsdóttir, Kristín},
	bilal = {Franco},
	school = {University of British Columbia},
	sortname = {Johannsdottir, Kristin},
	title = {Aspects of the Progressive in {{English}} and {{Icelandic}}},
	type = {Dissertation},
	year = {2011}
}

@thesis{Jung2014,
	address = {Tucson, AZ},
	author = {Jung, Hyun Kyoung},
	school = {University of Arizona},
	title = {On the Syntax of Applicative and Causative Construction},
	type = {dissertation},
	year = {2014}
}

@thesis{JaqueHidalgo2014,
	address = {Madrid},
	author = {Jaque Hidalgo, Matías},
	bilal = {Fabregas},
	school = {Universidad Autónoma de Madrid},
	sortname = {Jaque Hidalgo, Matias},
	title = {Causatividad y estatividad: {{A}}lgunos ejemplos del español},
	type = {dissertation},
	year = {2014}
}

@thesis{Irvin2012,
	address = {New York, NY},
	author = {Irvin, Patricia},
	bilal = {Antonyuk},
	school = {New York University},
	title = {Unaccusativity at the interfaces},
	type = {dissertation},
	year = {2012}
}

@thesis{Harley1995Diss,
	address = {Cambridge, MA},
	author = {Harley, Heidi},
	bilal = {Antonyuk},
	school = {Massachusetts Institute of Technology},
	title = {Subjects, events and licensing},
	type = {dissertation},
	year = {1995}
}

@thesis{Givón1969,
	address = {Los Angeles, CA},
	author = {Givón, Talmy},
	school = {University of California, Los Angeles},
	sortname = {Givon, Talmy},
	title = {Studies in {Chibemba} and {{Bantu}} Grammar},
	type = {dissertation},
	year = {1969}
}

@thesis{Georgala2012,
	address = {Applicatives in their Structural and Thematic Function},
	author = {Georgala, Efthymia},
	publisher = {A Minimalist Account of Multitransitivity},
	school = {Cornell University},
	type = {dissertation},
	year = {2012}
}

@thesis{Freire2005,
	address = {Rio de Janeiro},
	author = {Freire, Gilson},
	bilal = {Calindro},
	school = {UFRJ},
	title = {A realização do acusativo e do dativo anafórico de 3ª: {{P}}essoa na escrita  brasileira e lusitana {[Third person anaphoric accusative and dative in {{Brazilian}} and {{European} writing}]}},
	type = {dissertation},
	year = {2005}
}

@thesis{Fournier2010,
	author = {Fournier, David},
	bilal = {Cuervo, Sheehan},
	school = {University of Toronto},
	title = {{La} structure du prédicat verbal: {{{U}}}ne étude de la construction à double objet en français},
	type = {dissertation},
	year = {2010}
}

@thesis{Dunn1999,
	address = {Canberra},
	author = {Dunn, Michael},
	bilal = {Basilico},
	school = {Australian National University},
	title = {A grammar of {Chukchi}},
	type = {dissertation},
	year = {1999}
}

@thesis{Dogget2004,
	address = {Cambridge, MA},
	author = {Dogget, Teal},
	bilal = {Cornilescu},
	school = {Massachusetts Institute of Technology},
	title = {All things being unequal: {{L}}ocality in movement},
	type = {dissertation},
	year = {2004}
}

@thesis{Diaconescu2004,
	author = {Diaconescu, Rodica},
	bilal = {Cuervo},
	school = {University of Ottawa},
	title = {{{Romanian}} applicative constructions},
	type = {dissertation},
	year = {2004}
}

@thesis{Cuervo2003,
	address = {Cambridge, MA},
	author = {Cuervo, María Cristina},
	school = {Massachusetts Institute of Technology},
	sortname = {Cuervo, Maria Cristina},
	title = {Datives at Large},
	type = {dissertation},
	url = {https://dspace.mit.edu/handle/1721.1/7991},
	year = {2003}
}


@thesis{Ciucivara2009,
	address = {New York, NY},
	author = {Ciucivara, Oana},
	bilal = {Cornilescu},
	school = {New York University},
	title = {A syntactic analysis of pronominal clitic clusters in {{Romance}}},
	type = {dissertation},
	year = {2009}
}

@thesis{Choi1996,
	address = {New Brunswick, NJ},
	author = {Choi, Hye-Won},
	bilal = {Cepeda},
	school = {Rutgers University},
	title = {Optimizing structure in context: {{S}}crambling and information structure},
	type = {dissertation},
	year = {1996}
}

@thesis{Calindro2015,
	address = {São Paulo},
	author = {Calindro, Ana},
	bilal = {Calindro},
	school = {University of São Paulo},
	title = {Introduzindo argumentos: {{{U}}}ma proposta para as sentenças ditransitivas do português brasileiro {[Introducing arguments: {{T}}he case of ditransitives in {{Brazilian Portuguese}}]}},
	type = {dissertation},
	year = {2015}
}

@thesis{Bonet1991,
	address = {Cambridge, {MA}},
	author = {Bonet, Eulàlia},
	bilal = {Sheehan, Cabre},
	school = {{MIT}},
	sortname = {Bonet, Eulalia},
	title = {Morphology after syntax: {{P}}ronominal clitics in {{Romance}}},
	type = {dissertation},
	year = {1991}
}

@thesis{Biskup2017,
	address = {Leipzig},
	author = {Biskup, Petr},
	bilal = {Antonyuk},
	school = {Universität Leipzig},
	title = {Prepositions and verbal prefixes: {{T}}he case of {{Slavic}}},
	type = {Habilitation},
	year = {2017}
}

@thesis{Bilous2011,
	address = {Toronto},
	author = {Bilous, Rostyslav},
	bilal = {Royo},
	school = {University of Toronto},
	title = {Transitivité et marquage d’objet différentiel},
	type = {dissertation},
	year = {2011}
}

@PhDthesis{Barðdal2001,
	address = {Lund},
	author = {Barðdal, Jóhanna},
	sortname = {Barddal, Johanna},
	school = {University of Lund},
	title = {Case in {{Icelandic}}: {{A}} synchronic, diachronic and comparative approach},
	year = {2001}
}

@thesis{Baldissera2013,
	author = {Baldissera, Valeria},
	bilal = {Ledgeway},
	school = {Università Ca' Foscari Venezia},
	title = {Il dialetto grico del {Salento}: {{{E}}}lementi balcanici e contatto linguistico},
	type = {dissertation},
	year = {2013}
}

@thesis{Bacovcin2017,
	address = {Philadelphia, PA},
	author = {Bacovcin, Hezekiah Akiva},
	bilal = {Cepeda},
	school = {University of Pennsylvania},
	title = {Parameterising {{Germanic}} ditransitive variation: {{A}} historical-comparative study},
	type = {dissertation},
	year = {2017}
}

@thesis{Babrakzai1999,
	author = {Babrakzai, Farooq},
	bilal = {Cuervo},
	school = {University of Hawaii},
	title = {Topics in the syntax of {{Pashto}}},
	type = {dissertation},
	year = {1999}
}

@thesis{Antonyuk2015,
	address = {Stony Brook, NY},
	author = {Antonyuk, Svitlana},
	bilal = {Antonyuk, Cepeda},
	school = {Stony Brook University},
	title = {Quantifier scope and scope freezing in {{Russian}}},
	type = {dissertation},
	year = {2015}
}

@thesis{Albizu1997,
	address = {Los Angeles, CA},
	author = {Albizu, Pablo},
	bilal = {Sheehan},
	school = {University of Southern California},
	title = {The syntax of person agreement},
	type = {dissertation},
	year = {1997}
}

@thesis{Acedo-Matellán2010,
	address = {Barcelona},
	author = {Acedo-Matellán, Víctor},
	bilal = {Calindro},
	school = {Universitat de Barcelona},
	sortname = {Acedo-Matellan, Victor},
	title = {Argument structure and the syntax-morphology interface: {{A}} case study in {{Latin}} and other languages},
	type = {dissertation},
	year = {2010}
}


@phdthesis{Mateu2002,
	address = {Universitat Autònoma de Barcelona},
	author = {Mateu, Jaume},
	bilal = {Franco},
	title = {Argument Structure: {{R}}elational construal at the {{S}}yntax-{{S}}emantic {{I}}nterface},
	year = {2002}
}


@phdthesis{Kawasha2003,
	author = {Kawasha, Boniface Kaumba},
	school = {University of Oregon },
	title = {Lunda Grammar},
	year = {2003}
}


@phdthesis{Johannsdottir2011,
	author = {Jóhannsdóttir, Kristín},
	school = {University of British Columbia},
	title = {Aspects of the Progressive in {English} and {Icelandic}},
	year = {2011}
}



@phdthesis{Caha2009,
	author = {Caha, Pavel},
	school = {University of Troms{\o} },
	title = {The nanosyntax of case},
	year = {2009}
}

@phdthesis{Casalicchio2013,
	address = {Università di Padova},
	author = {Casalicchio, Jan},
	bilal = {Franco},
	title = {Pseudorelative, gerundi e infiniti nelle varietà romanze: affintà (solo) superficiali e corrispondenze strutturali.},
	year = {2013}
}

@periodical{Chilà2017,
	author = {Chilà, Annamaria},
	bilal = {Ledgeway},
	journal = {L'Italia dialettale},
	pages = {57--71},
	sortname = {Chila, Annamaria},
	title = {Il sincretismo genitive-dativo nella varietà reggina di {{S}}. {{L}}uca},
	volume = {LXXVIII},
	year = {2017}
}

@thesis{Wechsler2014,
	author = {Wechsler, Mattie},
	school = {Bryn Mawr College},
	title = {The Stacking Behavior of Valence-Increasing Verbal Extensions and Their Arguments in {{Shona}}},
	year = {2014},
	address = {Bryn Mawr},
	type = {Bachelor's thesis}
}

@misc{Tubino2012,
	address = {Barcelona},
	author = {Tubino, Mercedes},
	bilal = {Cuervo},
	note = {Paper presented at the {22nd Colloquium on Generative Grammar}},
	school = {Universitat Autonoma de Barcelona},
	title = {{Spanish} dative causees: {{A}}gainst an applicative analysis},
	year = {2012}
}

@misc{Svenonius2006alternations,
	author = {Svenonius, Peter},
	note = {Unpublished manuscript, University of Tromsø},
	title = {Case alternations and the {{Icelandic}} passive and middle},
	year = {2006}
}

@article{Svenonius2006axial,
	author = {Svenonius, Peter},
	bilal = {Franco},
	journal = {Nordlyd},
	pages = {1--22},
	title = {The Emergence of Axial Parts},
	volume = {33},
	year = {2006}
}


@misc{Sheehan2013,
	author = {Sheehan, Michelle},
	note = {Paper presented at the {West Coast Conference on Formal Linguistics (WCCFL), Tempe, AZ}},
	title = {Towards a parameter hierarchy for alignment},
	year = {2013}
}

@misc{Pujalte2010,
	author = {Pujalte, Mercedes},
	bilal = {Calindro},
	note = {ms. Universidad Nacional del Comahue},
	title = {Construcciones com y cin aplicativos em el español del Rio da la Plata y el português brasileño},
	year = {2010}
}

@misc{Preminger2019,
	author = {Preminger, Omer},
	bilal = {Cornilescu},
    journal = {Glossa. A Journal of General Linguistics},
	title = {What the {{PCC}} tells us about “abstract” agreement, head movement and locality},
	year = {2019}
}

@misc{PinedaSchifanoSheehan2018,
	address = {Olomouc},
	author = {Pineda, Anna and Schifano, Norma and Sheehan, Michelle},
	bilal = {Sheehan},
	note = {Paper presented at {Olinco}},
	title = {Transitivity in {{Catalan}} and {{Italian}}: {{{E}}}vidence from causatives},
	year = {2018}
}

@misc{Ordóñez2008,
	address = {Hermosillo Sonora},
	author = {Ordóñez, Francisco},
	bilal = {Sheehan},
	note = {Paper presented at {X Encuentro Internacional de Lingüística del Noroeste}},
	sortname = {Ordonez, Francisco},
	title = {Causativas y la distribución del sujeto causado en español: {{{E}}}videncia para un núcleo aplicativo},
	year = {2008}
}

@misc{McGinnisGerdts2004,
	author = {McGinnis, Martha and Gerdts, Donna B.},
	bilal = {Cuervo},
	title = {A phase-theoretic analysis of {{Kinyarwanda}} multiple applicatives},
	url = {http://prism.ucalgary.ca/handle/1880/44523},
	year = {2004}
}

@misc{McGinnis2018,
	author = {McGinnis, Martha},
	bilal = {Cuervo},
	school = {University of Victoria},
	title = {Applicatives},
	type = {Manuscript},
	year = {2018}
}

@misc{Marten2016,
	address = {Cambridge},
	author = {Marten, Lutz},
	note = {Paper presented at the Syntax Research Cluster Event},
	title = {Benefactive and substitutive applicatives in {{Bemba}}},
	year = {2016}
}

@misc{Marantz2009,
	author = {Marantz, Alec},
	bilal = {Calindro},
	note = {Paper presented at {Penn Linguistics Colloquium}},
	title = {Resultatives and re-resultatives: {{D}}irect objects may construct events by themselves},
	year = {2009}
}

@misc{Levin2015,
	address = {Portland, OR},
	author = {Levin, Theodore},
	bilal = {Basilico},
	note = {Paper presented at the {2017 Annual Meeting of the Linguistic Society of America}},
	title = {Towarda unified analysis of antipassive and pseudo noun incorporation constructions},
	year = {2015}
}

@misc{Kimenyi1995,
	address = {Boston, MA},
	author = {Kimenyi, Alexandre},
	note = {Paper presented at the Niger-Congo syntax and semantics workshop on the applicative architectures},
	title = {{{Kinyarwanda}} applicatives revisited},
	year = {1995}
}

@misc{Khokhlova2002,
	address = {Heidelberg},
	author = {Khokhlova, Ludmila},
	bilal = {Manzini},
	month = {09},
	title = {Syntactic peculiarities of {Rajasthani}},
	note = {Paper presented at the {17th European Conference on Modern South Asian Studies}},
	year = {2002}
}

@misc{Ippolito2000,
	author = {Ippolito, Michela},
	bilal = {Cuervo, Sheehan},
	school = {Massachusetts Institute of Technology},
	title = {Remarks on the argument structure of {{Romance}} causatives},
	type = {Manuscript},
	year = {2000}
}

@misc{Ginebra2003,
	author = {Ginebra, Jordi},
	bilal = {Royo},
	title = {El règim verbal i nominal},
	type = {Manuscript},
	year = {2003}
}

@misc{FrancoManzini2017Gen,
	author = {Franco, Ludovico and Manzini, M. Rita},
	bilal = {Franco},
	journal = {Revue Roumaine de Linguistique},
	number = {4},
	pages = {427--444},
	title = {Genitive/‘of’ arguments in {{DOM}} contexts},
	volume = {LXII},
	year = {2017}
}

@misc{Ferrazzano2003,
	author = {Ferrazzano, Lisa Reisig},
	bilal = {Cabre},
	school = {CUNY Graduate Center},
	title = {The morphology of \textit{ci} and its `distal' relative, \textit{vi}},
	type = {Manuscript},
	year = {2003}
}

@misc{CépedaCyrino2017,
	author = {Cépeda, Paola and Cyrino, Sonia},
	bilal = {Cepeda},
	title = {A point of order: {{O}}bject asymmetries in {{Spanish}} and {{Portuguese}} ditransitives},
	type = {Manuscript},
	year = {2017}
}

@misc{Carrier2014,
	author = {Carrier, Julien},
	bilal = {Cuervo},
	school = {University of Toronto},
	title = {Applicatives in {Inuktitut} and transitivity},
	type = {Manuscript},
	year = {2014}
}

@misc{BiberauerRoberts2012significance,
	author = {Biberauer, Theresa and Ian Roberts},
	note = {Conference Presentation. Paper presented at the {Diachronic Generative Syntax Conference, Lisbon}},
	title = {On the significance of what hasn’t happened},
	year = {2012}
}

@article{BiberauerRoberts2012hierarchy,
	author = {Biberauer, Theresa and Roberts, Ian},
	bilal = {Ledgeway},
	issue = {Article 9},
	journal = {Cambridge Occasional Papers in Linguistics},
	number = {9},
	pages = {267--294},
	title = {Towards a parameter hierarchy for auxiliaries: {{D}}iachronic considerations},
	volume = {6},
	year = {2012}
}

@misc{Biberauer2011,
	author = {Biberauer, Theresa},
	note = {Paper presented at the Workshop on Formal Grammar and Syntactic Variation, Rethinking Parameters, Madrid, ES},
	title = {In defence of lexico-centric parametric variation: {{T}}wo 3rd factor-constrained case studies},
	year = {2011}
}

@misc{Basilico2017,
	address = {Austin, TX},
	author = {Basilico, David},
	bilal = {Basilico},
	note = {Paper presented at the {2017 Annual Meeting of the Linguistic Society of America}},
	title = {The antipassive adds an argument},
	year = {2017}
}

@misc{Bailyn1995,
	address = {Ithaca, NY},
	author = {Bailyn, John Frederick},
	bilal = {Antonyuk},
	school = {Cornell University},
	title = {A configurational approach to {{Russian}} “free” word order},
	type = {dissertation},
	year = {1995}
}

@misc{AntonyukMykhaylykUR,
	author = {Antonyuk, Svitlana and Mykhaylyk, Roksolana},
	bilal = {Antonyuk},
	title = {Scope freezing and object shift in {{Ukrainian}}: {{D}}oes superiority matter? {{R}}emark},
	year = {Under review}
}

@misc{AntonyukLarson2016,
	address = {Berlin},
	author = {Antonyuk, Svitlana and Larson, Richard K.},
	bilal = {Antonyuk},
	note = {Presentation given at {Formal Description of Slavic Languages 12 (FDSL)}},
	school = {Humboldt University, Berlin},
	title = {Scope freezing in {{PP}} dative constructions?},
	year = {2016}
}

@misc{Alcaraz2017,
	author = {Alcaraz, Alejo},
	bilal = {Cabre},
	note = {lingbuzz/003293},
	title = {Spurious vs. {{D}}ative},
	year = {2017}
}

@mastersthesis{Kilian-Hatz1992,
	author = {Kilian-Hatz, Christa},
	school = {Universit{\"a}t zu Köln},
	title = {Der Komitativ im Baka: {{{E}}}ine {Fallstudie} zur {Grammatikalisierung}},
	year = {1992}
}

@mastersthesis{Jóhannsdóttir1996,
	address = {Reykjavík},
	author = {Jóhannsdóttir, Kristín M.},
	school = {University of Iceland},
	sortname = {Johannsdottir, Kristin M.},
	title = {Á sögnum verður sjaldnast skortur: {{A}}fleiðslusagnir og innlimunarsagnir í íslensku {[Derived and incorporating verbs in {Icelandic}.]}},
	year = {1996}
}

@mastersthesis{Comi1989,
	author = {Comi, Pasquale},
	school = {University of Zurich},
	title = {Un'indagine sulla vitalità attuale del griko a {{C}}astrignano dei {{G}}reci ({{L}}ecce)},
	year = {1989}
}

@inproceedings{Sheehan2014,
	author = {Sheehan, Michelle},
	bilal = {Ledgeway},
	booktitle = {{Proceedings of the {31st {West} Coast Conference on Formal Linguistics ({WCCFL})}}},
	editor = {Santana-LaBarge, Robert},
	organization = {Cascadilla Somerville, MA},
	pages = {399--408},
	title = {Towards a parameter hierarchy for alignment},
	year = {2014}
}

@inproceedings{Remberger2011,
	author = {Remberger, Eva-Maria},
	bilal = {Ledgeway},
	booktitle = {L'influsso dell'italiano sul sistema del verbo delle lingue minoritarie: {{R}}esistenza e mutamento nella morfologia e nella sintassi},
	editor = {Breu, Walter},
	pages = {123--148},
	title = {Morfosintassi verbale dei dialetti neogreci in {{C}}alabria},
	year = {2011}
}

@inproceedings{Harley1995WCCFL,
	address = {Stanford, CA},
	author = {Harley, Heidi},
	bilal = {Cepeda},
	booktitle = {{Proceedings of the 15th {{West} Coast Conference on Formal Linguistics ({WCCFL})}}},
	pages = {193--207},
	publisher = {CSLI},
	title = {If you have, you can give},
	year = {1995}
}

@inproceedings{FábregasJiménezFernándezTubinoBlanco2017,
	address = {Amsterdam and Philadelphia},
	author = {Fábregas, Antonio and Jiménez Fernández, Ángel L. and Tubino, Mercedes},
	bilal = {Fabregas},
	booktitle = {{{{Romance}} languages and linguistic theory 12: {{S}}elected papers from the {45th Linguistic Symposium on {{Romance}} Languages ({LSRL}), Campinas, {Brazil}}}},
	editor = {Ruth E. V. Lopes and Juanito Ornelas de Avelar and Sonia M. L. Cyrino},
	pages = {29--48},
	publisher = {John Benjamins},
	title = {What's up with dative experiencers},
	year = {2017}
}

@incollection{vanderWal2017,
	address = {Berlin, Germany},
	author = {van der Wal, Jenneke},
	booktitle = {Order and structure in syntax {{II}}: {{S}}ubjecthood and argument structure},
	editor = {Laura R. Bailey and Michelle Sheehan},
	pages = {115-152},
	doi = {10.5281/zenodo.1116761},
	publisher = {Language Science Press},
	series = {Open Generative Syntax},
	title = {Flexibility in symmetry: {{A}}n implicational relation in {{Bantu}} double object constructions},
	year = {2017}
}

@incollection{Ynglès1991,
	address = {Barcelona},
	author = {Ynglès, M. Teresa},
	bilal = {Royo},
	booktitle = {Homenantge a {Josep Roca-Pons}: {{{E}}}studis de llengua i literatura},
	editor = {Jane White Albrecht and Janet Ann DeCesaris and Patricia V. Lunn and Josep Miquel Sobrer},
	pages = {271--308},
	publisher = {Publicacions de l’Abadia de Montserrat, Indiana University},
	sortname = {Yngles, M. Teresa},
	title = {Les relacions semàntiques del cas datiu},
	year = {1991}
}

@incollection{WoodMarantz2017,
	address = {Oxford},
	author = {Wood, Jim and Marantz, Alec},
	booktitle = {The verbal domain},
	doi = {10.1093/oso/9780198767886.001.0001},
	editor = {Roberta D’Alessandro and Irene Franco and Ángel J. Gallego},
	pages = {255--278},
	publisher = {Oxford University Press},
	title = {The interpretation of external arguments},
	year = {2017}
}

@incollection{Viñas-de-Puig2017,
	address = {Columbus, OH},
	author = {Viñas-de-Puig, Ricard},
	bilal = {Royo},
	booktitle = {Contemporary advances in theoretical and applied {{Spanish}} linguistics variation},
	editor = {Juan J. Colomina-Almiñana},
	pages = {201--224},
	publisher = {The Ohio State University Press},
	sortname = {Vinas-de-Puig, Ricard},
	title = {Psych predicates, light verbs, and phase theory: {{O}}n the implications of case assignment to the experiencer in non-leísta experience predicates},
	year = {2017}
}

@incollection{Vincent1997,
	address = {London},
	author = {Vincent, Nigel},
	bilal = {Ledgeway},
	booktitle = {The dialects of {{I}}taly},
	editor = {Maiden, Martin and Parry, Mair},
	pages = {208--213},
	publisher = {Routledge},
	title = {Prepositions},
	year = {1997}
}

@incollection{TsedrykInPress,
	address = {Ann Arbor, MI},
	author = {Tsedryk, Egor},
	bilal = {Tsedryk},
	booktitle = {{Formal Approaches to {Slavic} Linguistics ({FASL})} \#26: {{T}}he First {Urbana-Champaign} Meeting 2017},
	editor = {Tania Ionin and Jonathan MacDonald},
	pages = {398--416},
	publisher = {Michigan Slavic Publications},
	title = {Introducing possessors in {{Russian}}: {{A}} new perspective based on the single argument introducer},
	year = {2020}
}

@incollection{Tsedryk2018,
	address = {Ann Arbor, MI},
	author = {Tsedryk, Egor},
	bilal = {Tsedryk},
	booktitle = {{Formal Approaches to {Slavic} Linguistics ({FASL})} \#25: {{T}}he Third {Cornell} Meeting 2016},
	editor = {Wayles Browne and Miloje Despic and Naomi Enzinna and Simone Harmath-de Lemos and Robin Karlin and Draga Zec},
	pages = {298--317},
	publisher = {Michigan Slavic Publications},
	title = {{Dative}-infinitive constructions in {{Russian}}: {{A}}re they really biclausal?},
	year = {2018}
}

@incollection{Trumper2003,
	address = {Oxford},
	author = {Trumper, John B.},
	bilal = {Ledgeway},
	booktitle = {The syntax of {{I}}talian dialects},
	editor = {Tortora, Christina},
	pages = {229--249},
	publisher = {Oxford University Press},
	title = {The misunderstood double marking of indirect objects and new infinitive strategies in unexpected places: {{A}} brief study of {{R}}omance variation},
	year = {2003}
}

@incollection{Treviño1992,
	address = {Amsterdam},
	author = {Treviño, Esthela},
	bilal = {Sheehan},
	booktitle = {{Romance} languages and modern linguistic theory},
	doi = {10.1075/cilt.91},
	editor = {Paul Hirschbüler and E. F. K. Koerner},
	pages = {309--324},
	publisher = {John Benjamins},
	sortname = {Trevino, Esthela},
	title = {Subjects in {{Spanish}} causative constructions},
	year = {1992}
}

@incollection{TorresMoraisBerlinck2007,
	address = {São Paulo},
	author = {Torres Morais, Maria Aparecida and Berlinck, Rosane},
	bilal = {Calindro},
	booktitle = {Descrição, história e aquisição do português brasileiro},
	editor = {Castilho, Ataliba and Torres Morais, Maria Aparecida and Lopes, Ruth and Cyrino, Sônia},
	publisher = {Pontes},
	title = {‘Eu disse pra ele’ ou ‘disse-lhe a ele’: {{A}} expressão do dativo nas variedades brasileira e europeia do português. {[‘Eu disse para ele’ or ‘disse-lhe a ele’: {{T}}he dative expression in {{Brazilian}} and {{European} {Portuguese}} varieties]}},
	year = {2007}
}

@incollection{TorresMoraisBerlinck2006,
	address = {Salvador},
	author = {Torres Morais, Maria Aparecida  and Berlinck, Rosane},
	bilal = {Calindro},
	booktitle = {Novos dados, novas análises},
	editor = {Tania Lobo and Ilza Ribeiro and Zenaide Carneiro and Norma Almeida},
	pages = {73--106},
	publisher = {EDUFBA},
	title = {A caracterização do objeto indireto no português: {{A}}spectos sincrônicos e diacrônicos {[The characterization of the indirect object in {{Portuguese}}: {{S}}ynchronic and diachronic aspects]}},
	year = {2006}
}

@incollection{TollanOxford2018,
	address = {Somerville, MA},
	author = {Tollan, Rebecca and Oxford, Will},
	bilal = {Cuervo},
	booktitle = {{Proceedings of the 35th {{West} Coast Conference on Formal Linguistics ({WCCFL})}}},
	editor = {Wm. G. Bennett and Lindsay Hracs and Dennis Ryan Storoshenko},
	pages = {399--408},
	publisher = {Cascadilla Proceedings Project},
	title = {Voice-less unergatives: {{{E}}}vidence from {{Algonquian}}},
	year = {2018}
}

@incollection{Tatevosov2010,
	address = {Ann Arbor, MI},
	author = {Tatevosov, Sergei},
	bilal = {Antonyuk},
	booktitle = {{Formal Approaches to {Slavic} Linguistics ({FASL})} \#18: {{T}}he {Cornell} Meeting 2009},
	editor = {Wayles Browne},
	pages = {289--302},
	publisher = {Michigan Slavic Publications},
	title = {Building intensive resultatives},
	year = {2010}
}

@incollection{Talmy1978,
	address = {Stanford, CA},
	author = {Talmy, Leonard},
	bilal = {Calindro},
	booktitle = {Universals in human  language},
	editor = {Greenberg, Joseph},
	pages = {625--649},
	publisher = {Stanford University Press},
	title = {Figure and ground in complex sentences},
	year = {1978}
}

@incollection{Svenonius2010,
	address = {Oxford},
	author = {Svenonius, Peter},
	bilal = {Fabregas -> NOT CITED IN-TEXT!},
	booktitle = {Mapping Spatial {{PP}}s: {{C}}artography of Syntactic Structures, vol.~6},
	editor = {Cinque, Guglielmo and Rizzi, Luigi},
	note = {prepublication draft available at http://ling.auf.net/lingBuzz/000001},
	pages = {127--160},
	publisher = {Oxford University Press},
	title = {Spatial prepositions in {{English}}},
	year = {2010}
}

@incollection{Svenonius2008,
	address = {Frankfurt am Main},
	author = {Svenonius, Peter},
	bilal = {Antonyuk},
	booktitle = {Formal description of {{Slavic}} languages},
	editor = {Gerhild Zybatow and Luka Szucsich and Uwe Junghanns and Roland Meyer},
	pages = {526--537},
	publisher = {Peter Lang},
	title = {{Russian} prefixes are phrasal},
	year = {2008}
}

@incollection{Svenonius2007,
	address = {Amsterdam},
	author = {Svenonius, Peter},
	bilal = {Cuervo, Antonyuk},
	booktitle = {Argument structure},
	editor = {Eric Reuland and Tanmoy Bhattacharya and Giorgos Spathas},
	pages = {63--103},
	publisher = {John Benjamins},
	title = {Adpositions, particles, and the arguments they introduce},
	year = {2007}
}

@incollection{Svenonius2004Arguments,
	address = {Philadelphia, PA},
	author = {Svenonius, Peter},
	bilal = {Calindro},
	booktitle = {Argument Structure},
	editor = {Eric Reuland and Tammoy Bhattacharya and Giorgos Spathas},
	pages = {63--103},
	publisher = {John Benjamins},
	title = {Adpositions, particles and the arguments they introduce},
	year = {2004}
}

@incollection{Suñer1989,
	address = {Amsterdam},
	author = {Suñer, Margarita},
	bilal = {Manzini},
	booktitle = {{Studies in {{{Romance}}} linguistics: {{S}}elected proceedings from {Linguistic Symposium on {{Romance}} Languages} {{XVII}}}},
	editor = {Carl Kirschner and Janet DeCesaris},
	pages = {377--395},
	publisher = {John Benjamins},
	sortname = {Suner, Margarita},
	title = {Dialectal variation and clitic-doubled direct objects},
	year = {1989}
}

@incollection{Stegovec2017,
	address = {Somerville, MA},
	author = {Stegovec, Adrian},
	bilal = {Sheehan},
	booktitle = {{Proceedings of the 34th {{West} Coast Conference on Formal Linguistics ({WCCFL})}}},
	editor = {Aaron Kaplan and Abby Kaplan and Miranda K. McCarvel and Edward J. Rubin},
	pages = {498--508},
	publisher = {Cascadilla Proceedings Project},
	title = {Between you and me: {{T}}wo cross-linguistic generalizations on person restrictions},
	year = {2017}
}

@incollection{Stegovec2015,
	address = {Vancouver},
	author = {Stegovec, Adrian},
	bilal = {Cornilescu},
	booktitle = {{Proceedings of the poster session of the 33rd {{West} Coast Conference on Formal Linguistics ({WCCFL})}}},
	editor = {Pocholo Umbal},
	pages = {131--140},
	publisher = {Simon Fraser University Working Papers in Linguistics},
	title = {It’s not {Case}, it’s person! {{R}}eassessing the {{PCC}} and clitic restrictions in {O’odham} and {{Warlpiri}}},
	year = {2015}
}

@incollection{SquillaciInpress,
	address = {Belgrade},
	author = {Squillaci, Maria Olimpia},
	bilal = {Ledgeway},
	booktitle = {{Selected papers from the {{XV} International Conference on Minority Languages}}},
	publisher = {University of Belgrade},
	title = {When a language becomes old: {{T}}he case of {Calabrian {Greek}}},
	year = {forthcoming}
}

@incollection{Sportiche1996,
	address = {Dordrecht},
	author = {Sportiche, Dominique},
	bilal = {Fabregas, Manzini, Cabre},
	booktitle = {Phrase structure and the lexicon},
	editor = {Johan Rooryck and Laurie Zaring},
	pages = {213--276},
	publisher = {Kluwer},
	title = {Clitic constructions},
	year = {1996}
}

@incollection{SobreroMiglietta2005,
	address = {Roma},
	author = {Sobrero, Alberto A. and Miglietta, Annarita},
	bilal = {Ledgeway},
	booktitle = {Lingue, istituzioni, territori. {{R}}iflessioni teoriche proposte metodologiche ed esperienze di politica linguistica. {{A}}tti del {XXXVIII} Congrsso internazionale di Studi della Società di Linguistica {Italiana}, (Modena, 23-25 settembre 2004)},
	editor = {Guardiano, Cristina and Calaresu, Emilia and Robustelli, Cecilia and Carli, Augusto},
	pages = {209--226},
	publisher = {Bulzoni},
	title = {Politica linguistica e presenza del grico in {{Salento}}, oggi},
	year = {2005}
}

@incollection{Skorniakova2009,
	address = {Cambridge},
	author = {Skorniakova, Oxana},
	bilal = {Cuervo},
	booktitle = {Formal studies in {{Slavic}} linguistics},
	editor = {Anastasia Smirnova and Vedrana Mihaliček and Lauren Ressue},
	pages = {166--196},
	publisher = {Cambridge Scholars Publishing},
	title = {Syntactic and semantic properties of {{Russian}} dative "subjects"},
	year = {2009}
}

@incollection{SimpsonWithgott1986,
	address = {Orlando, FL},
	author = {Simpson, Jane and Withgott, Meg},
	bilal = {Sheehan},
	booktitle = {The syntax of pronominal clitics},
	editor = {Hagit Borer},
	pages = {149--174},
	publisher = {Academic Press},
	title = {Pronominal clitic clusters and templates},
	year = {1986}
}

@incollection{Silverstein1976,
	address = {Canberra},
	author = {Silverstein, Michael},
	bilal = {Ledgeway},
	booktitle = {Ergativity: {{T}}owards a Study of Grammatical Relations},
	editor = {Dixon, Robert M. W.},
	pages = {112--171},
	publisher = {Australian Institute of Aboriginal Studies},
	title = {Hierarchies of features and ergativity: {{G}}rammatical categories in {{A}}ustralian languages},
	year = {1976}
}

@incollection{SheehanvanderWal2016,
	address = {Somerville, MA},
	author = {Sheehan, Michelle and van der Wal, Jenneke },
	booktitle = {{Proceedings of the 33rd {{West} Coast Conference on Formal Linguistics}}},
	editor = {Kyeong-min Kim and Pocholo Umbal and Trevor Block and Queenie Chan and Tanie Cheng and Kelli Finney and Mara Katz and Sophie Nickel-Thompson and Lisa Shorten},
	pages = {351–360},
	publisher = {Cascadilla Proceedings Project},
	title = {Do we need abstract Case?},
	year = {2016}
}

@incollection{SheehanCyrino2016,
	address = {Amsterdam},
	author = {Sheehan, Michelle and Cyrino, Sonia},
	bilal = {Sheehan},
	booktitle = {{Romance} languages and linguistic theory},
	editor = {Ernestina Carrilho and Alexandra Fieis and Maria Lobo and Sandra Pereira},
	pages = {279--304},
	publisher = {John Benjamins},
	title = {Variation and change in the faire-par causative},
	year = {2016}
}

@incollection{Schwarze2001,
	address = {Chicago, IL},
	author = {Schwarze, Christoph},
	bilal = {Cabre},
	booktitle = {Proceedings of the {LFG}'01 conference},
	editor = {Myriam Butt and Tracy Holloway King},
	pages = {1–-24},
	publisher = {CSLI Publications},
	title = {On the representation of {{French}} and {{Italian}} clitics},
	year = {2001}
}

@incollection{SchifanoSheehan2017,
	address = {Amsterdam},
	author = {Schifano, Norma and Sheehan, Michelle},
	bilal = {Sheehan},
	booktitle = {Structuring variation in {{Romance}} linguistics and beyond: {{I}}n honour of {Leonardo M. {{S}}avoia}},
	editor = {Mirko Grimaldi and Rosangela Lai and Ludovico Franco and Benedetta Baldi},
	isbn = {9789027201904},
	pages = {161--175},
	publisher = {John Benjamins},
	title = {{Italian} \textit{faire-infinitives}: {{T}}he special case of \textit{volere}},
	year = {2017}
}

@incollection{Rossello2008,
	address = {Barcelona},
	author = {Rosselló, Joana},
	bilal = {Royo},
	booktitle = {Gramàtica del català contemporani},
	editor = {Solà, Joan and Lloret, Maria-Rosa and Mascaró, Joan and Pérez Saldanya, Manuel},
	vol = {3},
	edition = {4},
	pages = {1853--1949},
	publisher = {Editorial Empúries},
	sortname = {Rossello, Joana},
	title = {El {{SV}}, {{I}}: {{V}}erbs i arguments verbals},
	year = {2008}
}

@incollection{Romero2012,
	address = {Oxford},
	author = {Romero, Juan},
	bilal = {Cabre},
	booktitle = {Variation in datives: {{A}} microcomparative perspective},
	editor = {Beatriz Fernández and Ricardo Etxepare},
	pages = {283–-300},
	publisher = {Oxford University Press},
	title = {Accusative datives in {{Spanish}}},
	year = {2012}
}

@incollection{Romano2008,
	author = {Romano, Antonio},
	bilal = {Ledgeway},
	booktitle = {Il griko nel terzo millennio: `speculazioni' su una lingua in agonia},
	editor = {Romano, Antonio and Marra, Piersaverio},
	pages = {13--47},
	publisher = {Il Laboratorio},
	title = {{Riflessioni} preliminari sulla situazione linguistica della {{G}}rec{\`\i}a salentina},
	year = {2008}
}

@incollection{RiveroArregui2012,
	address = {New York, NY},
	author = {Rivero, María Luisa and Ana Arregui},
	bilal = {Tsedryk},
	booktitle = {Telicity, change, and state: {{A}} cross-categorial view of event structure},
	editor = {Violeta Demonte and Louise McNally},
	pages = {300--332},
	publisher = {Oxford University Press},
	sortname = {Rivero, Maria Luisa and Ana Arregui},
	title = {Building involuntary states in {{Slavic}}},
	year = {2012}
}

@incollection{Rezac2010,
	address = {Oxford},
	author = {Rezac, Milan},
	bilal = {Cabre},
	booktitle = {Defective paradigms: {{M}}issing forms and what they tell us},
	editor = {Matthew Baerman and Greville G. Corbett and Dunstan Brown},
	pages = {151-–180},
	publisher = {Oxford University Press},
	title = {Ineffability through modularity: {{G}}aps in the {{French}} clitic cluster},
	year = {2010}
}

@incollection{RappaportHovavLevin2010,
	address = {Oxford},
	author = {Rappaport Hovav, Malka and Levin, Beth},
	bilal = {Basilico},
	booktitle = {Syntax, lexical semantics, and event structure},
	editor = {Doron, Edit and Rappaport Hovav, Malka and Sichel, Ivy},
	pages = {21--38},
	publisher = {Oxford University Press},
	title = {Reflections on manner/result complementarity},
	year = {2010}
}

@incollection{RappaportHovavLevin1999,
	address = {Stanford, CA},
	author = {Rappaport Hovav, Malka and Levin, Beth},
	bilal = {Basilico},
	booktitle = {The projection of arguments: {{L}}exical and compositional factors},
	editor = {Butt, Miriam and Geuder, Wilhelm},
	pages = {97--134},
	publisher = {CSLI Publications},
	title = {Building verb meanings},
	year = {1999}
}

@incollection{Ramos2004,
	address = {València},
	author = {Ramos, Joan-Rafael},
	bilal = {Royo},
	booktitle = {Lingüística diacrònica contrastiva},
	editor = {Calvo, Cesáreo and Casanova, Emili and Satorre, Fco. Javier },
	pages = {119--139},
	publisher = {Universitat de València},
	title = {El règim verbal: {{A}}nàlisi contrastiva català-castellà},
	year = {2004}
}

@incollection{Ramos2002,
	address = {Alacant},
	author = {Ramos, Joan-Rafael},
	bilal = {Royo},
	booktitle = {Les claus del canvi lingüístic ({Symposia Philologica} 5)},
	editor = {Cano, M. Antònia and Martines, Josep and Martines, Vicent and Ponsoda, Joan J.},
	pages = {397--428},
	publisher = {Institut Interuniversitari de Filologia Valenciana, Ajuntament de Nucia, Caja de Ahorros del Mediterráneo},
	title = {Factors del canvi sintàctic},
	year = {2002}
}

@incollection{Pujalte2015,
	address = {Madrid},
	author = {Pujalte, Mercedes},
	bilal = {Cuervo},
	booktitle = {Los predicados psicológicos},
	editor = {Rafael Marín},
	pages = {111--144},
	publisher = {Visor},
	title = {Hacia un análisis unificado de los predicados psicológicos estativos en español},
	year = {2015}
}

@incollection{Profili1985,
	address = {Aix-en-Provence},
	author = {Profili, Olga},
	bilal = {Ledgeway},
	booktitle = {Actes du {XVII}e congrès international de linguistique et de philologie romanes},
	pages = {129--139},
	publisher = {Université de Provence},
	title = {{La} romanisation d'un parler grec de l'{{I}}talie du sud par les parlers romans environnants},
	year = {1985}
}

@incollection{Postal1990,
	address = {Chicago, IL},
	author = {Postal, Paul M.},
	bilal = {Sheehan},
	booktitle = {Studies in {Relational Grammar} 3},
	editor = {Paul Postal and Brian Joseph},
	pages = {104--200},
	publisher = {University of Chicago Press},
	title = {{French} indirect object demotion},
	year = {1990}
}

@incollection{Polinsky2013,
	address = {Leipzig},
	author = {Polinsky, Maria},
	bilal = {Cuervo},
	booktitle = {The world atlas of language structures online},
	editor = {Matthew Dryer and Martin Haspelmath},
	publisher = {Max Planck Institute for Evolutionary Anthropology},
	title = {Applicative constructions},
	year = {2013}
}

@incollection{Piñón1997,
	address = {Ithaca, NY},
	author = {Piñón, Christopher},
	bilal = {Fabregas},
	booktitle = {Proceedings of {Semantics and Linguistic Theory ({SALT}) {VII}}},
	editor = {Aaron Lawson},
	pages = {276--293},
	publisher = {{CLC} Publications},
	sortname = {Pinon, Christopher},
	title = {Achievements in an event semantics},
	year = {1997}
}

@incollection{Pineda2014,
	address = {Amsterdam},
	author = {Pineda, Anna},
	bilal = {Manzini},
	booktitle = {{{Romance}} languages and linguistic theory 2012},
	editor = {Stefania Marzo and Karen Lahousse},
	pages = {123--139},
	publisher = {John Benjamins},
	title = {What lies behind dative/accusative alternations in {{Romance}}},
	year = {2014}
}

@incollection{Pineda2012,
	address = {Oviedo},
	author = {Pineda, Anna},
	bilal = {Royo},
	booktitle = {Estudios sobre variación sintáctica peninsular},
	editor = {Xulio Viejo Fernández},
	pages = {31--73},
	publisher = {Trabe},
	title = {Transitividad y afectación en el entorno lingüístico romance y eusquérico},
	year = {2002}
}

@incollection{PesetskyTorrego2007,
	address = {Amsterdam},
	author = {Pesetsky, David and Torrego, Esther},
	bilal = {Cornilescu},
	booktitle = {Phrasal and clausal architecture: {{S}}yntactic derivation and interpretation},
	editor = {Simin Karimi and Vida Samiian and Wendy K. Wilkins},
	pages = {262--294},
	publisher = {John Benjamins},
	title = {The syntax of valuation and the interpretability of features},
	year = {2007}
}

@incollection{OrmazabalRomero2010,
	address = {Amsterdam},
	author = {Ormazabal, Javier and Romero, Juan},
	bilal = {Sheehan, Ledgeway},
	booktitle = {Argument structure and syntactic relations from a crosslinguistic perspective},
	editor = {Maia Duguine and Susana Huidobro and Nerea Madariaga},
	pages = {203--232},
	publisher = {John Benjamins},
	title = {The derivation of dative alternations},
	year = {2010}
}

@incollection{Næss2009,
	address = {Oxford},
	author = {Næss, Åshild},
	bilal = {Fabregas, Cabre},
	booktitle = {The {{Oxford}} handbook of case},
	editor = {Andrej L. Malchukov and Andrew Spencer},
	pages = {572--581},
	publisher = {Oxford University Press},
	sortname = {Naess, Ashild},
	title = {Varieties of dative},
	year = {2009}
}

@incollection{Nevins2012,
	address = {Oxford},
	author = {Nevins, Andrew},
	bilal = {Cabre},
	booktitle = {The morphology and phonology of exponence: {{T}}he state of the art},
	editor = {Jochen Trommer},
	pages = {84--116},
	publisher = {Oxford University Press},
	title = {Haplological dissimilation at distinct stages of exponence},
	year = {2012}
}

@incollection{Mylne1999,
	author = {Mylne, Tom},
	booktitle = {A Feature-based System for Classifying Semantic Roles},
	note = {Proceedings of the 1999 Conference of the Australian Linguistic Society},
	title = {A Feature-based System for Classifying Semantic Roles},
	year = {1999}
}

@incollection{MendivilGiro2005,
	address = {Frankfurt},
	author = {Mendívil Giró, José Luis},
	bilal = {Royo},
	booktitle = {Entre semántica léxica, teoría del léxico y sintaxis},
	editor = {Gerd Wotjak and Juan Cuartero Otal},
	pages = {261--272},
	publisher = {Peter Lang},
	sortname = {Mendivil Giro, Jose Luis},
	title = {El comportamiento variable de "molestar": {{A}} {Luisa} le molesta que la molesten},
	year = {2005}
}

@incollection{MatrasSakel2007,
	address = {Berlin},
	author = {Matras, Yaron and Sakel, Jeanette},
	bilal = {Ledgeway},
	booktitle = {Grammatical borrowing in cross-linguistic perspective},
	editor = {Matras, Yaron and Sakel, Jeanette},
	pages = {1--13},
	publisher = {Walter de Gruyter},
	title = {Introduction},
	volume = {38},
	year = {2007}
}



@incollection{Martino1980,
	address = {Roma},
	author = {Martino, Paolo},
	bilal = {Ledgeway},
	booktitle = {I dialetti e le lingue delle minoranze di fronte all'italiano. {{A}}tti dell'{XI} congresso internazionale di studi. {{C}}agliari 27-30 maggio 1977},
	editor = {Albano Leoni, Federico},
	pages = {305--341},
	publisher = {Bulzoni},
	title = {L'isola grecanica dell'{{A}}spromonte: {{A}}spetti sociolinguistici},
	year = {1980}
}

@incollection{Marra2008,
	author = {Marra, Piersaverio},
	bilal = {Ledgeway},
	booktitle = {Il griko nel terzo millennio: `speculazioni' su una lingua in agonia},
	editor = {Romano, Antonio and Marra, Piersaverio},
	pages = {49--100},
	publisher = {Il Laboratorio},
	title = {Un'indagine sociolinguistica nella {{G}}rec{\`\i}a salentina: `speculazioni' su una lingua in agonia},
	year = {2008}
}

@incollection{Markman2009,
	address = {Amherst, MA},
	author = {Markman, Vita},
	bilal = {Tsedryk},
	booktitle = {Proceedings of {{North} {East} Linguistic Society ({NELS})} 38},
	editor = {Anisa Schardl and Martin Walkow and Muhammad Abdurrahman},
	pages = {123--134},
	publisher = {GLSA Publications},
	title = {Applicatives {{TO}}, {{FROM}}, and {{AT}}: {{O}}n dative and locative possessors in {{Russian}}},
	volume = {2},
	year = {2009}
}

@incollection{Marantz1993,
	address = {Stanford, CA},
	author = {Marantz, Alec},
	bilal = {Antonyuk, Calindro, Sheehan, Ledgeway},
	booktitle = {Theoretical aspects of {{Bantu}} grammar},
	editor = {Mchombo, Sam A.},
	pages = {113--150},
	publisher = {CSLI Publications},
	title = {Implications of asymmetries in double object constructions},
	year = {1993}
}

@incollection{Manzini2012,
	address = {Amsterdam},
	author = {Manzini, M. Rita},
	bilal = {Manzini},
	booktitle = {{{{Romance}}} languages and linguistics 2010. {{S}}elected papers from {‘Going {{Romance}}’ {Leiden}} 2010},
	editor = {Irene Franco and Sara Lusini and Andrés Saab},
	pages = {1--20},
	publisher = {John Benjamins},
	title = {From {{Romance}} clitics to case: {{S}}plit accusativity and the {Person Case Constraint}},
	year = {2012}
}

@incollection{Levin1999,
	address = {Chicago, IL},
	author = {Levin, Beth},
	bilal = {Basilico},
	booktitle = {Papers from the 35th {Regional Meeting of the {Chicago} Linguistic Society ({CLS}), 1: {{T}}he Main Session}},
	editor = {Billings, Sabrina J. and Boyle, John P. and Griffith, Aaron M.},
	pages = {223--247},
	publisher = {Chicago Linguistic Society},
	title = {Objecthood: {{A}}n event structure perspective},
	year = {1999}
}

@incollection{LedgewaySchifanoSilvestriInpress,
	author = {Ledgeway, Adam and Schifano, Norma and Silvestri, Giuseppina},
	bilal = {Ledgeway},
	booktitle = {{Atti} del {{IV} Convegno} internazionale di dialettologia - {Progetto A. {{L}}. {{B}}a}},
	editor = {Del Puente, Patrizia},
	publisher = {Calice Editore},
	title = {Variazione nella codifica degli argomenti verbali nelle varietà romanze e greche della Calabria meridionale: “dativo greco” e marca differenziale dell’oggetto diretto},
	year = {forthcoming}
}


@incollection{Ledgeway2016,
	address = {Oxford},
	author = {Ledgeway, Adam},
	booktitle = {The {Oxford} Guide to {Romance} Languages},
	editor = {Adam Ledgeway and Martin Maiden},
	pages = {246--269},
	publisher = {Oxford University Press},
	title = {The dialects of southern {Italy}},
	year = {2016}
}

@incollection{Ledgeway2013,
	address = {Patras},
	author = {Ledgeway, Adam},
	bilal = {Ledgeway},
	booktitle = {{Proceedings of the 5th {International Conference on Modern {Greek} Dialects and Linguistic Theory ({MGDLT})}}},
	editor = {Janse, Mark and Joseph, Brian D. and Ralli, Angela and Bagriacik, Metin},
	pages = {184--228},
	publisher = {Laboratory of Modern Greek Dialects, University of Patras},
	title = {{Greek} disguised as {{Romance}}? {{T}}he case of southern {{Italy}}},
	url = {http://hdl.handle.net/1854/LU-4211390},
	year = {2013}
}

@incollection{Kulikov2001,
	address = {Berlin},
	author = {Kulikov, Leonid},
	booktitle = {Language Typology and Language Universals: {{A}}n International Handbook},
	editor = {Haspelmath Martin},
	pages = {886–898},
	publisher = {Walter De Gruyter},
	title = {Causatives},
	volume = {2},
	year = {2001}
}

@incollection{Krifka1989,
	address = {Dordrecht},
	author = {Krifka, Manfred},
	bilal = {Fabregas},
	booktitle = {Semantics and contextual expressions},
	editor = {Bartsch, Renate and van Benthem, Johan and van Emde-Boas, Peter},
	pages = {75--115},
	publisher = {Foris},
	title = {Nominal reference, temporal constitution and quantification in event semantics},
	year = {1989}
}

@incollection{Kratzer2019,
	address = {Stanford},
	author = {Kratzer, Angelika},
	bilal = {Tsedryk},
	booktitle = {{Stanford} Encyclopedia of Philosophy},
	editor = {Edward N. Zalta},
	note = {Summer 2019 edn. First published Mon Feb 12, 2007; substantive revision Wed Feb 6, 2019},
	publisher = {Metaphysics Research Lab, Stanford University},
	url = {https://plato.stanford.edu/archives/sum2019/entries/situations-semantics/},
	year = 2019,
	title   = {Situations in natural language semantics}
}


@incollection{Kratzer1996,
	address = {Dordrecht},
	author = {Kratzer, Angelika},
	bilal = {Cuervo, Tsedryk, Basilico},
	booktitle = {Phrase structure and the lexicon},
	editor = {Johan Rooryck and Laurie Zaring},
	pages = {109--137},
	publisher = {Kluwer},
	title = {Severing the external argument from its verb},
	year = {1996}
}

@incollection{Kratzer1995,
	address = {Chicago, IL},
	author = {Kratzer, Angelika},
	bilal = {Fabregas},
	booktitle = {The generic book},
	editor = {Carlson, Gregory N. and Pelletier, Francis Jeffry},
	pages = {125--175},
	publisher = {The University of Chicago Press},
	title = {Stage-level and individual-level predicates},
	year = {1995}
}

@incollection{KozinskyNedjalkovPolinskaja1988,
	address = {Amsterdam},
	author = {Kozinsky, Ivan and Nedjalkov, Victor and Polinskaja, Maria},
	bilal = {Basilico},
	booktitle = {Passive and voice},
	editor = {Shibatanni, Masayoshi},
	pages = {651--707},
	publisher = {John Benjamins},
	title = {Antipassive in {Chukchee}: {{O}}blique object, object incorporation, zero object},
	year = {1988}
}

@incollection{Kiparsky2008,
	address = {Oxford},
	author = {Kiparsky, Paul},
	bilal = {Manzini},
	booktitle = {Linguistic universals and language change},
	editor = {Jeff Good},
	pages = {23--53},
	publisher = {Oxford University Press},
	title = {Universals constrain change, change results in typological generalizations},
	year = {2008}
}

@article{Kim2012affectees,
	author = {Kim, Kyumin},
	bilal = {Cuervo},
	doi = {10.1353/cjl.2012.0002},
	journal = {The Canadian Journal of Linguistics / La Revue Canadienne de Linguistique},
	number = {1},
	pages = {77--107},
	title = {Affectees in subject position and applicative theory},
	volume = {57},
	year = {2012}
}

@article{Kim2011high,
	author = {Kim, Kyumin},
	bilal = {Cuervo},
	doi = {10.1016/j.lingua.2010.10.001},
	journal = {The Canadian Journal of Linguistics / La Revue Canadienne de Linguistique},
	number = {3},
	pages = {487--510},
	title = {High applicatives in {{Korean}} causatives and passives},
	volume = {121},
	year = {2011}
}

@thesis{Kim2011thesis,
	address = {Toroto, ON},
	author = {Kim, Kyumin},
	school = {University of Toronto},
	title = {Exxternal Argument Introducers},
	type = {dissertation},
	url = {https://tspace.library.utoronto.ca/handle/1807/31805},
	year = {2011}
}

@incollection{Kim2012heads,
	address = {Bingley, UK},
	author = {Kim, Kyumin},
	booktitle = {The End of Argument Structure?},
	editor = {María Cristina Cuervo and Yves Roberge},
	pages = {131–154},
	publisher = {Emerald Group Publishing Limited},
	title = {External Argument-Introducing Heads: {{V}}oice and {Appl}},
	year = {2012}
}

@incollection{Kayne2010,
	address = {Amsterdam},
	author = {Kayne, Richard S.},
	bilal = {Cabre},
	booktitle = {{Romance} languages and Linguistic theory 2008},
	editor = {Brigitte Kampers-Manhe and Reineke Bok-Bennema and Bart Hollebrandse},
	pages = {145–-170},
	publisher = {John Benjamins},
	title = {Toward a syntactic reinterpretation of {Harris} and {{Halle}} (2005)},
	year = {2010}
}



@incollection{Kayne2003,
	address = {Lund},
	author = {Kayne, Richard S.},
	booktitle = {Grammar in Focus: {{F}}estschrift for {Christer} {Platzack}},
	editor = {Lars-Olof Delsing and Cecilia Falk and Gunlög Josefsson and Halldór {\'A}. Sigurðsson },
	pages = {209--226},
	publisher = {Wallin \& Dalholm},
	title = {Silent years, silent hours},
	volume = {II},
	year = {2003}
}

@incollection{Kayne1989,
	address = {Dordrecht},
	author = {Kayne, Richard S.},
	bilal = {Manzini},
	booktitle = {Dialect variation and the theory of grammar},
	editor = {Paola Benincà},
	pages = {85–-103},
	publisher = {Foris},
	title = {Facets of {{Romance}} past participle agreement},
	year = {1989}
}

@incollection{KatoCyrinoCorrêa2009,
	address = {Berlin},
	author = {Kato, Mary and Cyrino, Sonia and Corrêa, Vilma},
	bilal = {Calindro},
	booktitle = {Minimalist inquiries into child and adult language acquisition},
	editor = {Acrisio Pires and Jason Rothman},
	pages = {245--272},
	publisher = {Mouton de Gruyter},
	sortname = {Kato, Mary and Cyrino, Sonia and Correa, Vilma},
	title = {{{Brazilian Portuguese}} and the recovery of lost clitics through schooling},
	year = {2009}
}

@incollection{Kato2005,
	address = {Braga},
	author = {Kato, Mary},
	bilal = {Calindro},
	booktitle = {Ciências da linguagem: {{T}}rinta anos de investigação e ensino},
	editor = {Maria Marques and Erwin Koller},
	pages = {131--145},
	publisher = {CEHUM},
	title = {Gramática do letrado: {{Q}}uestões para a teoria gramatical},
	year = {2005}
}

@incollection{JónssonEythórsson2011,
	address = {Berlin},
	author = {Jónsson, Jóhannes Gísli and Thórhallur Eythórsson},
	booktitle = {{E}xpecting the unexpected: {{{E}}}xceptions in the grammar},
	editor = {Horst Simon and Heike Wiese},
	pages = {213--242},
	publisher = {Mouton de Gruyter},
	sortname = {Jonsson, Johannes Gisli and Thorhallur Eythorsson},
	title = {Structured exceptions and case selection in {Insular {Scandinavian}}},
	year = {2011}
}

@incollection{Jónsson2013a,
	address = {Oxford},
	author = {Jónsson, Jóhannes Gísli},
	booktitle = {Variation in datives. {{A}} microcomparative perspective},
	editor = {Beatriz Fernández and Ricardo Etxepare},
	pages = {144--160},
	publisher = {Oxford University Press},
	sortname = {Jonsson, Johannes Gisli},
	title = {{Dative} versus accusative and the nature of inherent case},
	year = {2013}
}

@incollection{Jónsson2009,
	address = {Amsterdam/Philadelphia},
	author = {Jónsson, Jóhannes Gísli},
	booktitle = {The role of semantic, pragmatic and discourse factors in the development of case},
	editor = {Jóhanna Barðdal and Shobhana Chelliah},
	pages = {203--224},
	publisher = {John Benjamins},
	sortname = {Jonsson, Johannes Gisli},
	title = {Verb classes and dative objects in {Insular {Scandinavian}}},
	year = {2009}
}

@incollection{Joseph1990,
	address = {London},
	author = {Joseph, Brian D.},
	bilal = {Ledgeway},
	booktitle = {The major languages of {{{{E}}}}astern {{{{E}}}}urope},
	editor = {Comrie, Bernard},
	pages = {144--173},
	publisher = {Routledge},
	title = {{Greek}},
	year = {1990}
}

@incollection{JohnsKucerova2017,
	address = {Oxford},
	author = {Johns, Alana and Kučerová, Ivona},
	bilal = {Basilico},
	booktitle = {{Oxford} handbook of ergativity},
	editor = {Coonn, Jessica and Massam, Diane and Travis, Lisa},
	pages = {397--418},
	publisher = {Oxford University Press},
	sortname = {Johns, Alana and Kucerova, Ivona},
	title = {On the morphosyntactic reflexes of the information structure analysis in the ergative patterning of the {Inuit} language},
	year = {2017}
}

@incollection{Isačenko1974,
	address = {The Hague},
	author = {Isačenko, Alexander V.},
	bilal = {Tsedryk},
	booktitle = {{{Slavic}} forum: {{{E}}}ssays in linguistics and literature},
	editor = {Michael Flier},
	pages = {43--77},
	publisher = {Mouton},
	sortname = {Isacenko, Alexander V.},
	title = {On have and be languages: {{A}} typological sketch},
	year = {1974}
}

@incollection{Hyman2002,
	address = {Dordrecht, NL},
	author = {Hyman, Larry M.},
	booktitle = {Yearbook of Morphology 2002},
	editor = {Geert Booij and Jaap van Marle},
	pages = {245–281},
	publisher = {Kluwer Academic Publishers},
	title = {Suffix ordering in {{Bantu}}: {{A}} morphocentric approach},
	year = {2002}
}

@incollection{Horrocks2007,
	address = {Cambridge},
	author = {Horrocks, Geoffrey},
	bilal = {Ledgeway},
	booktitle = {A history of ancient {{G}}reek: {{F}}rom the beginnings to late antiquity},
	editor = {Christidis, Anastasios Phoivos},
	pages = {618--631},
	publisher = {Cambridge University Press},
	title = {Syntax: {{F}}rom classical {{G}}reek to the {{K}}oine},
	year = {2007}
}

@incollection{HolmbergRoberts2009,
	address = {Cambridge, UK},
	author = {Holmberg, Anders and Ian Roberts},
	booktitle = {Parametric Variation: {{N}}ull Subjects in Minimalist Theory},
	editor = {Theresa Biberauer and Anders Holmberg and Ian Roberts and Michelle Sheehan},
	pages = {1–57},
	publisher = {Cambridge University Press},
	title = {Introduction: {{P}}arameters in Minimalist Theory},
	year = {2009}
}

@incollection{Higginbotham2004,
	address = {Cambridge, MA},
	author = {Higginbotham, James},
	bilal = {Franco},
	booktitle = {The Syntax of Time},
	editor = {Jacqueline Guéron and Jacqueline Lecarme},
	pages = {329–358},
	publisher = {MIT Press},
	title = {The {{English}} progressive},
	year = {2004}
}

@incollection{HarleyMiyagawa2017,
	address = {Oxford},
	author = {Harley, Heidi and Miyagawa, Shigeru},
	bilal = {Sheehan},
	booktitle = {{Oxford} Research Encyclopedia of Linguistics},
	doi = {10.1093/acrefore/9780199384655.013.186},
	editor = {Mark Aronoff},
	publisher = {Oxford University Press},
	title = {Syntax of ditransitives},
	year = {2017}
}

@incollection{HaradaLarson2009,
	address = {Cambridge, MA},
	author = {Harada, Naomi and Larson, Richard K.},
	bilal = {Cornilescu},
	booktitle = {{Proceedings of the {5th Workshop on Altaic Formal Linguistics ({WAFL})}}},
	editor = {Ryosuke Shibagaki and Reiko Vermeulen},
	pages = {109--120},
	publisher = {MIT Press},
	title = {Datives in {{Japanese}}},
	year = {2009}
}

@incollection{Hale2002,
	address = {Vitoria-Gasteiz},
	author = {Hale, Ken},
	bilal = {Basilico},
	booktitle = {Kasu eta {Komunztaduraren} gainean [On Case and Agreement]},
	editor = {Fernández, Beatriz and Albizu, Pablo},
	pages = {15--48},
	publisher = {Euskal Herriko Unibetsitatea},
	title = {Eccentric agreement},
	year = {2002}
}

@incollection{HaddicanHolmberg2012,
	address = {Somerville, MA},
	author = {Haddican, William and Anders Holmberg},
	booktitle = {{Proceedings of the 29th {{West} Coast Conference on Formal Linguistics}}},
	editor = {Jaehoon Choi and E. Alan Hogue and Jeffrey Punske and Deniz Tat and Jessamyn Schertz and Alex Trueman},
	pages = {72–80},
	publisher = {Cascadilla Proceedings Project},
	title = {Object Movement (A)symmetries in {{British}} {{English}} Dialects},
	year = {2012}
}

@incollection{GeorgalaEtAl2008,
	address = {Somerville, MA},
	author = {Georgala, Efthymia and Waltraud Paul and John Whitman},
	booktitle = {{Proceedings of the 26th {{West} Coast Conference on Formal Linguistics}}},
	editor = {Charles B. Chang and Hannah J. Haynie},
	publisher = {Cascadilla Proceedings Project},
	title = {Expletive and Thematic Applicatives},
	year = {2008}
}

@incollection{Ganeshan2014,
	address = {Fresno, CA},
	author = {Ganeshan, Ashwini},
	bilal = {Royo},
	booktitle = {Proceedings of {{WECOL}} 2013 (held at {{Arizona} State University, Tempe Campus, November 8-10, 2013)}},
	editor = {Renaud, Claire and Ghanem, Carla and González López, Verónica and Pruitt, Kathryn},
	pages = {73--84},
	publisher = {Department of Linguistics, California State University, Fresno},
	title = {Revisiting {{Spanish}} {{ObjE}}xp psych predicates},
	year = {2014}
}

@incollection{FábregasMarínMcNally2012,
	address = {New York, NY},
	author = {Fábregas, Antonio and Marín, Rafael and McNally, Louise},
	bilal = {Royo},
	booktitle = {Telicity, Change, and State: {{A}} Cross-Categorial View of Event Structure},
	editor = {Violeta Demonte and Louise McNally},
	pages = {162--185},
	publisher = {Oxford University Press},
	sortname = {Fabregas, Antonio and Marin, Rafael and McNally, Louise},
	title = {From psych verbs to nouns},
	year = {2012}
}

@incollection{FrascarelliHinterhölzl2007,
	address = {Amsterdam},
	author = {Frascarelli, Mara and Hinterhölzl, Roland},
	bilal = {Ledgeway},
	booktitle = {On information structure, meaning and form. {{G}}eneralizations across languages},
	doi = {10.1075/la.100.07fra},
	editor = {Schwabe, Kerstin and Winkler, Susanne},
	pages = {87--116},
	publisher = {John Benjamins Publishing Company},
	sortname = {Frascarelli, Mara and Hinterholzl, Roland},
	title = {Types of topics in {{G}}erman and {{I}}talian},
	year = {2007}
}

@incollection{Frascarelli2004,
	address = {Amsterdam},
	author = {Frascarelli, Mara},
	bilal = {Ledgeway},
	booktitle = {{Romance} languages and linguistic theory 2002: {{S}}elected papers from "{{G}}oing {{R}}omance," {{G}}roningen, 28-30 {{N}}ovember 2002},
	editor = {Reineke, Bok-Bennema and Hollebrandse, Bart and Kampers-Manhe, Brigitte and Sleeman, Petra},
	pages = {99--118},
	publisher = {John Benjamins Publishing Company},
	title = {Dislocation, clitic resumption and minimality: {{A}} comparative analysis of left and right topic constructions in {{I}}talian},
	volume = {256},
	year = {2004}
}

@incollection{FolliHarley2006,
	address = {Amsterdam},
	author = {Folli, Raffaella and Harley, Heidi},
	bilal = {Cuervo},
	booktitle = {{{{Romance}}} languages and linguistic theory 2004: {{S}}elected papers from {Going {{Romance}}}},
	editor = {Jenny Doetjes and Paz González},
	pages = {121--142},
	publisher = {John Benjamins Publishing},
	title = {Benefactives aren’t goals in {{Italian}}},
	year = {2006}
}

@incollection{FigueiredoSilva2007,
	address = {São Paulo},
	author = {Figueiredo Silva, Maria Cristina},
	bilal = {Calindro},
	booktitle = {Descrição, história e aquisição do português brasileiro},
	editor = {Castilho, Ataliba and Torres Morais, Maria Aparecida and Lopes, Ruth and Cyrino, Sonia},
	pages = {85--110},
	publisher = {FAPESP},
	title = {A perda do marcador dativo e algumas das suas  consequências {[The loss of the dative marker and some consequences]}},
	year = {2007}
}

@incollection{FernándezOrdóñez1999,
	address = {Madrid},
	author = {Fernández Ordóñez, Inés},
	bilal = {Fabregas},
	booktitle = {Leísmo, laísmo y loísmo},
	editor = {Gramática descriptiva de la lengua española},
	publisher = {Esposa},
	sortname = {Fernandez Ordonez, Ines},
	title = {Leísmo, laísmo y loísmo},
	pages = {1317-1398},
	year = {1999}
}

@incollection{Fanciullo2007,
	address = {Galatina},
	author = {Fanciullo, Franco},
	bilal = {Ledgeway},
	booktitle = {Nuove riflessioni sulla lessicografia. {{P}}resente, futuro e dintorni del Lessico etimologico italiano},
	editor = {Aprile, Marcello},
	pages = {233--245},
	publisher = {Congedo},
	title = {Greco e grecismi nel diasistema italo-romanzo. {{A}}lcune considerazioni},
	year = {2007}
}

@incollection{FabregasMarín2012,
	address = {Amsterdam, Philadelphia},
	author = {Fábregas, Antonio and Marín, Rafael},
	bilal = {Royo},
	booktitle = {{Romance} Languages and Linguistic Theory 2010: {{S}}elected Papers from `Going {Romance}' {Leiden} 2010, 4},
	editor = {Franco, Irene and Lusini, Sara and Saab, Andrés},
	pages = {41--64},
	publisher = {John Benjamins Publishing Company},
	sortname = {Fabregas, Antonio and Marin, Rafael},
	title = {State nouns are {Kimian} states},
	year = {2012}
}


@incollection{EtxepareOyharçabal2013,
	address = {Oxford},
	author = {Etxepare, Ricardo and Oyharçabal, Bernard},
	bilal = {Cuervo},
	booktitle = {Variation in datives: {{A}} microcomparative perspective},
	doi = {10.1093/acprof:oso/9780199937363.003.0003},
	editor = {Beatriz Fernandez and Ricardo Etxepare},
	pages = {50--95},
	publisher = {Oxford University Press},
	sortname = {Etxepare, Ricardo and Oyharcabal, Bernard},
	title = {Datives and adpositions in {Northeastern {Basque}}},
	year = {2013}
}

@incollection{Dimitriadis1999,
	address = {Dordrecht},
	author = {Dimitriadis, Alexis},
	bilal = {Ledgeway},
	booktitle = {Studies in {{Greek}} syntax},
	doi = {10.1007/978-94-015-9177-5_5},
	editor = {Alexiadou, Artemis and Horrocks, Geoffrey and Stavrou, Melita},
	pages = {95--112},
	publisher = {Kluwer},
	title = {On clitics, prepositions and case licensing in {{Standard} and {Macedonian Greek}}},
	year = {1999}
}


@incollection{Dikken1998,
	address = {Amsterdam},
	author = {den Dikken, Marcel},
	booktitle = {Possessors, Predicates and Movement in the Determiner Phrase},
	editor = {Artemis Alexiadou and Chris Wilder},
	pages = {177--214},
	publisher = {John Benjamins},
	title = {Predicate inversion in {DP}},
	year = {1998}
}

@incollection{DiTullio2015,
	address = {Madrid},
	author = {Di Tullio, Ángela},
	bilal = {Cuervo},
	booktitle = {Los predicados psicológicos},
	editor = {Rafael Marín},
	pages = {185--210},
	publisher = {Visor},
	sortname = {Di Tullio, Angela},
	title = {Variantes sintéticas y analíticas de los predicados psicológicos},
	year = {2015}
}

@incollection{DenDikken1998,
	address = {Amsterdam},
	author = {den Dikken, Marcel},
	bilal = {Franco},
	booktitle = {Possessors, Predicates and Movement in the Determiner Phrase},
	editor = {Artemis Alexiadou and Chris Wilder},
	pages = {177--214},
	publisher = {Benjamins},
	title = {Predicate inversion in {{DP}}},
	year = {1998}
}

@incollection{DemirdacheUribe-Etxebarria1997,
	address = {Cambridge, MA},
	author = {Demirdache, Hamida and Uribe-Etxebarria, Miriam},
	bilal = {Franco},
	booktitle = {Step by Step: {{{E}}}ssays on {{M}}inimalist {{S}}yntax in Honor of {{H}}oward {{L}}asnik},
	editor = {Martin, David and Michaels, Roger and Uriagereka, Juan},
	pages = {157--186},
	publisher = {MIT Press},
	title = {The Primitives of temporal Relations},
	year = {1997}
}

@incollection{Demirdache1997,
	address = {Cambridge, MA},
	author = {Demirdache, Hamida and Miriam Uribe-Etxebarria},
	booktitle = {Step by Step: {{{E}}}ssays on Minimalist Syntax in Honor of Howard Lasnik},
	editor = {Martin David Michaels Roger and Juan Uriagereka},
	pages = {157--186},
	publisher = {MIT Press},
	title = {The Primitives of temporal Relations},
	year = {1997}
}

@incollection{DeMiguel2015,
	address = {Madrid},
	author = {De Miguel, Elena},
	bilal = {Cuervo},
	booktitle = {Los predicados psicológicos},
	editor = {Rafael Marín},
	pages = {211--248},
	publisher = {Visor},
	title = {Los nombres psicológicos: {{P}}ropuesta de análisis en términos sub-léxicos},
	year = {2015}
}

@incollection{Cuervo2015Chapter,
	address = {London},
	author = {Cuervo, María Cristina},
	bilal = {Cuervo},
	booktitle = {Contemporary linguistic parameters},
	editor = {Antonio Fábregas and Jaume Mateu and Michael T. Putnam},
	pages = {123--145},
	publisher = {Bloomsbury Academic},
	sortname = {Cuervo, Maria Cristina},
	title = {Parameters in argument structure {{II}}: {{C}}ausatives and applicatives},
	year = {2015}
}

@incollection{Cuervo2015,
	address = {Norfolk, UK},
	author = {Cuervo, María Cristina},
	booktitle = {Contemporary Linguistics Parameters},
	editor = {Antonio Fabregas and Jaume Mateu and Michael Putnam},
	pages = {123--146},
	publisher = {Bloomsbury Publishing Plc},
	sortname = {Cuervo, Maria Cristina},
	title = {Parameters and Argument Structure {{II}}: {{C}}ausatives and Applicatives},
	year = {2015}
}

@incollection{Cuervo2012,
	address = {Bingley, UK},
	author = {Cuervo, María Cristina},
	booktitle = {The End of Argument Structure?},
	editor = {María Cristina Cuervo and Yves Roberge},
	pages = {1--11},
	publisher = {Emerald Group Publishing Limited},
	sortname = {Cuervo, Maria Cristina},
	title = {Remarks on Argument Structure},
	year = {2012}
}

@incollection{Cuervo2011,
	address = {Somerville, MA},
	author = {Cuervo, María Cristina},
	bilal = {Cuervo},
	booktitle = {{Selected proceedings of the {{Hispanic} Linguistic Symposium ({HLS})} 2008}},
	editor = {Claudia Borgonovo and Manuel Español-Echevarría and Philippe Prévost},
	pages = {26--37},
	publisher = {Cascadilla Press},
	sortname = {Cuervo, Maria Cristina},
	title = {Some dative subjects are born, some are made},
	year = {2011}
}

@incollection{Cuervo2010Proceedings,
	address = {Amsterdam},
	author = {Cuervo, María Cristina},
	bilal = {Cepeda},
	booktitle = {{{{{Romance}}} linguistics 2008: {{I}}nteractions in {{{{Romance}}}}. {{S}}elected papers from the 38th {Linguistic Symposium on {{{Romance}}} Languages ({LRSL})}}},
	editor = {Karlos Arregi and Zsuzsanna Fagyal and Silvina A. Montrul and Annie Tremblay},
	pages = {139--155},
	publisher = {John Benjamins},
	sortname = {Cuervo, Maria Cristina},
	title = {Two types of (apparently) ditransitive light verb constructions},
	year = {2010}
}

@incollection{Cuervo2010Cuestiones,
	address = {Santiago de Chile},
	author = {Cuervo, María Cristina},
	bilal = {Royo},
	booktitle = {Cuestiones gramaticales del español: {{Ú}}ltimos avances},
	editor = {Marta Luján and Mirta Groppi},
	pages = {194--206},
	publisher = {ALFAL},
	sortname = {Cuervo, Maria Cristina},
	title = {{La} estructura de expresiones con verbos livianos y experimentante},
	year = {2010}
}

@incollection{Cuervo2010born,
	author = {Cuervo, María Cristina},
	booktitle = {{Selected Proceedings of the 12th {Hispanic} Linguistics Symposium, 13. {{S}}omerville, {MA}}},
	publisher = {Cascadilla Proceedings Project},
	sortname = {Cuervo, Maria Cristina},
	title = {Some Dative Subjects Are Born, Some Are Made},
	year = {2010}
}

@incollection{Costa2009,
	address = {Berlin},
	author = {Costa, João},
	bilal = {Cepeda},
	booktitle = {Alternatives to cartography},
	editor = {van Craenenbroeck, Jeroen},
	pages = {87--108},
	publisher = {De Gruyter Mouton},
	sortname = {Costa, Joao},
	title = {A focus-binding conspiracy: {{L}}eft-to-right merge, scrambling and binary structure in {{European} {Portuguese}}},
	year = {2009}
}

@incollection{Cornilescu2017,
	address = {Bucureşti},
	author = {Cornilescu, Alexandra},
	bilal = {Cornilescu},
	booktitle = {Sintaxa ca mod de a fi. {Omagiu Gabrielei Pană Dindelegan} la aniversare},
	editor = {Adina Dragomirescu and Alexandru Nicolae and Camelia Stan and Rodica Zafiu},
	pages = {131--148},
	publisher = {Editura Universității din Bucureşti},
	title = {{Dative} clitics and obligatory clitic doubling in {{Romanian}}},
	year = {2017}
}

@incollection{CifuentesHonrubia2015,
	address = {Amsterdam},
	author = {Cifuentes Honrubia, José Luis},
	bilal = {Fabregas},
	booktitle = {Verb classes and aspect},
	editor = {Elisa Barrajón López and Cifuentes Honrubia, José Luis and Susana Rodríguez Rosique},
	pages = {110--131},
	publisher = {John Benjamins},
	sortname = {Cifuentes Honrubia, Jose Luis},
	title = {Causativity and psychological verbs in {{Spanish}}},
	year = {2015}
}

@incollection{Chomsky2000,
	address = {Cambridge, MA},
	author = {Chomsky, Noam},
	bilal = {Manzini},
	booktitle = {Step by step: {{{E}}}ssays on {Minimalist Syntax} in honor of {Howard Lasnik}},
	editor = {Roger Martin and David Michaels and Juan Uriagereka},
	pages = {89--155},
	publisher = {MIT Press},
	title = {Minimalist inquiries: {{T}}he framework},
	year = {2000}
}

@incollection{CarvalhoCalindro2018,
	address = {Salvador},
	author = {Carvalho, Janayna and Calindro, Ana},
	bilal = {Calindro},
	booktitle = {Pronomes: {{M}}orfossintaxe e semântica},
	editor = {Danniel Carvalho and Dorothy Brito},
	isbn = {978-85-232-1667-2},
	pages = {91--110},
	publisher = {Edufba},
	title = {A unified account for the loss of third person   clitics in {{Brazilian Portuguese}}},
	year = {2018}
}

@incollection{Campos1999,
	address = {Madrid},
	author = {Campos, Héctor},
	bilal = {Royo},
	booktitle = {Gramática descriptiva de la lengua española},
	editor = {Ignacio Bosque and Violeta Demonte},
	volume = {2},
	pages = {1519--1574},
	publisher = {Espasa Calpe},
	sortname = {Campos, Hector},
	title = {Transitividad e intransitividad},
	year = {1999}
}

@incollection{BéjarRezac2003,
	address = {Amsterdam},
	author = {Béjar, Susana and Rezac, Milan},
	bilal = {Sheehan},
	booktitle = {{Romance} linguistics: {{T}}heory and acquisition},
	editor = {Ana-Teresa Pérez-Leroux and Yves Roberge},
	pages = {49--62},
	publisher = {John Benjamins},
	sortname = {Bejar, Susana and Rezac, Milan},
	title = {Person licensing and the derivation of {{PCC}} effects},
	year = {2003}
}

@incollection{Brito2014,
	address = {Coimbra},
	author = {Brito, Ana Maria},
	bilal = {Cepeda},
	booktitle = {Textos selecionados do {{XXIX} Encontro Nacional da Associação Portuguesa de Linguística}},
	editor = {António Moreno and Fátima Silva and Isabel Falé and Isabel Pereira and João Veloso},
	pages = {103--119},
	publisher = {Associação Portuguesa de Linguística},
	title = {{As} construções ditransitivas revisitadas: {{A}}lternância dativa em {{Português} Europeu}?},
	year = {2014}
}

@incollection{Bonet2007,
	address = {Berlin},
	author = {Bonet, Eulàlia},
	bilal = {Sheehan},
	booktitle = {Person restrictions},
	editor = {Roberta D{’}Alessandro and Susann Fischer and Gunnar Hrafn Hrafnbjargarson},
	pages = {103--128},
	publisher = {Mouton de Gruyter},
	sortname = {Bonet, Eulalia},
	title = {The {Person Case Constraint} and repair strategies},
	year = {2007}
}

@incollection{BonehNash2012,
	address = {Oxford},
	author = {Boneh, Nora and Nash, Lea},
	bilal = {Cuervo},
	booktitle = {Variation in datives: {{A}} microcomparative perspective},
	editor = {Beatriz Fernández and Ricardo Etxepare},
	pages = {22--49},
	publisher = {Oxford University Press},
	title = {Core and non-core datives},
	year = {2012}
}

@incollection{BobaljikBranigan2006,
	address = {Dordrecht},
	author = {Bobaljik, Jonathan David and Branigan, Phillip},
	bilal = {Basilico},
	booktitle = {{E}rgativity: {{{E}}}merging issues},
	editor = {Johns, Alana and Massam, Diane and Ndayiragije, Juneval},
	pages = {47--77},
	publisher = {Springer},
	title = {Eccentric agreement and multiple case checking},
	year = {2006}
}

@incollection{Bobaljik2007,
	address = {Oxford},
	author = {Bobaljik, Jonathan David},
	bilal = {Basilico},
	booktitle = {Deponency and morphological mismatches},
	editor = {Baerman, Matthew and Corbett, Gregory and Brown, David and Hippisley, Andrew},
	pages = {174--201},
	publisher = {Oxford University Press},
	title = {The limits of deponency: {{A}} {Chukotko}-centric perspective},
	year = {2007}
}

@incollection{Bleam2003,
	address = {Amsterdam},
	author = {Bleam, Tonia},
	bilal = {Cepeda},
	booktitle = {{A {{{Romance}}} perspective on language knowledge and use: {{S}}elected papers from the 31st {Linguistic Symposium on {{Romance}} Languages ({LSRL})}}},
	editor = {Rafael Nunez-Cedeno and Luis Lopez and Richard Cameron},
	pages = {233--252},
	publisher = {John Benjamins},
	title = {Properties of double object construction in {{Spanish}}},
	year = {2003}
}

@incollection{BiberauerEtAl2014,
	address = {Oxford, UK},
	author = {Biberauer, Theresa and Anders Holmberg and Ian Roberts and Michelle Sheehan},
	booktitle = {Measuring Grammatical Complexity},
	editor = {Frederick J. Newmeyer and Laurel B. Preston},
	pages = {103–127},
	publisher = {Oxford University Press},
	title = {Complexity in comparative syntax: {{T}}he view from modern parametric theory},
	year = {2014}
}

@incollection{BiberauerEtAl2013,
	address = {Somerville, MA},
	author = {Biberauer, Theresa and Ian Roberts and Michelle Sheehan},
	booktitle = {{Proceedings of the {31st {{West}} Coast Conference on Formal Linguistics}}},
	editor = {Robert E. Santana-LaBarge},
	pages = {46–55},
	publisher = {Cascadilla Proceedings Project},
	title = {{No}-choice Parameters and the Limits of Syntactic Variation},
	year = {2013}
}

@incollection{Bhatt1997,
	address = {Cambridge, MA},
	author = {Bhatt, Rajesh},
	bilal = {Tsedryk},
	booktitle = {Papers from the {{UP}enn/{MIT} Roundtable on Argument Structure and Aspect}},
	editor = {Heidi Harley},
	number = {32},
	publisher = {{MIT} Press},
	series = {{MIT} Working Papers in Linguistics},
	title = {Obligation and possession},
	year = {1997}
}

@incollection{BerwickChomsky2011,
	address = {Oxford},
	author = {Berwick, Robert and Noam Chomsky},
	bilal = {Franco},
	booktitle = {The Biolinguistic Enterprise},
	editor = {Di Sciullo, Anna Maria and Boeckx, Cedric},
	pages = {19--41},
	publisher = {Oxford University Press},
	title = {The Biolinguistic Program: {{T}}he Current State of Its Evolution and Development},
	year = {2011}
}

@incollection{Berwick2011,
	address = {Oxford},
	author = {Berwick, Robert and Noam Chomsky},
	booktitle = {The Biolinguistic Enterprise},
	editor = { Anna Maria Di Sciullo and Cedric Boeckx},
	pages = {19--41},
	publisher = {Oxford University Press},
	title = {The Biolinguistic Program: {{T}}he Current State of Its Evolution and Development},
	year = {2011}
}



@incollection{Bertinetto2000,
	address = {Berlin},
	author = {Bertinetto, Pier Marco},
	booktitle = {Tense and Aspect in the Languages of {Europe}},
	editor = {Östen Dahl},
	pages = {559--604},
	publisher = {Mouton de Gruyter},
	title = {The progressive in {Romance}, as compared with {English}},
	year = {2000}
}

@incollection{BellettiRizzi2012,
	address = {New York, NY},
	author = {Belletti, Adriana and Rizzi, Luigi},
	bilal = {Sheehan},
	booktitle = {Cartography of syntactic structures 7},
	editor = {Laura Brugè and Anna Cardinaletti and Giuliana Giusti and Nicola Munaro and Cecilia Poletto},
	pages = {129--137},
	publisher = {Oxford University Press},
	title = {Moving verbal chunks in the low functional field},
	year = {2012}
}

@incollection{Belletti2004Chapter,
	address = {Oxford},
	author = {Belletti, Adriana},
	bilal = {Cepeda},
	booktitle = {The structure of {{CP}} and {{IP}}: {{T}}he cartography of syntactic structures,},
	editor = {Rizzi, Luigi},
	pages = {16--51},
	publisher = {Oxford University Press},
	title = {Aspects of the low {{IP}} area},
	year = {2004}
}

@incollection{BeaversNishida2010,
	address = {Amsterdam},
	author = {Beavers, John and Nishida, Chiyo},
	bilal = {Cepeda},
	booktitle = {{{{Romance}} linguistics 2009: {{S}}elected papers from the 39th {Linguistic Symposium on {{Romance}} Languages ({LSRL})}}},
	editor = {Sonia Colina and Antxon Olarrea and Ana Maria Carvalho},
	pages = {217--230},
	publisher = {John Benjamins},
	title = {The {{Spanish}} dative alternation revisited},
	year = {2010}
}

@incollection{Bayer2004,
	address = {Amsterdam},
	author = {Bayer, Josef},
	bilal = {Cabre},
	booktitle = {Non nominative subjects},
	editor = {Peri Bhashakarao and Karumuri V. Subbarao},
	pages = {31--58},
	publisher = {John Benjamins},
	title = {Non-nominative subjects in comparison},
	year = {2004}
}

@incollection{Basilico2012,
	address = {Bingley, UK},
	author = {Basilico, David},
	bilal = {Basilico},
	booktitle = {The end of argument structure},
	editor = {Cuervo, María Cristina and Roberge, Yves},
	pages = {75--104},
	publisher = {Emerald Publishing Group},
	title = {The antipassive and its relation to scalar structure},
	year = {2012}
}

@incollection{Baker1996,
	address = {Dordrecht},
	author = {Baker, Mark C.},
	bilal = {Cuervo},
	booktitle = {Phrase structure and the lexicon},
	editor = {Johan Rooryck and Laurie Zaring},
	pages = {7--34},
	publisher = {Kluwer},
	title = {On the structural position of themes and goals},
	year = {1996}
}

@incollection{Baker1997,
	address = {Dordrecht},
	author = {Baker, Mark C.},
	bilal = {Intro},
	booktitle = {Elements of grammar},
	editor = {Haegeman, Liliane},
	pages = {73--137},
	publisher = {Kluwer},
	title = {Thematic roles and syntactic structure},
	year = {1997}
}

@incollection{Bailyn2010,
	address = {Ann Arbor, MI},
	author = {Bailyn, John Frederick},
	bilal = {Antonyuk},
	booktitle = {{Formal Approaches to {Slavic} Linguistics ({FASL})} \#18: {{T}}he {Cornell} Meeting 2009},
	editor = {Wayles Browne},
	pages = {21--37},
	publisher = {Michigan Slavic Publications},
	title = {What’s Inside {{VP}}? {{N}}ew (and old) evidence from {{Russian}}},
	year = {2010}
}

@incollection{Antonyuk2018,
	address = {Ann Arbor, MI},
	author = {Antonyuk, Svitlana},
	bilal = {Antonyuk},
	booktitle = {{Formal Approaches to {Slavic} Linguistics ({FASL})} \#25: {{T}}he Third {Cornell} Meeting 2016},
	editor = {Wayles Browne and Miloje Despic and Naomi Enzinna and Simone Harmath-de Lemos and Robin Karlin and Draga Zec},
	publisher = {Michigan Slavic Publications},
	title = {Embracing the differences: {{T}}he three classes of {{Russian}} ditransitives},
	year = {2018}
}

@incollection{Antonyuk2017,
	address = {Cambridge, MA},
	author = {Antonyuk, Svitlana},
	bilal = {Antonyuk},
	booktitle = {A Pesky Set: {{P}}apers for {{David} Pesetsky}},
	editor = {Claire Halpert and Hadas Kotek and Coppe van Urk},
	note = {{Massachusetts Institute of Technology Working Papers in Linguistics (MITWPL)} special volume},
	publisher = {{MIT} Press},
	title = {How {{QP}} scope can weigh in on a long-time debate: {{T}}he puzzle of {{Russian}} ditransitives},
	year = {2017}
}

@incollection{Anagnostopoulou2006,
	address = {Malden, MA},
	author = {Anagnostopoulou, Elena},
	bilal = {Cornilescu},
	booktitle = {The {{Blackwell}} Companion to Syntax},
	editor = {Everaert, Martin and van Riemsdijk, Henk},
	pages = {519--581},
	publisher = {Blackwell},
	title = {Clitic doubling},
	year = {2006}
}

@incollection{Anagnostopoulou2005,
	address = {Amsterdam},
	author = {Anagnostopoulou, Elena},
	bilal = {Sheehan},
	booktitle = {Clitic and affix combinations: {{T}}heoretical perspectives},
	editor = {Lorie Heggie and Francisco Ordóñez},
	pages = {199--235},
	publisher = {John Benjamins},
	title = {Strong and weak person restrictions: {{A}} feature checking analysis},
	year = {2005}
}

@incollection{AlsinaMchombo1993,
	address = {Stanford, CA},
	author = {Alsina, Àlex and Mchombo, Sam A.},
	bilal = {Calindro},
	booktitle = {Theoretical aspects of {{Bantu}} grammar},
	editor = {Sam A. Mchombo},
	pages = {50--93},
	publisher = {{CSLI} Publications},
	title = {Objects asymmetries and the {{Chichewa}} applicative construction},
	year = {1993}
}

@incollection{Alsina2008,
	address = {Barcelona},
	author = {Alsina, Àlex},
	bilal = {Royo},
	booktitle = {Gramàtica del català contemporani},
	editor = {Solà, Joan and Lloret, Maria-Rosa and Mascaró, Joan and Pérez Saldanya, Manuel},
	note = {3rd vol., 4th edn.},
	pages = {2389--2454},
	publisher = {Editorial Empúries},
	sortname = {Alsina, Alex},
	title = {L’infinitiu},
	year = {2008}
}

@incollection{Aissen1983,
	address = {Chicago, IL},
	author = {Aissen, Judith},
	bilal = {Basilico},
	booktitle = {Studies in relation grammar 1},
	editor = {Perlmutter, David M.},
	pages = {272-302},
	publisher = {University of Chicago Press},
	title = {Indirect object advancement in {{Tzotzil}}},
	year = {1983}
}

@incollection{Acedo-MatellánMateu2015,
	address = {Madrid},
	author = {Acedo-Matellán, Víctor and Mateu, Jaume},
	bilal = {Cuervo, Royo},
	booktitle = {Los predicados psicológicos},
	editor = {Rafael Marín},
	pages = {81--109},
	publisher = {Visor},
	sortname = {Acedo-Matellan, Victor and Mateu, Jaume},
	title = {Los verbos psicológicos: {{R}}aíces especiales en estructuras corrientes},
	year = {2015}
}

@incollection{Acedo-MatellanMateau2014,
	address = {Oxford},
	author = {Acedo-Matellán, Víctor and Mateu, Jaume},
	bilal = {Basilico},
	booktitle = {The syntax of roots and the roots of syntax},
	editor = {Alexiadou, Artemis and Borer, Hagit and Schäfer, Florian},
	isbn = {978-0-19-966526-6},
	number = {51},
	pages = {14--32},
	publisher = {Oxford University Press},
	sortname = {Acedo-Matellan, Victor and Mateu, Jaume},
	title = {From syntax to roots: {{A}} syntactic approach to root interpretation},
	year = {2014}
}



@book{Ynglès2011,
	address = {Barcelona},
	author = {Ynglès, M. Teresa},
	bilal = {Royo},
	publisher = {Publicacions de l’Abadia de {Montserrat}},
	sortname = {Yngles, M. Teresa},
	title = {El datiu en català: {{{U}}}na aproximació des de la lingüística cognitiva},
	year = {2011}
}


@book{Wood2015,
	address = {Dordrecht},
	author = {Wood, Jim},
	publisher = {Springer},
	title = {{{Icelandic}} morphosyntax and argument structure},
	year = {2015}
}

@book{Wiltschko2014,
	address = {Cambridge},
	author = {Wiltschko, Martina},
	bilal = {Cabre},
	publisher = {Cambridge University Press},
	title = {The universal structure of categories},
	year = {2014}
}

@book{Williams2015,
	address = {Cambridge},
	author = {Alexander Williams},
	bilal = {Cabre},
	publisher = {Cambridge University Press},
	title = {Arguments in syntax and semantics},
	year = {2015}
}

@misc{WalBiberauer2014,
	author = {van der Wal, Jenneke and Theresa Biberauer},
	note = {Paper presented at the International Workshop on Bantu Languages: {{S}}tudies in East African Bantu and Microvariation, London, UK},
	title = {From Macroparameters to Nanoparamters: {{A}} comparative {{Bantu}} case study},
	year = {2014}
}

@book{Vendler1967,
	address = {Ithaca, NY},
	author = {Vendler, Zeno},
	bilal = {Franco},
	publisher = {Cornell University},
	title = {Linguistics in Philosophy},
	year = {1967}
}

@book{TubinoBlanco2011,
	address = {Amsterdam},
	author = {Tubino, Mercedes},
	bilal = {Sheehan},
	publisher = {John Benjamins},
	title = {Causatives in {Minimalism}},
	year = {2011}
}

@misc{Tsai2009,
	address = {Taipei, Taiwan},
	author = {Tsai, Wei-Tien D.},
	booktitle = {{{6th Workshop on Formal Syntax and Semantics ({FOSS}-6)}}},
	publisher = {National Taiwan Normal University},
	title = {High Applicatives are not High Enough: {{A}} Cartographic Solution},
	year = {2009}
}

@book{Treviño1993,
	address = {México},
	author = {Treviño, Esthela},
	bilal = {Sheehan},
	publisher = {El Colegio de México},
	sortname = {Trevino, Esthela},
	title = {Las causativas del español con complemento infinitivo},
	year = {1993}
}

@book{Torrego1998,
	address = {Cambridge, MA},
	author = {Torrego, Esther},
	bilal = {Ledgeway, Manzini},
	publisher = {MIT Press},
	title = {The dependencies of objects},
	year = {1998}
}

@book{Thráinsson2007,
	address = {Cambridge},
	author = {Thráinsson, Höskuldur},
	publisher = {Cambridge University Press},
	sortname = {Thrainsson, Hoskuldur},
	title = {The syntax of {{Icelandic}}},
	year = {2007}
}

@book{ThomasonKaufman1988,
	address = {Berkeley},
	author = {Thomason, Sarah Grey and Kaufman, Terrence},
	bilal = {Ledgeway},
	publisher = {University of California Press},
	title = {Language contact, creolization, and genetic linguistics},
	year = {1988}
}

@book{StolzEtAl2006,
	address = {Berlin},
	author = {Stolz, Thomas and Cornelia Stroh and Aina Urdze},
	bilal = {Franco},
	ids = {StolzStrohUrdze2006},
	publisher = {De Gruyter},
	title = {On comitatives and related categories},
	year = {2006}
}

@book{Stolz2006,
	address = {Berlin},
	author = {Stolz, Thomas and Cornelia Stroh and Aina Urdze},
	publisher = {Mouton de Gruyter},
	title = {On comitatives and related categories},
	year = {2006}
}

@book{Stassen2009,
	address = {Oxford},
	author = {Stassen, Leon},
	bilal = {Tsedryk},
	publisher = {Oxford University Press},
	title = {Predicative possession},
	year = {2009}
}

@book{Spano1965,
	address = {Trieste},
	author = {Spano, Benito},
	bilal = {Ledgeway},
	publisher = {Libreria goliardica},
	title = {{La} grecità bizantina ei suoi riflessi geografici nell'{Italia} meridionale e insulare},
	volume = {12},
	year = {1965}
}

@thesis{Silveira1999,
	address = {Florianópolis},
	author = {Silveira, Gessilene},
	bilal = {Calindro},
	school = {UFSC},
	title = {A realização variável do objeto indireto (dativo) na fala de {Florianópolis}},
	type = {dissertation},
	year = {1999}
}

@book{Schäfer2008,
	address = {Amsterdam},
	author = {Schäfer, Florian},
	bilal = {Cuervo},
	publisher = {John Benjamins},
	series = {Linguistik Aktuell = Linguistics Today, v. 126.},
	sortname = {Schafer, Florian},
	title = {The syntax of (anti-)causatives: {{{E}}}xternal arguments in change-of-state contexts},
	year = {2008}
}

@book{Sandfeld1930,
	address = {Paris},
	author = {Sandfeld, Kristian},
	bilal = {Ledgeway},
	number = {31},
	publisher = {E. Champion},
	title = {Linguistique balkanique: {{P}}roblèmes et résultats},
	year = {1930}
}



@book{Rothstein2004,
	address = {Oxford},
	author = {Rothstein, Susan},
	publisher = {Blackwell},
	title = {Structuring events},
	year = {2004}
}

@book{Rohlfs1977,
	address = {München},
	author = {Rohlfs, Gerhard},
	bilal = {Ledgeway},
	publisher = {CH Beck},
	title = {Grammatica storica dei dialetti italogreci ({{C}}alabria, {{S}}alento):(traduzione del manoscritto tedesco di {{S}}alvatore {{S}}icuro). {{N}}uova edizione Interamente rielaborata ed aggiornata},
	year = {1977}
}

@book{Rohlfs1974,
	address = {Lecce},
	author = {Rohlfs, Gerhard},
	bilal = {Ledgeway},
	publisher = {Congedo},
	title = {Scavi linguistici nella {{M}}agna {{G}}recia (nuova edizione interamente rielaborata ed aggiornata)},
	year = {1974}
}



@book{Rohlfs1969,
	origyear = {1954},
	address = {Torino},
	author = {Rohlfs, Gerhard},
	publisher = {Einaudi},
	title = {Grammatica storica della lingua italiana e dei suoi dialetti},
	volume = {3, Sintassi e formazione delle parole},
	year = {1969}
}

@book{Rohlfs1933,
	address = {Köln},
	author = {Rohlfs, Gerhard},
	bilal = {Ledgeway},
	publisher = {Petrarca-Haus},
	title = {Das {{F}}ortleben des antiken {{G}}riechentums in {{{U}}}nteritalien},
	year = {1933}
}

@book{Rohlfs1924,
	address = {Firenze},
	author = {Rohlfs, Gerhard},
	bilal = {Ledgeway},
	publisher = {LS Olschki},
	title = {Griechen und {{R}}omanen in {{{U}}}nteritalien},
	year = {1924}
}

@book{RobertsRoussou2003,
	address = {Cambridge},
	author = {Roberts, Ian and Roussou, Anna},
	bilal = {Cornilescu, Ledgeway},
	publisher = {Cambridge University Press},
	title = {Syntactic change: {{A}} minimalist approach to grammaticalization},
	year = {2003}
}

@book{Richardson2007,
	address = {Oxford},
	author = {Richardson, Kylie},
	bilal = {Antonyuk},
	publisher = {Oxford University Press},
	title = {Case and aspect in {{Slavic}}},
	year = {2007}
}

@book{Richards2010,
	address = {Cambridge, MA},
	author = {Richards, Norvin},
	bilal = {Cabre},
	publisher = {MIT Press},
	title = {Uttering trees},
	year = {2010}
}

@book{Reuland2011,
	address = {Cambridge, MA},
	author = {Reuland, Eric},
	bilal = {Cabre},
	publisher = {MIT Press},
	series = {Linguistic Inquiry Monographs},
	title = {Anaphora and language design},
	year = {2011}
}

@book{Ramchand2008,
	address = {Cambridge},
	author = {Ramchand, Gillian},
	bilal = {Fabregas},
	publisher = {Cambridge University Press},
	title = {Verb meaning and the lexicon: {{A}} first phase syntax},
	year = {2008}
}

@book{RAEASALE2009,
	address = {Madrid},
	shortauthor = {RAE/ASALE},
	author = {{Real Academia de la Lengua Española (RAE} and {Asociación de Academias de la Lengua Española (ASALE)}},
	bilal = {Fabregas},
	publisher = {Espasa},
	title = {Nueva gramática de la lengua española},
	year = {2009}
}

@book{Pyllkänen2008,
	address = {Cambridge, MA},
	author = {Pylkkänen, Liina},
	bilal = {Cuervo, Sheehan, Franco, Tsedryk, Basilico, Ledgeway, Royo},
	publisher = {{MIT} Press},
	sortname = {Pylkkanen, Liina},
	title = {Introducing arguments},
	year = {2008}
}

@book{Pylkkänen2008,
	address = {Cambridge, MA},
	author = {Pylkkänen, Liina},
	number = {49},
	publisher = {MIT Press},
	series = {Linguistic Inquiry Monographs},
	sortname = {Pylkkanen, Liina},
	title = {Introducing arguments},
	year = {2008}
}

@book{Pylkkanen2008,
	address = {Cambridge, MA},
	author = {Pylkk{\"a}nen, Liina},
	publisher = {MIT Press},
	sortname = {Pylkk{a}nen, Liina},
	title = {Introducing arguments},
	year = {2008}
}

@book{Postal1989,
	address = {Chicago, IL},
	author = {Postal, Paul M.},
	bilal = {Sheehan},
	publisher = {University of Chicago Press},
	title = {Masked inversion in {{French}}},
	year = {1989}
}

@book{Polinsky2016,
	address = {New York, NY},
	author = {Polinsky, Maria},
	bilal = {Basilico},
	publisher = {Oxford University Press},
	series = {Oxford Studies in Comparative Syntax},
	shorttitle = {Deconstructing ergativity},
	title = {Deconstructing ergativity: {{T}}wo types of ergative languages and their features},
	year = {2016}
}



@book{Pineda2016,
	address = {Barcelona},
	author = {Pineda, Anna},
	bilal = {Cuervo, Cepeda, Manzini},
	note = {Published and revised version of the doctoral dissertation},
	publisher = {Institut d'Estudis Món Juïc},
	title = {Les fronteres de la (in)transitivitat: {{{E}}}studi dels aplicatius en llengües romàniques i basc},
	year = {2016}
}

@book{Peterson2007,
	address = {Oxford},
	author = {Peterson, David A.},
	publisher = {Oxford University Press},
	series = {Oxford Studies in Typology and Linguistic Theory},
	title = {Applicative constructions},
	year = {2007}
}



@book{Pesetsky1995,
	address = {Cambridge, MA},
	author = {Pesetsky, David},
	bilal = {Antonyuk, Sheehan, Franco, Ledgeway, Manzini, Royo},
	publisher = {The MIT Press},
	title = {Zero syntax: {{{E}}}xperiencers and cascades},
	year = {1995}
}

@book{Perlmutter1971,
	address = {New York, NY},
	author = {Perlmutter, David M.},
	bilal = {Sheehan, Cabre},
	publisher = {Holt Rinehart and Winston},
	title = {Deep and surface structure constraints in syntax},
	year = {1971}
}

@book{Parlangèli1953,
	address = {Milano},
	author = {Parlangèli, Oronzo},
	bilal = {Ledgeway},
	publisher = {Congedo},
	sortname = {Parlangeli, Oronzo},
	title = {{Sui} dialetti romanzi e romaici del {Salento}},
	year = {1953}
}

@book{Myler2016,
	address = {Cambridge},
	author = {Myler, Neil},
	bilal = {Tsedryk},
	publisher = {MIT Press},
	title = {Building and interpreting possessive sentences},
	year = {2016}
}

@book{Morosi1870,
	address = {Bologna},
	author = {Morosi, Giuseppe},
	bilal = {Ledgeway},
	publisher = {A. Forni},
	title = {Studi sui dialetti greci della {{T}}erra d'{{O}}tranto},
	year = {1870}
}

@book{Miyaoka2012,
	address = {Berlin},
	author = {Miyaoka, Osahito},
	bilal = {Basilico},
	isbn = {978-3-11-027820-0},
	note = {OCLC: ocn816279854},
	number = {58},
	publisher = {De Gruyter Mouton},
	series = {Mouton grammar library},
	title = {A grammar of {{Central} Alaskan Yupik} {{CAY})}},
	year = {2012}
}

@book{Masica1991,
	address = {Cambridge},
	author = {Masica, Colin},
	bilal = {Manzini},
	publisher = {Cambridge University Press},
	title = {The {{Indo}}-{{Aryan}} languages},
	year = {1991}
}

@book{ManziniSavoia2005,
	address = {Alessandria},
	author = {Manzini, M. Rita and Leonardo M. Savoia},
	bilal = {Manzini},
	publisher = {dell'Orso},
	title = {I dialetti italiani e romanci: {{M}}orfosintassi generativa},
	year = {2005}
}

@book{Mackridge1985,
	address = {Oxford},
	author = {Mackridge, Peter},
	bilal = {Ledgeway},
	publisher = {Oxford University Press},
	title = {The modern {{{Greek}}} language: {{A}} descriptive analysis of standard modern {{{Greek}}}},
	year = {1985}
}

@book{López2012,
	address = {Cambridge, MA},
	author = {López, Luis},
	bilal = {Cornilescu, Cabre},
	publisher = {MIT Press},
	sortname = {Lopez, Luis},
	title = {Indefinite objects: {{S}}crambling, choice functions, and differential marking},
	year = {2012}
}

@book{Loporcaro1988,
	address = {Pisa},
	author = {Loporcaro, Michele},
	bilal = {Manzini},
	publisher = {Giardini},
	title = {Grammatica storica del dialetto di {Altamura}},
	year = {1988}
}

@book{Lohndal2014,
	address = {Oxford, United Kingdom},
	author = {Lohndal, Terje},
	bilal = {Lohndal},
	edition = {1},
	number = {49},
	publisher = {Oxford University Press},
	series = {Oxford studies in theoretical linguistics},
	shorttitle = {Phrase structure and argument structure},
	title = {Phrase structure and argument structure: {{A}} case study of the syntax-semantics interface},
	year = {2014}
}

@book{LevinRappaportHovav2005,
	address = {Cambridge},
	author = {Levin, Beth and Rappaport Hovav, Malka},
	bilal = {Fabregas -> NOT CITED IN-TEXT!},
	publisher = {Cambridge University Press},
	title = {Argument realization},
	year = {2005}
}

@book{LevinRappaportHovav1995,
	address = {Cambridge, MA},
	author = {Levin, Beth and Rappaport Hovav, Malka},
	bilal = {Antonyuk, Royo},
	publisher = {MIT Press},
	title = {Unaccusativity: {{A}}t the syntax-lexical semantics interface},
	year = {1995}
}

@book{Levin1993,
	address = {Chicago},
	author = {Levin, Beth},
	publisher = {The University of Chicago Press},
	title = {{{English}} verb classes and alternations: {{A}} preliminary investigation},
	year = {1993}
}

@book{Leu2015,
	address = {Oxford},
	author = {Tom Leu},
	bilal = {Cabre},
	publisher = {Oxford University Press},
	title = {The architecture of determiners},
	year = {2015}
}

@book{Ledgeway2012,
	address = {Oxford},
	author = {Ledgeway, Adam},
	bilal = {Ledgeway},
	publisher = {Oxford University Press},
	title = {From {{Latin}} to {{Romance}}: {{M}}orphosyntactic typology and change},
	volume = {1},
	year = {2012}
}

@book{Ledgeway2009,
	address = {Tübingen},
	author = {Ledgeway, Adam},
	bilal = {Ledgeway},
	isbn = {978-3-484-97128-8},
	number = {350},
	publisher = {Max Niemeyer Verlag},
	series = {{Beihefte zur Zeitschrift für romanische Philologie}},
	title = {Grammatica diacronica del napoletano},
	year = {2009}
}

@book{Ledgeway2000,
	address = {Oxford},
	author = {Ledgeway, Adam},
	bilal = {Ledgeway, Manzini},
	publisher = {Blackwell},
	title = {A comparative syntax of the dialects of {{Southern} {Italy}}: {{A}} minimalist approach.},
	year = {2000}
}

@book{Larson2014,
	address = {New York, NY},
	author = {Larson, Richard K.},
	bilal = {Antonyuk, Cepeda},
	publisher = {Routledge},
	title = {On shell structure},
	year = {2014}
}

@book{Langacker2009,
	address = {Berlin},
	author = {Langacker, Ronald},
	bilal = {Tsedryk},
	publisher = {Mouton De Gruyter},
	title = {Investigations in {Cognitive Grammar}},
	year = {2009}
}

@book{Landau2010,
	address = {Cambridge, MA},
	author = {Landau, Idan},
	bilal = {Cuervo, Royo},
	publisher = {{MIT} Press},
	title = {The locative syntax of experiencers},
	year = {2010}
}

@book{Laka1996,
	address = {Vitoria-Gasteiz},
	author = {Laka, Itziar},
	bilal = {Sheehan},
	isbn = {84-8373-850-3},
	publisher = {Euskal Herriko Unibertsitatea [University of the Basque Country]},
	title = {A brief grammar of {Euskara}, the {{Basque}} language},
	url = {http://www.ehu.eus/en/web/eins/basque-grammar},
	year = {1996}
}

@book{Kratzer2005,
	address = {Tübingen},
	author = {Kratzer, Angelika},
	bilal = {Antonyuk},
	booktitle = {Event arguments: {{F}}oundations and applications},
	editor = {Claudia Maienborn and Angelika Wöllstein-Leisten},
	pages = {177--212},
	publisher = {Max Niemeyer Verlag},
	title = {Building resultatives},
	year = {2005}
}

@book{Kimenyi1980,
	address = {Berkeley \& Los Angeles, CA},
	author = {Kimenyi, Alexandre},
	publisher = {University of California Press},
	title = {A Relational Grammar of {{Kinyarwanda}}},
	year = {1980}
}

@book{Kayne1984,
	address = {Dordrecht},
	author = {Kayne, Richard S.},
	bilal = {Franco, Manzini},
	publisher = {Foris},
	title = {Connectedness and binary branching},
	year = {1984}
}

@book{Kayne1975,
	address = {Cambridge, MA},
	author = {Kayne, Richard S.},
	bilal = {Sheehan},
	publisher = {MIT Press},
	title = {{French} syntax: {{T}}he transformational cycle},
	year = {1975}
}

@book{Jung2011,
	address = {Amsterdam},
	author = {Jung, Hakyung},
	bilal = {Tsedryk},
	publisher = {John Benjamins},
	title = {The syntax of the {{BE}}-possessive: {{P}}arametric variation and surface diversities},
	year = {2011}
}

@book{Jespersen1924,
	address = {London},
	author = {Jespersen, Otto},
	bilal = {Franco},
	publisher = {Allen \& Unwin Ltd},
	title = {The Philosophy of Grammar},
	year = {1924}
}


@book{Jerro2013,
	address = {Austin, TX},
	author = {Jerro, Kyle Joseph},
	publisher = {University of Texas at Austin MA},
	title = {Argument structure and the typology of Causatives in {{Kinyarwanda}}: {{{E}}}xplaining the causative-instrumental syncretism},
	year = {2013}
}


@book{Jeong2007,
	address = {Amsterdam},
	author = {Jeong, Youngmi},
	publisher = {John Benjamins Publishing},
	title = {Applicatives: {{S}}tructure and interpretation from a minimalist perspective},
	volume = {104},
	year = {2007}
}

@book{Jackendoff1972,
	address = {Cambridge, MA},
	author = {Jackendoff, Ray},
	number = {2},
	publisher = {MIT Press},
	series = {Studies in Linguistics},
	title = {Semantic interpretation in generative grammar},
	year = {1972}
}

@book{Horrocks1997,
	address = {London},
	author = {Horrocks, Geoffrey},
	bilal = {Ledgeway},
	publisher = {Longman},
	title = {{Greek}: {{A}} history of the language and its speakers},
	year = {1997}
}

@book{HoltonMackridgePhilippaki-Warburton1997,
	address = {London},
	author = {Holton, David and Mackridge, Peter and Philippaki-Warburton, Irene},
	bilal = {Ledgeway},
	publisher = {Routledge},
	title = {{Greek}: {{A}} comprehensive grammar of the modern language},
	year = {1997}
}

@book{Higginbotham2009,
	address = {Oxford},
	author = {Higginbotham, James},
	bilal = {Franco},
	series = {Oxford Studies in Theoretical Linguistics},
	publisher = {Oxford University Press},
	title = {Tense, Aspect, and Indexicality},
	year = {2009}
}


@book{HeineKuteva2005,
	address = {Cambridge},
	author = {Heine, Bernd and Kuteva, Tania},
	bilal = {Ledgeway},
	doi = {10.1017/CBO9780511614132},
	publisher = {Cambridge University Press},
	title = {Language contact and grammatical change},
	year = {2005}
}

@book{HeineKuteva2002,
	address = {Cambridge},
	author = {Heine, Bernd and Tania Kuteva},
	bilal = {Franco},
	publisher = {CUP},
	title = {World Lexicon of Grammaticalization},
	year = {2002}
}

@book{Heine2002,
	address = {Cambridge},
	author = {Heine, Bernd and Tania Kuteva},
	publisher = {Cambridge University Press},
	title = {World Lexicon of Grammaticalization},
	year = {2002}
}

@book{Heine1997,
	address = {Cambridge},
	author = {Heine, Bernd},
	bilal = {Tsedryk},
	publisher = {Cambridge University Press},
	title = {Possession},
	year = {1997}
}

@book{HeimKratzer1998,
	address = {Oxford},
	author = {Heim, Irene and Kratzer, Angelika},
	bilal = {Tsedryk},
	publisher = {Blackwell},
	title = {Semantics in generative grammar},
	year = {1998}
}

@book{Halpert2012,
	address = {Cambridge, MA},
	author = {Halpert, Claire},
	publisher = {Massachusetts Institute of Technology},
	title = {Argument licensing and agreement in {{Zulu}}},
	year = {2012}
}

@book{Guasti1993,
	address = {Torino},
	author = {Guasti, Maria Teresa},
	bilal = {Sheehan},
	publisher = {Rosenberg \& Sellier},
	title = {Causative and perception verbs: {{A}} comparative study},
	year = {1993}
}

@book{Grimshaw1990,
	address = {Cambridge, Mass},
	author = {Grimshaw, Jane B.},
	number = {18},
	publisher = {MIT Press},
	series = {Linguistic Inquiry Monographs},
	title = {Argument structure},
	year = {1990}
}

@book{Green1974,
	address = {Bloomington, IN},
	author = {Green, Georgia M.},
	publisher = {Indiana University Press},
	title = {Semantics and syntactic regularity},
	year = {1974}
}

@book{GiorgiLongobardi1991,
	address = {Cambridge},
	author = {Giorgi, Alessandra and Longobardi, Giuseppe},
	bilal = {Ledgeway},
	publisher = {Cambridge University Press},
	title = {The syntax of {{N}}oun {{P}}hrases: {{C}}onfiguration, parameters and empty categories},
	year = {1997}
}

@book{GiorgiPianesi1997,
	address = {Oxford},
	author = {Giorgi, Alessandra and Pianesi, Fabio},
	bilal = {Ledgeway},
	publisher = {Oxford University Press},
	title = {Tense and aspect: {{F}}rom semantics to morphosyntax},
	year = {1997}
}

@book{Giorgi2009,
	address = {Oxford},
	author = {Giorgi, Alessandra},
	bilal = {Cabre},
	publisher = {Oxford University Press},
	title = {About the speaker},
	year = {2009}
}

@book{Ginebra2005,
	address = {Tarragona},
	author = {Ginebra, Jordi},
	bilal = {Royo},
	note = {Textos de normalització lingüística},
	publisher = {Servei Lingüístic de la Universitat Rovira i Virgili},
	series = {6},
	title = {Praxi lingüística: {{III}}. {{C}}riteris gramaticals i d’estil},
	year = {2005}
}

@book{GarcíaFernándezGutiérrezBergarecheMartinez2006,
	address = {Madrid},
	author = {García Fernández, Luis and Gutiérrez, Ángeles Carrasco and Bergareche, Bruno Camus and Martínez-Atienza, María},
	bilal = {Fabregas -> NOT CITED IN-TEXT!},
	publisher = {Gredos},
	sortname = {Garcia Fernandez, Luis and Gutierrez, Angeles Carrasco and Bergareche, Bruno Camus and Martinez-Atienza, Maria},
	title = {Diccionario de perífrasis verbales},
	year = {2006}
}

@book{Galves2018,
	address = {Campinas},
	author = {Galves, Charlotte},
	bilal = {Calindro},
	booktitle = {O apelo das árvores: {{{E}}}studos em homenagem à {Miriam Lemle}},
	editor = {Medeiros, Alessandro Boechat and Nevins, Andrew},
	publisher = {Pontes},
	title = {Ainda sobre os pronomes do português brasileiro {[Still on {{Brazilian Portuguese}} pronouns]}},
	year = {2018}
}

@book{GIEC2016,
	address = {Barcelona},
	shortauthor = {{GIEC}},
	author = {{Institut d’Estudis Catalans - IEC}},
	bilal = {Royo},
	publisher = {Institut d’Estudis Catalans},
	sortname = {{Institut d’Estudis Catalans - IEC}},
	title = {Gramàtica de la llengua catalana},
	year = {2016}
}

@book{Frascarelli2000s,
	address = {Dordrecht},
	author = {Frascarelli, Mara},
	publisher = {Kluwer},
	title = {The syntax-phonology interface in focus and topic constructions in {{I}}talian},
	volume = {50},
	year = {2000}
}

@book{Frascarelli2000,
	address = {Dordrecht},
	author = {Frascarelli, Mara},
	bilal = {Ledgeway},
	publisher = {Kluwer},
	title = {The syntax-phonology interface in focus and topic constructions in {{I}}talian},
	volume = {50},
	year = {2000}
}

@book{Franks1995,
	address = {New York, NY},
	author = {Franks, Steven},
	bilal = {Antonyuk},
	publisher = {Oxford University Press},
	title = {Parameters of {{Slavic}} morphosyntax},
	year = {1995}
}

@article{FolliHarley2007,
	author = {Folli, Raffaella and Harley, Heidi},
	bilal = {Cuervo, Sheehan},
	doi = {10.1162/ling.2007.38.2.197},
	journal = {Linguistic Inquiry},
	number = {2},
	pages = {197--238},
	title = {Causation, obligation, and argument structure: {{O}}n the nature of little v},
	volume = {38},
	year = {2007}
}

@book{Filip1999,
	address = {New York},
	author = {Filip, Hana},
	bilal = {Franco},
	publisher = {Garland},
	title = {Aspect, Situation Types and Noun Phrase Semantics},
	year = {1999}
}


@book{Falcone1973,
	address = {Milano},
	author = {Falcone, Giuseppe},
	bilal = {Ledgeway},
	publisher = {Istituto lombardo di scienze e lettere},
	title = {Il dialetto romaico della {Bovesia}},
	year = {1973}
}

@book{EgurenFernándezSoriano2004,
	address = {Madrid},
	author = {Eguren, Luis and Fernández Soriano, Olga},
	bilal = {Royo},
	publisher = {Gredos},
	sortname = {Eguren, Luis and Fernandez Soriano, Olga},
	title = {Introducción a una sintaxis minimista},
	year = {2004}
}

@book{Dyakonova2009,
	address = {Utrecht},
	author = {Dyakonova, Marina},
	bilal = {Antonyuk},
	note = {2007 dissertation at the {University of Amsterdam}},
	publisher = {LOT},
	title = {A phase-based approach to {{Russian}} free word order},
	year = {2009}
}

@book{Dowty1979,
	address = {Dordrecht},
	author = {Dowty, David},
	bilal = {Tsedryk, Franco},
	publisher = {Reidel},
	title = {Word meaning and {Montague Grammar}},
	year = {1979}
}


@book{Dobrovie-Sorin1994,
	address = {Berlin},
	author = {Dobrovie-Sorin, Carmen},
	bilal = {Cornilescu},
	publisher = {Mouton de Gruyter},
	title = {The syntax of {{Romanian}}},
	year = {1994}
}

@book{Demonte1989,
	address = {Madrid},
	author = {Demonte, Violeta},
	bilal = {Royo},
	publisher = {Síntesis},
	title = {Teoria sintáctica: {{D}}e las estructuras a la rección},
	year = {1989}
}

@book{DIEC2007,
	address = {Barcelona},
	shortauthor = {{DIEC2}},
	author = {{DIEC2 - Institut d’Estudis Catalans}},
	bilal = {Royo -> NOT CITED IN-TEXT!},
	edition = {2},
	publisher = {Institut d’Estudis Catalans, Enciclopèdia Catalana, Edicions 62},
	sortname = {DIEC2 - Institut d’Estudis Catalans},
	title = {Diccionari de la llengua catalana},
	year = {2007}
}

@book{CulicoverJackendoff2005,
	address = {Oxford},
	author = {Culicover, Peter and Jackendoff, Ray},
	bilal = {Manzini},
	publisher = {Oxford University Press},
	title = {Simpler syntax},
	year = {2005}
}

@book{Cruschina2012,
	address = {Oxford},
	author = {Cruschina, Silvio},
	bilal = {Ledgeway},
	publisher = {Oxford University Press},
	title = {Discourse-related features and functional projections},
	year = {2012}
}

@book{Croft2017,
	address = {Oxford},
	author = {Croft, William},
	bilal = {Cabre},
	publisher = {Oxford University Press},
	title = {Verbs: {{A}}spect and causal structure},
	year = {2017}
}


@book{Comrie1976,
	address = {Cambridge},
	author = {Comrie, Bernard},
	publisher = {Cambridge University Press},
	title = {Aspect},
	year = {1976}
}

@book{Collins1997,
	address = {Cambridge},
	author = {Collins, Chris},
	publisher = {MIT press},
	title = {Local economy},
	year = {1997}
}

@book{Chomsky1999,
	address = {Cambridge, MA},
	author = {Chomsky, Noam},
	number = {18},
	publisher = {Massachusetts Institute of Technology},
	series = {MIT Occasional Papers in Linguistics},
	title = {Derivation by phase},
	year = {1999}
}

@book{Chomsky1986,
	address = {New York, NY},
	author = {Chomsky, Noam},
	bilal = {Calindro},
	publisher = {Praeger},
	title = {Knowledge of language},
	year = {1986}
}

@book{Chomsky1981,
	address = {Dordrecht},
	author = {Chomsky, Noam},
	bilal = {Calindro},
	publisher = {Foris Publications},
	title = {Lectures on government and binding},
	year = {1981}
}

@book{Carochi1645,
	address = {Mexico},
	author = {Carochi, Horacio},
	bilal = {Cuervo},
	note = {(Reprint)},
	publisher = {Museo Nacional de México},
	title = {El arte de la lengua mexicana con la declaración de los adverbios della},
	year = {1645}
}

@book{BybeeEtAl1994,
	address = {Chicago},
	author = {Bybee, Joan and Revere Perkins and William Pagliuca},
	bilal = {Franco},
	ids = {BybeePerkinsPagliuca1994},
	publisher = {The University of Chicago Press},
	title = {The Evolution of Grammar},
	year = {1994}
}

@book{Bybee1994,
	address = {Chicago},
	author = {Bybee, Joan and Revere Perkins and William Pagliuca},
	publisher = {The University of Chicago Press},
	title = {The Evolution of Grammar},
	year = {1994}
}

@book{Burzio1986,
	address = {Dordrecht},
	author = {Burzio, Luigi},
	bilal = {Sheehan},
	publisher = {Reidel},
	title = {{Italian} syntax: {{A}} {Government-Binding} approach},
	year = {1986}
}

@book{Bouchard1995,
	address = {Chicago, IL},
	author = {Bouchard, Denis},
	bilal = {Royo},
	publisher = {University of Chicago Press},
	title = {The semantics of syntax: {{A}} minimalist approach to grammar},
	year = {1995}
}

@book{Bossong1985,
	address = {Tübingen},
	author = {Bossong, Georg},
	bilal = {Manzini},
	publisher = {Narr},
	title = {{Empirische Universalienforschung. {{D}}ifferentielle Objektmarkierung in der neuiranischen {Sprachen}}},
	year = {1985}
}

@book{Borer2005,
	address = {Oxford},
	author = {Borer, Hagit},
	bilal = {Basilico},
	publisher = {Oxford University Press},
	title = {Structuring sense: {{T}}he normal course of events},
	volume = {2},
	year = {2005}
}

@book{BonehNash2011WCCFL,
	address = {Somerville, MA},
	author = {Boneh, Nora and Nash, Lea},
	bilal = {Cuervo},
	booktitle = {{Proceedings of the {28th {West} Coast Conference on Formal Linguistics ({WCCFL})}}},
	pages = {60--68},
	publisher = {Cascadilla Proceedings Project},
	title = {High and higher applicatives: {{T}}he case of {{French}} non-core datives},
	url = {http://www.lingref.com/cpp/wccfl/28/paper2436.pdf},
	year = {2011}
}

@book{Bhatt2006,
	address = {New York, NY},
	author = {Bhatt, Rajesh},
	bilal = {Tsedryk},
	publisher = {Mouton de Gruyter},
	title = {Covert modality in non-finite contexts},
	year = {2006}
}

@book{Berlinck1997,
	address = {Florianópolis},
	author = {Berlinck, Rosane},
	bilal = {Calindro},
	booktitle = {Anais do {1º Encontro do Círculo de Estudos Lingüísticos do Sul ({CelS}ul)}},
	publisher = {PUC-RS},
	title = {Sobre a realização do objeto indireto no português do {Brasil}},
	year = {1997}
}

@book{Barðdal2008,
	address = {Amsterdam},
	author = {Barðdal, Jóhanna},
	publisher = {John Benjamins Publishing},
	sortname = {Barddal, Johanna},
	title = {Productivity: {{{E}}}vidence from case and argument structure in {{Icelandic}}},
	year = {2008}
}

@book{Baker1988,
	address = {Chicago, IL},
	author = {Baker, Mark C.},
	bilal = {Calindro, Basilico},
	publisher = {Chicago University Press},
	title = {Incorporation: {{A}} theory of grammatical function changing},
	year = {1988}
}

@book{Bailyn2012,
	address = {Cambridge},
	author = {Bailyn, John Frederick},
	bilal = {Antonyuk},
	publisher = {Cambridge University Press},
	title = {The Syntax of {{Russian}}},
	year = {2012}
}

@book{AounLi1993,
	address = {Cambridge},
	author = {Aoun, Joseph and Li, Yen-hui Audrey},
	bilal = {Ledgeway},
	publisher = {MIT Press},
	title = {Syntax of scope},
	volume = {21},
	year = {1993}
}

@article{Antonyuk-Yudina2006,
	address = {New York, NY},
	author = {Antonyuk-Yudina, Svitlana},
	bilal = {Antonyuk},
	journal = {Linguistics in the {Big Apple}: {{O}}nline proceedings of {SUNY/CUNY/NYU/Yale Student Conference (SYNC)}},
        title = {The scope of quantifier phrases in {{Russian}}: {{A}} {{QR}} analysis},
	year = {2006}
}

@book{Anagnostopoulou2003,
	address = {Berlin},
	author = {Anagnostopoulou, Elena},
	bilal = {Sheehan, Ledgeway},
	publisher = {Walter de Gruyter},
	title = {The syntax of ditransitives: {{{E}}}vidence from clitics},
	year = {2003}
}

@book{AlexiadouEtAl2014,
	address = {Oxford},
	bilal = {Basilico -> NOT CITED IN-TEXT},
	booktitle = {The syntax of roots and the roots of syntax},
	edition = {First edition},
	editor = {Alexiadou, Artemis and Borer, Hagit and Schäfer, Florian},
	isbn = {978-0-19-966526-6 978-0-19-966527-3},
	note = {OCLC: ocn9},
	number = {51},
	publisher = {Oxford University Press},
	series = {Oxford Studies in Theoretical Linguistics},
	sortname = {Alexiadou, Artemis and Borer, Hagit and Schafer, Florian},
	title = {The syntax of roots and the roots of syntax},
	urldate = 03701598,
	year = {2014}
}

@article{vanderWal2015,
	author = {van der Wal, Jenneke},
	journal = {Lingua},
	pages = {109–132},
	title = {Evidence for abstract Case in {{Bantu}}},
	volume = {165},
	year = {2015}
}

@article{vanVoorst1992,
	author = {van Voorst, Jan},
	bilal = {Royo},
	doi = {10.1007/BF00635833},
	journal = {Linguistics and Philosophy},
	number = {1},
	pages = {65--92},
	title = {The aspectual semantics of psychological verbs},
	volume = {15},
	year = {1992}
}

@article{ZaenenMalingThráinsson1985,
	author = {Zaenen, Annie and Maling, Joan and Thráinsson, Höskuldur},
	bilal = {Cabre},
	journal = {Natural Language and Linguistic Theory},
	number = {4},
	pages = {441--483},
	sortname = {Zaenen, Annie and Maling, Joan and Thrainsson, Hoskuldur},
	title = {Case and grammatical functions: {{T}}he {{Icelandic}} passive},
	volume = {3},
	year = {1985}
}

@article{YipEtAl1987,
	author = {Yip, Moira and Maling Joan and Ray Jackendoff},
	journal = {Language},
	pages = {217–50},
	sortname = {Yip, Moira and Maling Joan and Ray Jackendoff},
	title = {Case in Tiers},
	volume = {63},
	year = {1987}
}

@article{Wunderlich1997,
	author = {Wunderlich, Dieter},
	journal = {Linguistic Inquiry},
	number = {1},
	pages = {27–68},
	title = {Cause and the Structure of Verbs},
	volume = {28},
	year = {1997}
}

@article{Woolford2006,
	author = {Woolford, Ellen},
	bilal = {Cabre},
	journal = {Linguistic Inquiry},
	number = {1},
	pages = {111--130},
	title = {Lexical case, inherent case, and argument structure},
	volume = {37},
	year = {2006}
}

@article{Viñas-de-Puig2014,
	author = {Viñas-de-Puig, Ricard},
	bilal = {Royo},
	journal = {Revista de Lingüística Teórica y Aplicada},
	number = {2},
	pages = {165--188},
	sortname = {Vinas-de-Puig, Ricard},
	title = {Predicados psicológicos y estructuras con verbo ligero: {{D}}el estado al evento},
	volume = {52},
	year = {2014}
}

@article{Tsai2018,
	author = {Tsai, Wei-Tien D.},
	bilal = {Cuervo},
	doi = {10.1186/s40655-018-0034-y},
	journal = {Lingua Sinica},
	number = {2},
	pages = {1--21},
	title = {High applicatives are not high enough: {{A}} cartographic solution},
	volume = {4},
	year = {2018}
}



@article{Torrego2011,
	author = {Torrego, Esther},
	bilal = {Cuervo},
	journal = {Linguistic Inquiry},
	number = {3},
	pages = {445--470},
	title = {Variability in the case patterns of causative formation in {{Romance}} and its implications},
	volume = {41},
	year = {2011}
}

@article{Torrego2010,
	author = {Torrego, Esther},
	bilal = {Sheehan, Manzini},
	journal = {Linguistic Inquiry},
	number = {3},
	pages = {445--470},
	title = {Variability in the case patterns of causative formation in {{Romance}} and its implications},
	volume = {41},
	year = {2010}
}

@article{Titov2017,
	author = {Titov, Elena},
	bilal = {Antonyuk},
	journal = {Linguistic Inquiry},
	number = {3},
	pages = {427--457},
	title = {The canonical order of {{Russian}} objects},
	volume = {48},
	year = {2017}
}




@article{Svenonius2004Slavic,
	author = {Svenonius, Peter},
	bilal = {Antonyuk},
	doi = {10.7557/12.67},
	journal = {Nordlyd},
	number = {2},
	pages = {177--204},
	title = {{{Slavic}} prefixes and morphology},
	volume = {32},
	year = {2004}
}

@article{Svenonius2003,
	author = {Svenonius, Peter},
	bilal = {Calindro},
	doi = {10.7557/12.13},
	journal = {Nordlyd},
	number = {2},
	pages = {431--445},
	title = {Limits on {{P}}: {{F}}illing in holes vs. {{F}}alling in holes},
	volume = {31},
	year = {2003}
}

@article{Svenonius2002,
	author = {Svenonius, Peter},
	journal = {The Journal of Comparative Germanic Linguistics},
	pages = {197--225},
	title = {{{Icelandic}} case and the structure of events},
	volume = {5},
	year = {2002}
}

@article{Spencer1995,
	author = {Spencer, Andrew},
	bilal = {Basilico},
	doi = {10.2307/416217},
	journal = {Language},
	number = {3},
	pages = {439--489},
	title = {Incorporation in {Chukchi}},
	volume = {71},
	year = {1995}
}


@article{Shirai1998,
	author = {Shirai, Yasuhiro},
	journal = {Studies in Language},
	pages = {661--692},
	title = {Where the progressive and resultative meet: {{I}}mperfective aspect in {Japanese}, {Korean}, {Chinese}, and {English}},
	volume = {22},
	year = {1998}
}

@article{Rooth1992,
	author = {Rooth, Mats},
	bilal = {Cepeda},
	journal = {Natural Language Semantics},
	pages = {75--116},
	title = {A theory of focus interpretation},
	volume = {1},
	year = {1992}
}

@article{RobergeTroberg2009,
	author = {Roberge, Yves and Troberg, Michelle},
	bilal = {Cuervo},
	doi = {10.1515/prbs.2009.008},
	journal = {Probus},
	number = {2},
	pages = {249--289},
	title = {The high applicative syntax of the dativus commodi/incommodi in {{Romance}}},
	volume = {21},
	year = {2009}
}

@article{RiveroDiaconescu2007,
	author = {Diaconescu, Constanţa Rodica and Rivero, María Luisa},
	bilal = {Fabregas -> NOT CITED IN-TEXT!},
	doi = {10.1515/PROBUS.2007.007},
	journal = {Probus: {{I}}nternational Journal of {Latin} and {Romance} Linguistics},
	number = {2},
	pages = {171--195},
	sortname = {Diaconescu, Constanta Rodica and Rivero, Maria Luisa},
	title = {An applicative analysis of double object constructions in {{Romanian}}},
	volume = {19},
	year = {2007}
}

@article{Rivero2009,
	author = {Rivero, María Luisa},
	bilal = {Tsedryk},
	doi = {10.1007/s11049-008-9059-8},
	journal = {Natural Language and Linguistic Theory},
	number = {1},
	pages = {151--196},
	sortname = {Rivero, Maria Luisa},
	title = {Intensionality, high applicatives, and aspect: {{I}}nvoluntary state constructions in {{Bulgarian}} and {{Slovenian}}},
	volume = {27},
	year = {2009}
}

@article{Rigau1982,
	author = {Rigau, Gemma},
	bilal = {Cabre},
	journal = {Linguistic Inquiry},
	number = {1},
	pages = {146--150},
	title = {Inanimate indirect objects in {{Catalan}}},
	volume = {13},
	year = {1982}
}

@article{Rigau1978,
	author = {Rigau, Gemma},
	bilal = {Cabre},
	journal = {Els Marges},
	pages = {99--102},
	title = {‘Hi’ datiu inanimat},
	volume = {12},
	year = {1978}
}

@article{Richards2008,
	author = {Richards, Mark},
	bilal = {Cornilescu},
	journal = {Linguistische Arbeitsberichte},
	pages = {137--161},
	title = {Defective {Agree}, case alternation, and the prominence of person},
	volume = {86},
	year = {2008}
}

@article{Rezac2008,
	author = {Rezac, Milan},
	bilal = {Sheehan},
	doi = {10.1007/s11049-008-9032-6},
	journal = {Natural Language and Linguistic Theory},
	number = {1},
	pages = {61--106},
	title = {The syntax of eccentric agreement: {{T}}he {Person Case Constraint} and absolutive displacement in {{Basque}}},
	volume = {26},
	year = {2008}
}


@article{RappaportHovavLevin2008,
	author = {Rappaport Hovav, Malka and Beth Levin},
	journal = {Journal of Linguistics},
	pages = {129–167},
	title = {The {{English}} {Dative} Alternation: {{T}}he case for verb sensitivity},
	volume = {44},
	year = {2008}
}

@article{RappaportHovavLevin2001,
	author = {Rappaport Hovav, Malka and Levin, Beth},
	bilal = {Antonyuk},
	journal = {Language},
	number = {4},
	pages = {766--797},
	title = {An event structure account of {{English}} resultatives},
	volume = {77},
	year = {2001}
}

@article{RamchandSvenonius2014,
	author = {Ramchand, Gillian and Svenonius, Peter},
	bilal = {Cabre},
	doi = {10.1016/j.langsci.2014.06.013},
	journal = {Language Sciences},
	number = {Part B},
	pages = {152--174},
	title = {Deriving the functional hierarchy},
	volume = {46},
	year = {2014}
}

@article{Ralli2006,
	author = {Ralli, Angela},
	bilal = {Ledgeway},
	journal = {Journal of Greek Linguistics},
	number = {1},
	pages = {121--159},
	title = {Syntactic and morphosyntactic phenomena in modern {{Greek}} dialects: {{T}}he state of the art},
	volume = {7},
	year = {2006}
}

@article{Quicoli1984,
	author = {Quicoli, A. Carlos},
	bilal = {Sheehan},
	journal = {Linguistic Analysis},
	number = {1},
	pages = {55--95},
	title = {Remarks on {{French}} clitic systems},
	volume = {14},
	year = {1984}
}

@article{Pylkkänen2000,
	author = {Pylkkänen, Liina},
	bilal = {Cuervo},
	journal = {University of {Pennsylvania} Working Papers in Linguistics},
	number = {1.18},
	pages = {197--210},
	sortname = {Pylkkanen, Liina},
	title = {What applicative heads apply to},
	volume = {7},
	year = {2000}
}

@article{Preminger2019,
	author = {Preminger, Omer},
	bilal = {Sheehan},
	doi = {10.5334/gjgl.315},
	issue = {Article 13},
	journal = {Glossa: {{A}} Journal of General Linguistics},
	number = {1},
	title = {What the {{PCC}} tells us about “abstract” agreement, head movement and locality},
	volume = {4},
	year = {2019}
}

@article{Postal1981,
	author = {Postal, Paul M.},
	bilal = {Sheehan},
	journal = {Linguistic Analysis},
	number = {3},
	pages = {281--323},
	title = {A failed analysis of the {{French}} cohesive infinitive construction},
	volume = {8},
	year = {1981}
}

@article{Pompeo2012,
	author = {Pompeo, Flavia},
	bilal = {Ledgeway},
	journal = {Studi Italiani di Linguistica Teorica e Applicata},
	pages = {531--544},
	title = {Il sincretismo di genitivo e dativo nella lega balcanica. {{{U}}}na convergenza multipla?},
	volume = {41},
	year = {2012}
}

@article{PolinskajaNedjalkov1987,
	author = {Polinskaja, Maria S. and Nedjalkov, Vladimir P.},
	bilal = {Basilico},
	doi = {10.1016/0024-3841(87)90074-X},
	journal = {Lingua},
	number = {1--4},
	pages = {239--269},
	title = {Contrasting the absolutive in {Chuckchee}: {{S}}yntax, semantics and pragmatics},
	volume = {31},
	year = {1987}
}

@article{PitteroffCampanini2014,
	author = {Pitteroff, Marcel and Campanini, Cinzia},
	bilal = {Sheehan},
	doi = {10.1007/s10828-014-9059-5},
	journal = {The Journal of Comparative Germanic Linguistics},
	number = {2--3},
	pages = {209--230},
	title = {Variation in analytic causative constructions: {{A}} view on {{German}} and {{Romance}}},
	volume = {16},
	year = {2014}
}

@article{PinedaRoyo2017,
	author = {Pineda, Anna and Carles Royo},
	bilal = {Royo},
	journal = {Revue Roumaine de Linguistique},
	pages = {445--462},
	title = {{Differential Indirect Object Marking} in {{Romance}} (and how to get rid of it)},
	volume = {4},
	year = {2017}
}

@article{Pineda2019,
	author = {Pineda, Anna},
	bilal = {Fabregas, Royo},
	journal = {Probus: {{I}}nternational Journal of {Romance} Linguistics},
	title = {From dative to accusative: {{A}}n ongoing syntactic change in {{Romance}}},
	year = {2019}
}

@article{Pineda2013,
	author = {Pineda, Anna},
	bilal = {Cepeda, Sheehan},
	journal = {Borealis: {{A}}n International Journal of Hispanic Linguistics},
	pages = {57--115},
	title = {Double object constructions and dative/accusative alternations in {{Spanish}} and {{Catalan}}: {{A}} unified account},
	volume = {2},
	year = {2013}
}

@article{Pescarini2007,
	author = {Pescarini, Diego},
	bilal = {Cabre},
	journal = {Anuario del seminario de filología vasca {Julio de Urquijo}},
	number = {2},
	pages = {285-–300},
	title = {Types of syncretism in the clitic systems of {Romance}},
	volume = {41},
	year = {2007}
}

@article{Parsons1995,
	author = {Parsons, Terence},
	bilal = {Cuervo},
	journal = {Linguistic Inquiry},
	number = {4},
	pages = {635--662},
	title = {Thematic relations and arguments},
	volume = {26},
	year = {1995}
}



@article{Parsons1989,
	author = {Parsons, Terence},
	journal = {Linguistics and Philosophy},
	number = {2},
	pages = {213--241},
	title = {The Progressive in {English}: {{E}}vents, States and Processes},
	volume = {12},
	year = {1989}
}

@article{OrmazabalRomero2017,
	author = {Ormazabal, Javier and Romero, Juan},
	bilal = {Cornilescu},
	doi = {10.5334/gjgl.103},
	journal = {Glossa: {{A}} Journal of General Linguistics},
	number = {1},
	pages = {78},
	title = {Historical changes in {{Basque}} dative alternations: {{{E}}}vidence for a {{P}}-based (neo)derivational analysis},
	volume = {2},
	year = {2017}
}

@article{OrmazabalRomero2013Probus,
	author = {Ormazabal, Javier and Romero, Juan},
	bilal = {Manzini, Cabre},
	journal = {Probus},
	number = {2},
	pages = {301--344},
	title = {Object agreement, clitics and dialectal variation},
	volume = {25},
	year = {2013}
}

@article{OrmazabalRomero2013Borealis,
	author = {Ormazabal, Javier and Romero, Juan},
	bilal = {Sheehan, Cornilescu},
	journal = {Borealis: {{A}}n International Journal of Hispanic Linguistics},
	number = {2},
	pages = {221--239},
	title = {Differential object marking, case and agreement},
	volume = {2},
	year = {2013}
}

@article{OrmazabalRomero2007,
	author = {Ormazabal, Javier and Romero, Juan},
	bilal = {Sheehan},
	doi = {10.1007/s11049-006-9010-9},
	journal = {Natural Language and Linguistic Theory},
	number = {2},
	pages = {315--347},
	title = {The object agreement constraint},
	volume = {25},
	year = {2007}
}

@article{OrdóñezSaab2017,
	author = {Ordóñez, Francisco and Saab, Andrés},
	bilal = {Sheehan},
	doi = {10.9771/ell.v0i58.26811},
	journal = {Estudos Linguísticos e Literários},
	pages = {186--209},
	sortname = {Ordonez, Francisco and Saab, Andres},
	title = {Sobre la distribución de los sujetos causados en dos dialectos del español {[On the distribution of causee subjects in two {{Spanish}} dialects]}},
	volume = {58},
	year = {2017}
}

@article{Nevins2007,
	author = {Nevins, Andrew},
	bilal = {Sheehan},
	doi = {10.1007/s11049-006-9017-2},
	journal = {Natural Language and Linguistic Theory},
	number = {2},
	pages = {273--313},
	title = {The representation of third person and its consequences for Person-Case effects},
	volume = {25},
	year = {2007}
}

@article{MoorePerlmutter2000,
	author = {Moore, John and Perlmutter, David M.},
	bilal = {Cabre},
	journal = {Natural Language and Linguistic Theory},
	number = {2},
	pages = {373--416},
	title = {What does it take to be a dative subject?},
	volume = {18},
	year = {2000}
}

@article{MoensSteedman1988,
	author = {Moens, Marc and Steedman, Mark},
	bilal = {Tsedryk},
	journal = {Computational Linguistics},
	number = {2},
	pages = {15--28},
	title = {Temporal ontology and temporal reference},
	volume = {14},
	year = {1988}
}



@article{Mioto2003,
	author = {Mioto, Carlos},
	bilal = {Cepeda},
	journal = {Revista Letras},
	pages = {169--189},
	title = {Focalização e quantificação},
	volume = {61},
	year = {2003}
}

@article{MchomboFirmino1999,
	author = {Mchombo, Sam A. and Gregório Firmino},
	journal = {Linguistic Analysis},
	number = {1},
	pages = {214–233},
	sortname = {Mchombo, Sam A. and Gregorio Firmino},
	title = {Double Object Constructions in {{Chichewa}} and {Gitonga}: {{A}} Comparative Analysis},
	volume = {29},
	year = {1999}
}

@article{McGinnis2008,
	author = {McGinnis, Martha},
	bilal = {Cuervo},
	doi = {10.1111/j.1749-818X.2008.00078.x},
	journal = {Language and Linguistics Compass},
	number = {6},
	pages = {1225--1245},
	title = {Applicatives},
	volume = {2},
	year = {2008}
}

@article{McGinnis2004,
	author = {McGinnis, Martha},
	bilal = {Cuervo},
	journal = {Linguistic Inquiry},
	number = {1},
	pages = {47--95},
	title = {Lethal ambiguity},
	volume = {35},
	year = {2004}
}

@article{McGinnis2001,
	author = {McGinnis, Martha},
	bilal = {Cuervo},
	journal = {Linguistic Variation Yearbook},
	number = {1},
	pages = {105--146},
	title = {Variation in the phase structure of applicatives},
	volume = {1},
	year = {2001}
}

@article{Matushansky2002,
	author = {Matushansky, Ora},
	bilal = {Antonyuk},
	journal = {MIT Working Papers in Linguistics},
	pages = {217--253},
	title = {On formal identity of {{Russian}} prefixes and prepositions},
	volume = {42},
	year = {2002}
}

@article{MatrasSakel2004,
	author = {Matras, Yaron and Sakel, Jeanette},
	bilal = {Ledgeway},
	journal = {Studies in Language},
	number = {4},
	pages = {829--865},
	publisher = {John Benjamins Publishing Company},
	title = {Investigating the mechanisms of pattern replication in language convergence},
	volume = {31},
	year = {2004}
}

@article{MateuAmadas1999,
	author = {Mateu, Jaume and Laia Amadas},
	bilal = {Franco},
	journal = {Catalan Working Papers in Linguistics},
	pages = {159--174},
	title = {Extended Argument Structure: {{P}}rogressive as Unaccusative},
	volume = {7},
	year = {1999}
}

@article{Mateu1999,
	author = {Mateu, Jaume and Laia Amadas},
	journal = {Catalan Working Papers in Linguistics },
	pages = {159--174},
	title = {Extended Argument Structure: {{P}}rogressive as Unaccusative},
	volume = {7},
	year = {1999}
}

@article{MarínSanchezMarco2012,
	author = {Marín, Rafael and Sánchez Marco, Cristina},
	bilal = {Royo},
	journal = {Borealis: {{A}}n International Journal of {Hispanic} Linguistics},
	number = {2},
	pages = {91--108},
	sortname = {Marin, Rafael and Sanchez Marco, Cristina},
	title = {Verbos y nombres psicológicos: {{J}}untos y revueltos},
	volume = {1},
	year = {2012}
}

@article{MarínMcNally2011,
	author = {Marín, Rafael and McNally, Louise},
	bilal = {Fabregas, Royo},
	journal = {Natural Language and Linguistic Theory},
	pages = {467--502},
	sortname = {Marin, Rafael and McNally, Louise},
	title = {Inchoativity, change of state and telicity},
	volume = {29},
	year = {2011}
}

@article{MartenKula2014,
	author = {Marten, Lutz and Nancy C. Kula},
	doi = {10.1515/jall-2014-0001},
	journal = {Journal of African Languages and Linguistics},
	number = {1},
	pages = {1–44},
	title = {Benefactive and substitutive applicatives in {{Bemba}}},
	volume = {35},
	year = {2014}
}

@article{Marantz2013,
	author = {Marantz, Alec},
	bilal = {Cuervo, Calindro},
	doi = {10.1016/j.lingua.2012.10.012},
	journal = {Lingua},
	pages = {152--168},
	title = {Verbal argument structure: {{{E}}}vents and participants},
	volume = {130},
	year = {2013}
}

@article{ManziniSavoiaFranco2015,
	author = {Manzini, M. Rita and Savoia, Leonardo M. and Franco, Ludovico},
	bilal = {Manzini},
	journal = {Acta Linguistica Hungarica},
	number = {3},
	pages = {1--55},
	title = {Ergative case, aspect and person splits: {{T}}wo case studies},
	volume = {62},
	year = {2015}
}

@article{ManziniSavoia2014,
	author = {Manzini, M. Rita and Savoia, Leonardo M.},
	bilal = {Manzini},
	journal = {{Studi Italiani di Linguistica Teorica e Applicata}},
	number = {1},
	pages = {7--42},
	title = {Person splits in the case systems of {Geg {Albanian} (Shkodër) and Arbëresh (Greeks)}},
	volume = {XLIII},
	year = {2014}
}

@article{ManziniSavoia2011,
	author = {Manzini, M. Rita and Leonardo M. Savoia},
	bilal = {Franco},
	journal = {Linguistic Variation},
	pages = {76–120},
	title = {Reducing ‘case’ to denotational primitives},
	volume = {11},
	year = {2011}
}

@article{ManziniSavoia2010,
	author = {Manzini, M. Rita and Savoia, Leonardo M.},
	bilal = {Manzini},
	journal = {{Studi Italiani di Linguistica Teorica e Applicata}},
	number = {3},
	pages = {409--438},
	title = {Case as denotation: {{V}}ariation in {Romance}},
	volume = {{XXXIX}},
	year = {2010}
}

@article{ManziniFranco2019,
	author = {Manzini, M. Rita and Franco, Ludovico},
	bilal = {Manzini},
	booktitle = {{‘Agreement of Structural Obliques’} parameter: {{DOM}} and pseudopartitives},
	editor = {Monica Irimia and Anna Pineda},
	journal = {Linguisticae Investigationes},
	number = {1},
	pages = {82--101},
	title = {{‘Agreement of Structural Obliques’} parameter: {{DOM}} and pseudopartitives},
	volume = {42},
	year = {2019}
}



@article{ManziniFranco2016,
	author = {Manzini, M. Rita and Ludovico Franco},
	journal = {Natural Language and Linguistic Theory },
	pages = {197--240},
	title = {Goal and {DOM} Datives},
	volume = {34},
	year = {2016}
}

@article{ManziniEtAl2017,
	author = {Manzini, M. Rita and Paolo Lorusso and Leonardo M. Savoia},
	ids = {ManziniLorussoSavoia2017},
	journal = {QULSO },
	pages = {11--59},
	title = {a/bare finite complements in {Southern} {Italian} varieties: {{M}}ono-clausal or bi-clausal syntax},
	volume = {3},
	year = {2017}
}



@article{ManolessouBeis2004,
	author = {Manolessou, Io and Beis, Stamatis},
	bilal = {Ledgeway},
	journal = {Modern Greek Dialects and Linguistic Theory},
	number = {1},
	pages = {220--235},
	title = {Syntactic isoglosses in modern {{Greek}} dialects: {{T}}he case of the indirect object},
	volume = {2},
	year = {2004}
}

@article{Manolessou2005,
	author = {Manolessou, Io},
	bilal = {Ledgeway},
	journal = {KAMPOS: {{C}}ambridge Papers in Modern Greek},
	pages = {103--125},
	title = {The {{Greek}} dialects of southern {{Italy}}: {{A}}n overview},
	volume = {13},
	year = {2005}
}

@article{Maling2002,
	author = {Maling, Joan},
	journal = {Íslenskt mál og almenn málfræði},
	pages = {31--106},
	title = {Það rignir þágufalli á Íslandi: {{S}}agnir sem stjórna þágufalli á andlagi sínu {[Verbs that govern dative case in {Icelandic}.]}},
	volume = {24},
	year = {2002}
}

@article{Maling2001,
	author = {Maling, Joan},
	bilal = {Cuervo},
	journal = {Lingua},
	number = {4--7},
	pages = {419--464},
	title = {{Dative}: {{T}}he heterogeneity of the mapping among morphological case, grammatical functions, and thematic roles},
	volume = {111},
	year = {2001}
}

@article{Lima-Salles2016,
	author = {Lima-Salles, Heloisa M.},
	bilal = {Manzini},
	journal = {Quaderni di Linguistica e Studi Orientali},
	pages = {79--96},
	title = {The syntax of (ditransitive) predicates of transference in {Dialectal {Brazilian Portuguese}}},
	volume = {2},
	year = {2016}
}

@article{Levinson2011,
	author = {Levinson, Lisa},
	bilal = {Franco},
	journal = {Syntax},
	pages = {355–393},
	title = {Possessive \textit{with} in {{Germanic}}: {{H}}ave and the role of {{P}}},
	volume = {14},
	year = {2011}
}

@article{Ledgeway2015,
	author = {Ledgeway, Adam},
	bilal = {Ledgeway},
	journal = {Revue Roumaine de Linguistique},
	number = {2--3},
	pages = {105--127},
	title = {Parallels in {{Romance}} nominal and clausal microvariation},
	url = {https://www.repository.cam.ac.uk/handle/1810/249244},
	volume = {LX},
	year = {2015}
}

@article{Larson2017,
	author = {Larson, Richard K.},
	bilal = {Cepeda},
	journal = {Linguistic Inquiry},
	number = {3},
	pages = {389--426},
	title = {On "dative idioms” in {{English}}},
	volume = {48},
	year = {2017}
}

@article{Larson1990,
	author = {Larson, Richard K.},
	bilal = {Antonyuk, Ledgeway},
	journal = {Linguistic Inquiry},
	number = {4},
	pages = {589--632},
	title = {Double objects revisited: {{R}}eply to {Jackendoff}},
	volume = {21},
	year = {1990}
}

@book{Larson1989,
	author = {Larson, Richard K.},
	bilal = {Antonyuk},
	series = {{MIT} Lexicon Project Working Papers},
	title = {Light predicate raising},
	number = {27},
	year = {1989}
}

@article{Larson1988,
	author = {Larson, Richard K.},
	bilal = {Antonyuk, Calindro, Cepeda, Ledgeway},
	journal = {Linguistic Inquiry},
	number = {3},
	pages = {335--391},
	title = {On the double object construction},
	volume = {19},
	year = {1988}
}

@article{Langacker1993,
	author = {Langacker, Ronald},
	bilal = {Tsedryk},
	doi = {10.1515/cogl.1993.4.1.1},
	journal = {Cognitive Linguistics},
	number = {1},
	pages = {1--38},
	title = {Reference-point constructions},
	volume = {4},
	year = {1993}
}


@article{Landman1992,
	author = {Landman, Fred },
	journal = {Natural Language Semantics},
	pages = {1--32.},
	title = {The Progressive},
	volume = {1},
	year = {1992}
}

@article{Kratzer2002,
	author = {Kratzer, Angelika},
	bilal = {Tsedryk},
	doi = {10.1023/A:1020807615085},
	journal = {Linguistics and Philosophy},
	number = {5--6},
	pages = {655--670},
	title = {Facts: {{P}}articulars of information units?},
	volume = {25},
	year = {2002}
}

@article{Kratzer1989,
	author = {Kratzer, Angelika},
	bilal = {Tsedryk},
	doi = {10.1007/BF00627775},
	journal = {Linguistics and Philosophy},
	number = {5},
	pages = {607--653},
	title = {An investigation of the lumps of thought},
	volume = {12},
	year = {1989}
}

@article{Kittilä2013,
	author = {Kittilä, Seppo},
	journal = {Folia Linguistica},
	number = {1},
	pages = {113–137},
	sortname = {Kittila, Seppo},
	title = {Causative morphemes as a de-transitivizing device: {{W}}hat do non-canonical instances reveal about causation and causativization?},
	volume = {47},
	year = {2013}
}


@article{Kayne1993,
	author = {Kayne, Richard S.},
	bilal = {Tsedryk},
	doi = {10.1111/j.1467-9582.1993.tb00837.x},
	journal = {Studia Linguistica},
	number = {1},
	pages = {3--31},
	title = {Towards a modular theory of auxiliary selection},
	volume = {47},
	year = {1993}
}



@article{Katsoyannou2001,
	author = {Katsoyannou, Marianne},
	bilal = {Ledgeway},
	journal = {Lalies},
	pages = {7--59},
	publisher = {Presses de l'Ecole normale supérieure},
	title = {{Le} parler grec de {Calabre}: {{S}}ituation linguistique et sociolinguistique},
	volume = {21},
	year = {2001}
}

@article{Jónsson2013b,
	author = {Jónsson, Jóhannes Gísli},
	journal = {Nordic Journal of Linguistics},
	number = {1},
	pages = {5--25},
	sortname = {Jonsson, Johannes Gisli},
	title = {Two types of case variation},
	volume = {36},
	year = {2013}
}

@article{Jónsson2000,
	author = {Jónsson, Jóhannes Gísli},
	journal = {Leeds Working Papers in Linguistics and Phonetics},
	pages = {71--94},
	sortname = {Jonsson, Johannes Gisli},
	title = {Case and double objects in {{Icelandic}}},
	volume = {8},
	year = {2000}
}

@article{Jiménez-Fernández2009,
	author = {Jiménez-Fernández, Ángel},
	bilal = {Cepeda},
	journal = {Philologia Hispalensis},
	pages = {179--200},
	sortname = {Jimenez-Fernandez, Angel},
	title = {The low periphery of double object constructions in {{English}} and {{Spanish}}},
	volume = {23},
	year = {2009}
}

@article{Jerro2017,
	author = {Jerro, Kyle Joseph},
	bilal = {Cuervo},
	doi = {10.1017/S0022226717000044},
	issue = {4},
	journal = {Journal of Linguistics},
	pages = {751--788},
	title = {The causative-instrumental syncretism},
	volume = {53},
	year = {2017}
}

@article{Jelinek1984,
	author = {Jelinek, Eloise},
	bilal = {Ledgeway},
	journal = {Natural Language \& Linguistic Theory},
	number = {1},
	pages = {39--76},
	publisher = {Springer},
	title = {Empty categories, case, and configurationality},
	volume = {2},
	year = {1984}
}

@article{Jackendoff1990larson,
	author = {Jackendoff, Ray},
	bilal = {Ledgeway},
	journal = {Linguistic inquiry},
	number = {3},
	pages = {427--456},
	title = {On {Larson}'s treatment of the double object construction},
	volume = {21},
	year = {1990}
}

@article{Hornstein1999,
	author = {Hornstein, Norbert},
	bilal = {Ledgeway},
	journal = {Linguistic inquiry},
	number = {1},
	pages = {69--96},
	publisher = {MIT Press},
	title = {Movement and control},
	volume = {30},
	year = {1999}
}

@article{HolmbergSheehanvanderWal2019,
	author = {Holmberg, Anders and Sheehan, Michelle and van der Wal, Jenneke},
	bilal = {Sheehan},
	doi = {10.1162/ling_a_00322},
	journal = {Linguistic Inquiry},
	number = {4},
	pages = {677--722},
	title = {Movement from the double object construction is not fully symmetrical},
	volume = {50},
	year = {2019}
}

@article{HillMardale2017,
	author = {Hill, Virginia and Alexandru Mardale},
	bilal = {Cornilescu},
	journal = {Revue Roumaine de Linguistique},
	number = {4},
	pages = {393--409},
	title = {On the interaction of differential object marking and clitic doubling in {Romanian}},
	volume = {62},
	year = {2017}
}

@article{Hill2013,
	author = {Hill, Virginia},
	bilal = {Cornilescu},
	journal = {Journal of Australian Linguistics},
	number = {2},
	pages = {140--151},
	title = {The direct object marker in {{Romanian}}: {{A}} historical perspective},
	volume = {33},
	year = {2013}
}

@article{HeineKuteva2003,
	author = {Heine, Bernd and Kuteva, Tania},
	bilal = {Ledgeway},
	doi = {10.1075/sl.27.3.04hei},
	journal = {Studies in Language},
	number = {3},
	pages = {529--572},
	publisher = {John Benjamins Publishing Company},
	title = {On contact-induced grammaticalization},
	volume = {27},
	year = {2003}
}

@article{Haspelmath2016,
	author = {Haspelmath, Martin},
	journal = {Lingua Posnaniensis},
	title = {Universals of causative and anticausative verb formation and the spontaneity scale},
	doi = {https://doi.org/10.1515/linpo-2016-0009},
	year = {2016}
}

@article{Haspelmath2004,
        volume = {2},
	author = {Haspelmath, Martin},
	bilal = {Sheehan},
	journal = {Constructions},
	title = {Explaining the ditransitive {Person-Role Constraint}: {{A}} usage-based approach},
	url = {https://journals.linguisticsociety.org/elanguage/constructions/article/view/3073.html},
	year = {2004}
}

@article{HarleyJung2015,
	author = {Harley, Heidi and Jung, Hyun Kyoung},
	bilal = {Ledgeway},
	journal = {Linguistic Inquiry},
	pages = {703--730},
	publisher = {MIT Press},
	title = {In support of the {{P}}{{H}}ave analysis of the double object construction},
	volume = {46},
	year = {2015}
}

@article{Harley2013,
	author = {Harley, Heidi},
	bilal = {Cuervo},
	journal = {Lingua},
	pages = {34--57},
	title = {External arguments and the mirror principle: {{O}}n the distinctness of {Voice} and v},
	volume = {125},
	year = {2013}
}

@article{Harley2002,
	author = {Harley, Heidi},
	bilal = {Antonyuk, Sheehan, Franco, Ledgeway, Manzini},
	journal = {Linguistic Variation Yearbook},
	number = {1},
	pages = {31--70},
	title = {Possession and the double object construction},
	volume = {2},
	year = {2002}
}


@article{HarbertToribio1991,
	author = {Harbert, Wayne E. and Toribio, Almeida J.},
	bilal = {Antonyuk},
	journal = {Cornell Working Papers in Linguistics},
	pages = {127–-192},
	title = {Nominative objects},
	volume = {9},
	year = {1991}
}

@article{Hallman2015,
	author = {Hallman, Peter},
	bilal = {Antonyuk, Cepeda},
	doi = {10.1162/LING_a_00187},
	journal = {Linguistic Inquiry},
	number = {3},
	pages = {389--424},
	title = {Syntactic neutralization in double object constructions},
	volume = {46},
	year = {2015}
}

@article{Guasti1996,
	author = {Guasti, Maria Teresa},
	bilal = {Sheehan},
	journal = {Linguistic Inquiry},
	number = {2},
	pages = {294--313},
	title = {Semantic restrictions in {{Romance}} causatives and the incorporation approach},
	volume = {27},
	year = {1996}
}

@article{Grimshaw1997,
	author = {Grimshaw, Jane B.},
	bilal = {Cabre},
	journal = {Linguistic Inquiry},
	number = {3},
	pages = {373--422},
	title = {Projection, heads, and optimality},
	volume = {28},
	year = {1997}
}

@article{Grimm2011,
	author = {Grimm, Scott},
	bilal = {Cuervo},
	journal = {Morphology},
	number = {3--4},
	pages = {515--544},
	title = {Semantics of case},
	volume = {21},
	year = {2011}
}

@article{GreenbergFranks1991,
	author = {Greenberg, Gerald and Franks, Steven},
	bilal = {Antonyuk},
	journal = {The Slavic and East European Journal},
	number = {1},
	pages = {71--97},
	title = {A parametric approach to dative subjects and the second dative in {{Slavic}}},
	volume = {35},
	year = {1991}
}

@article{Good2005,
	author = {Good, Jeff},
	journal = {Diachronica},
	number = {1},
	pages = {3–57},
	title = {Reconstructing morpheme order in {{Bantu}}: {{T}}he case of causativization and applicativization},
	volume = {22},
	year = {2005}
}

@article{Ginebra2015,
	author = {Ginebra, Jordi},
	bilal = {Royo},
	journal = {Caplletra},
	pages = {137--157},
	title = {Neologia i gramàtica: {{{E}}}ntre el neologisme lèxic i el neologisme sintàctic},
	volume = {59},
	year = {2015}
}

@article{Ganeshan2019,
	author = {Ganeshan, Ashwini},
	bilal = {Royo},
	journal = {Studies in {Hispanic} and {Lusophone} Linguistics},
	number = {1},
	pages = {1-33},
	title = {Examining animacy and agentivity in {{Spanish}} reverse-psych verbs},
	volume = {12},
	year = {2019}
}

@article{Gallego2010,
	author = {Gallego, Ángel},
	bilal = {Franco},
	journal = {{Catalan Journal of Linguistics}},
	pages = {79–102},
	sortname = {Gallego, Angel},
	title = {On the prepositional nature of non-finite verbs},
	volume = {9},
	year = {2010}
}


@article{FábregasMarín2015,
	author = {Fábregas, Antonio and Marín, Rafael},
	bilal = {Fabregas},
	doi = {10.1515/tlr-2014-0022},
	journal = {The Linguistic Review},
	number = {2},
	pages = {167--215},
	sortname = {Fabregas, Antonio and Marin, Rafael},
	title = {Deriving individual-level and stage-level psych verbs in {Spanish}},
	volume = {32},
	year = {2015}
}

@article{Fábregas2007,
	author = {Fábregas, Antonio},
	bilal = {Fabregas},
	doi = {10.7557/12.110},
	journal = {Nordlyd},
	number = {2},
	pages = {165--199},
	sortname = {Fabregas, Antonio},
	title = {The {Exhaustive Lexicalisation Principle}},
	volume = {34},
	year = {2007}
}

@article{Freeze1992,
	author = {Freeze, Ray},
	bilal = {Tsedryk, Franco},
	doi = {10.2307/415794},
	journal = {Language},
	number = {3},
	pages = {553--595},
	title = {Existentials and other locatives},
	volume = {68},
	year = {1992}
}


@article{FrancoManzini2017Ins,
	author = {Franco, Ludovico and Manzini, M. Rita},
	bilal = {Manzini},
	doi = {10.5334/gjgl.111},
	issue = {Article 8},
	journal = {Glossa: {{A}} Journal of General Linguistics},
	number = {1},
	pages = {1--47},
	title = {Instrumental prepositions and case: {{C}}ontexts of occurrence and alternations with datives},
	volume = {2},
	year = {2017}
}


@article{Franco2015,
	author = {Franco, Ludovico},
	journal = {Probus},
	pages = {271--306},
	title = {The Morphosyntax of Adverbs of the {Carpone/i} type in (Old and Modern) {Italian}},
	volume = {27},
	year = {2015}
}

@article{Fortuin2007,
	author = {Fortuin, Egbert},
	bilal = {Tsedryk},
	doi = {10.1007/s11185-007-9015-y},
	journal = {Russian Linguistics},
	pages = {201--230},
	title = {Modality and aspect: {{I}}nteraction of constructional meaning and aspectual meaning in the dative-infinitive construction in {{Russian}}},
	volume = {13},
	year = {2007}
}

@article{FernándezAlcalde2014,
	author = {Fernández Alcalde, Héctor},
	bilal = {Cuervo},
	doi = {10.1556/ALing.61.2014.1.3},
	journal = {Acta Linguistica Hungarica},
	number = {1},
	pages = {69--90},
	sortname = {Fernandez Alcalde, Hector},
	title = {Two types of datives in {{Spanish}}: {{C}}aused possession vs. {{P}}ossessor raising},
	volume = {61},
	year = {2014}
}

@incollection{Fabregas2015experimentante,
	address = {Madrid},
	author = {Fábregas, Antonio},
	bilal = {Royo},
	booktitle = {Los predicados psicológicos},
	editor = {Rafel Marín},
	pages = {51--79},
	publisher = {Visor Libros},
	sortname = {Fabregas, Antonio},
	title = {{No} es experimentante todo lo que experimenta o cómo determinar que un verbo es psicológico},
	year = {2015}
}


@article{Fabregas2015direccionales,
	author = {Fábregas, Antonio},
	bilal = {Franco},
	journal = {Revue Romane},
	pages = {163–190},
	sortname = {Fabregas, Antonio},
	title = {Direccionales con \textit{con} y {{M}}arcado {{D}}iferencial de {{O}}bjeto},
	volume = {50},
	year = {2015}
}


@article{Dyakonova2005,
	author = {Dyakonova, Marina},
	bilal = {Antonyuk},
	journal = {{Amsterdam Center for Language and Communication} Working Papers},
	number = {1},
	pages = {3–30},
	title = {{{Russian}} double object constructions},
	volume = {2},
	year = {2005}
}

@article{Diercks2012,
	author = {Diercks, Michael},
	journal = {Syntax},
	number = {3},
	pages = {253–286},
	title = {Parameterizing case: {{{E}}}vidence from {{Bantu}}},
	volume = {15},
	year = {2012}
}

@article{DiaconescuRivero2007,
	author = {Diaconescu, Rodica and Rivero, María Luisa},
	bilal = {Calindro, Cornilescu},
	journal = {Probus},
	number = {2},
	pages = {209--233},
	title = {An applicative analysis of double object constructions in {{Romanian}}},
	volume = {19},
	year = {2007}
}

@article{Demonte1995,
	author = {Demonte, Violeta},
	bilal = {Cuervo, Sheehan, Cepeda, Ledgeway},
	doi = {10.1515/prbs.1995.7.1.5},
	journal = {Probus},
	number = {1},
	pages = {5--30},
	title = {{Dative} alternation in {{Spanish}}},
	volume = {7},
	year = {1995}
}

@article{Cuervo2015Syntax,
	author = {Cuervo, María Cristina},
	bilal = {Cuervo},
	doi = {10.1111/synt.12115},
	journal = {Syntax},
	number = {4},
	pages = {388--424},
	sortname = {Cuervo, Maria Cristina},
	title = {Causation without a cause},
	volume = {18},
	year = {2015}
}

@article{Cuervo2014,
	author = {Cuervo, María Cristina},
	bilal = {Cuervo},
	doi = {10.1016/j.lingua.2013.12.001},
	journal = {Lingua},
	pages = {48--70},
	sortname = {Cuervo, Maria Cristina},
	title = {Alternating unaccusatives and the distribution of roots},
	volume = {141},
	year = {2014}
}

@article{Cuervo2010Probus,
	author = {Cuervo, María Cristina},
	bilal = {Cuervo, Calindro},
	journal = {Probus},
	number = {2},
	pages = {151--180},
	sortname = {Cuervo, Maria Cristina},
	title = {Against ditransitivity},
	volume = {22},
	year = {2010}
}

@article{Cuervo1999,
	author = {Cuervo, María Cristina},
	bilal = {Royo},
	journal = {{MIT} Working Papers in Linguistics},
	pages = {213--227},
	title = {Quirky but not eccentric: {{D}}ative subjects in {{Spanish}}},
	volume = {34},
	year = {1999}
}

@article{CornilescuDinuTigău2017Dative,
	author = {Cornilescu, Alexandra and Dinu, Anca and Tigău, Alina},
	bilal = {Cornilescu},
	journal = {Revue Roumaine de Linguistique},
	number = {2},
	pages = {179--206},
	sortname = {Cornilescu, Alexandra and Dinu, Anca and Tigau, Alina},
	title = {{Romanian} dative configurations: {{D}}itransitive verbs, a tentative analysis},
	volume = {62},
	year = {2017}
}

@article{CornilescuDinuTigău2017DOC,
	author = {Cornilescu, Alexandra and Dinu, Anca and Tigău, Alina},
	bilal = {Cornilescu},
	journal = {Revue Roumaine de Linguistique},
	number = {2},
	pages = {157--177},
	sortname = {Cornilescu, Alexandra and Dinu, Anca and Tigau, Alina},
	title = {Experimental data on {{Romanian}} double object constructions},
	volume = {62},
	year = {2017}
}

@article{Copley2008,
	author = {Copley, Bridget},
	bilal = {Tsedryk},
	doi = {10.1162/ling.2008.39.2.261},
	journal = {Linguistic Inquiry},
	number = {2},
	pages = {261--274},
	title = {The plan’s the thing: {{D}}econstructing futurate meanings},
	volume = {39},
	year = {2008}
}

@article{CollinsThráinsson1993,
	author = {Collins, Chris and Thráinsson, Höskuldur},
	journal = {Papers on Case and Agreement II, MITWPL},
	pages = {131--174},
	sortname = {Collins, Chris and Thrainsson, Hoskuldur},
	title = {Object shift in double object constructions and the theory of case},
	volume = {19},
	year = {1993}
}

@article{CipriaRoberts2000,
	author = {Cipria, Alicia and Craige Roberts},
	bilal = {Tsedryk},
	doi = {10.1023/A:1011202000582},
	journal = {Natural Language Semantics},
	number = {4},
	pages = {297--347},
	title = {{{Spanish}} imperfecto and pretérito: {{T}}ruth conditions and aktionsart effects in a situation semantics},
	volume = {8},
	year = {2000}
}

@article{Cinque2017,
	author = {Cinque, Guglielmo},
	bilal = {Franco},
	journal = {Language and Linguistics},
	pages = {521--576},
	title = {On the status of functional categories (heads and phrases)},
	volume = {18},
	year = {2017}
}


@article{ChomskyGallegoOttTA,
	author = {Chomsky, Noam and Gallego, Ángel and Ott, Dennis},
	bilal = {Manzini},
	booktitle = {Generative grammar and the faculty of language: {{I}}nsights, questions, and challenges},
	editor = {Ángel Gallego and Dennis Ott},
	issuetitle = {Generative syntax: {{Q}}uestions, crossroads, and challenges},
	journal = {Catalan Journal of Linguistics},
	sortname = {Chomsky, Noam and Gallego, Angel and Ott, Dennis},
	title = {Generative grammar and the faculty of language: {{I}}nsights, questions, and challenges},
	year = {To appear}
}

@article{Chomsky2013,
	author = {Chomsky, Noam},
	bilal = {Tsedryk},
	journal = {Lingua},
	pages = {33--49},
	title = {Problems of projection},
	volume = {130},
	year = {2013}
}

@article{Chomsky2005,
	author = {Chomsky, Noam},
	bilal = {Calindro},
	journal = {Linguistic Inquiry},
	number = {1},
	pages = {1--22},
	title = {Three factors in language design},
	volume = {36},
	year = {2005}
}

@article{Cardinaletti2002,
	author = {Cardinaletti, Anna},
	bilal = {Ledgeway},
	journal = {Studia linguistica},
	number = {1},
	pages = {29--57},
	publisher = {Wiley Online Library},
	title = {Against optional and null clitics. {{R}}ight dislocation vs. {{M}}arginalization},
	volume = {56},
	year = {2002}
}

@article{Calindro2016,
	author = {Calindro, Ana},
	bilal = {Calindro},
	journal = {Rivista di Grammatica Generativa},
	pages = {35--44},
	title = {Introducing indirect arguments: {{T}}he locus of a diachronic change},
	volume = {38},
	year = {2016}
}

@article{CabréMateu1998,
	author = {Cabré, Teresa and Mateu, Jaume },
	bilal = {Royo},
	journal = {Quaderns: {{R}}evista de traducció},
	pages = {65--81},
	sortname = {Cabre, Teresa and Mateu, Jaume },
	title = {Estructura gramatical i normativa lingüística: {{A}} propòsit dels verbs psicològics en català},
	volume = {2},
	year = {1998}
}

@article{CabréFábregas2019,
	author = {Cabré, Teresa and Fábregas, Antonio},
	bilal = {Cabre},
	doi = {10.1515/tlr-2018-2010},
	journal = {The Linguistic Review},
	number = {2},
	pages = {151--190},
	sortname = {Cabre, Teresa and Fabregas, Antonio},
	title = {3rd person clitic combinations across {{Catalan}} varieties: {{C}}onsequences for the nature of the dative clitic},
	volume = {36},
	year = {2019}
}

@article{Bruening2010Ditrans,
	author = {Bruening, Benjamin},
	bilal = {Cuervo, Ledgeway},
	doi = {10.1162/LING_a_00012},
	journal = {Linguistic Inquiry},
	number = {4},
	pages = {519--562},
	title = {Ditransitive asymmetries and a theory of idiom formation},
	volume = {41},
	year = {2010}
}

@article{Bruening2010DOC,
	author = {Bruening, Benjamin},
	bilal = {Antonyuk, Sheehan, Ledgeway},
	doi = {10.1162/ling.2010.41.2.287},
	journal = {Linguistic Inquiry},
	number = {2},
	pages = {287--305},
	title = {Double object constructions disguised as prepositional datives},
	volume = {41},
	year = {2010}
}

@article{Bruening2001,
	author = {Bruening, Benjamin},
	bilal = {Antonyuk},
	doi = {10.1162/00243890152001762},
	journal = {Linguistic Inquiry},
	number = {2},
	pages = {233--273},
	title = {{{QR}} obeys superiority: {{F}}rozen scope and {{ACD}}},
	volume = {32},
	year = {2001}
}

@article{Brito2015,
	author = {Brito, Ana Maria},
	bilal = {Cepeda},
	journal = {Oslo Studies in Language},
	number = {1},
	pages = {337--357},
	title = {Two base generated structures for ditransitives in {{European} {Portuguese}}},
	volume = {7},
	year = {2015}
}

@article{BosseEtAl2012,
	author = {Bosse, Solveig and Bruening, Benjamin and Yamada, Masahiro},
	bilal = {Basilico},
	doi = {10.1007/s11049-012-9177-1},
	journal = {Natural Language and Linguistic Theory},
	pages = {1185--1230},
	title = {Affected experiencers},
	volume = {30},
	year = {2012}
}

@article{Bordelois1988,
	author = {Bordelois, Ivonne},
	bilal = {Sheehan},
	doi = {10.1007/BF01791592},
	journal = {Natural Language and Linguistic Theory},
	number = {1},
	pages = {57--93},
	title = {Causatives: {{F}}rom lexicon to syntax},
	volume = {6},
	year = {1988}
}

@article{Bonet1995,
	author = {Bonet, Eulàlia},
	bilal = {Cabre},
	journal = {Natural Language and Linguistic Theory},
	number = {4},
	pages = {607--647},
	sortname = {Bonet, Eulalia},
	title = {Feature structure of {{Romance}} clitics},
	volume = {13},
	year = {1995}
}

@article{Bonet1993,
	author = {Bonet, Eulàlia},
	bilal = {Cabre},
	journal = {Catalan Working Papers in Linguistics},
	number = {1},
	pages = {85--111},
	sortname = {Bonet, Eulalia},
	title = {3rd person pronominal clitics in dialects of {{Catalan}}},
	volume = {3},
	year = {1993}
}

@article{BonehSichel2010,
	author = {Boneh, Nora and Sichel, Ivy},
	journal = {Natural Language and Linguistic Theory},
	pages = {1--40},
	title = {Deconstructing possession},
	volume = {28},
	year = {2010}
}

@article{BonehNash2017,
	author = {Boneh, Nora and Nash, Lea},
	bilal = {Cuervo},
	journal = {Natural Language and Linguistic Theory},
	number = {4},
	pages = {899--953},
	title = {The syntax and semantics of dative {{DP}}s in {{Russian}} ditransitives},
	volume = {35},
	year = {2017}
}

@article{BjorkmanCowper2016,
	author = {Bjorkman, Bronwyn and Cowper, Elizabeth},
	bilal = {Franco, Tsedryk},
	journal = {Lingua},
	pages = {30--48},
	title = {Possession and necessity: {{F}}rom individuals to worlds},
	volume = {182},
	year = {2016}
}

@article{BiberauerRoberts2015,
	author = {Biberauer, Theresa and Roberts, Ian},
	bilal = {Calindro},
	journal = {Cambridge Occasional Papers in Linguistics},
	pages = {1--31},
	title = {Rethinking formal hierarchies: {{A}} proposed unification},
	volume = {7},
	year = {2015}
}




@article{Bianchi2006,
	author = {Bianchi, Valentina},
	bilal = {Sheehan},
	doi = {10.1016/j.lingua.2005.05.002},
	journal = {Lingua},
	number = {12},
	pages = {2023--2067},
	title = {On the syntax of person arguments},
	volume = {116},
	year = {2006}
}

@article{BelvinDenDikken1997,
	author = {Belvin, Robert and den Dikken, Marcel},
	bilal = {Franco, Manzini},
	ids = {BelvindenDikken1997},
	journal = {Lingua},
	number = {3--4},
	pages = {151–183},
	title = {There, happens, to, be, have},
	volume = {101},
	year = {1997}
}

@article{Belvin1997,
	author = {Belvin, Robert and den Dikken, Marcel},
	journal = {Lingua},
	pages = {151-183},
	title = {There, Happens, to, {Be}, {Have}},
	volume = {101},
	year = {1997}
}

@article{BellettiRizzi1988,
	author = {Belletti, Adriana and Rizzi, Luigi},
	bilal = {Cuervo, Antonyuk, Fabregas, Royo},
	doi = {10.1007/BF00133902},
	journal = {Natural Language and Linguistic Theory},
	number = {3},
	pages = {291--352},
	title = {Psych-verbs and {θ-Theory}},
	volume = {6},
	year = {1988}
}



@article{Belletti2004Probus,
	author = {Belletti, Adriana},
	bilal = {Cornilescu},
	journal = {Probus},
	number = {1},
	pages = {1--36},
	title = {Extended doubling and the {{VP}} periphery},
	volume = {17},
	year = {2004}
}

@article{BeckJohnson2004,
	author = {Beck, Sigrid and Johnson, Kyle},
	bilal = {Franco, Manzini},
	journal = {Linguistic Inquiry},
	number = {1},
	pages = {97--124},
	title = {Double objects again},
	volume = {35},
	year = {2004}
}

@article{Beck2004,
	author = {Beck, Sigrid and Kyle Johnson},
	journal = {Linguistic Inquiry},
	pages = {97--124},
	title = {Double objects again},
	volume = {35},
	year = {2004}
}

@article{Beavers2011,
	author = {Beavers, John},
	journal = {Journal of Semantics},
	pages = {1–54},
	title = {An aspectual analysis of ditransitive verbs of caused possession in {{English}}},
	volume = {28},
	year = {2011}
}

@article{Battisti1927,
	author = {Battisti, Carlo},
	bilal = {Ledgeway},
	journal = {Revue de linguistique romane},
	pages = {1--91},
	title = {Appunti sulla storia e sulla diffusione dell'ellenismo nell'{Italia} {Meridionale} (avec 3 cartes)},
	volume = {3},
	year = {1927}
}

@article{BarssLasnik1986,
	author = {Barss, Andrew and Lasnik, Howard},
	bilal = {Ledgeway},
	journal = {Linguistic inquiry},
	number = {2},
	pages = {347--354},
	publisher = {JSTOR},
	title = {A note on anaphora and double objects},
	volume = {17},
	year = {1986}
}

@article{BakerCollins2006,
	author = {Baker, Mark C. and Chris Collins},
	journal = {Natural Language \& Linguistic Theory},
	pages = {307–354},
	title = {Linkers and the Internal Structure of {vP}},
	volume = {24},
	year = {2006}
}

@book{Baker2008,
	address = {Cambridge, UK},
	author = {Baker, Mark C.},
	title = {The Syntax of Agreement and Concord},
	publisher = {Cambridge University Press},
	series = {Cambridge Studies in Linguistics},
	title = {Parameters of agreement},
	volume = {115},
	year = {2008}
}

@article{Baker1985,
	author = {Baker, Mark C.},
	journal = {Linguistic Inquiry},
	number = {3},
	pages = {373–415},
	title = {The {Mirror Principle} and Morphosyntactic Explanation},
	volume = {16},
	year = {1985}
}

@article{Bach1986,
	author = {Bach, Emmon},
	bilal = {Franco},
	journal = {Linguistics and Philosophy},
	pages = {5–16},
	title = {The algebra of events},
	volume = {9},
	year = {1986}
}

@article{ArreguiRiveroSalanova2014,
	author = {Arregui, Ana and Rivero, María Luisa and Salanova, Andrés},
	bilal = {Tsedryk},
	doi = {10.1007/s11049-013-9226-4},
	journal = {Natural Language and Linguistic Theory},
	number = {2},
	pages = {307--362},
	sortname = {Arregui, Ana and Rivero, Maria Luisa and Salanova, Andres},
	title = {Cross-linguistic variability in imperfectivity},
	volume = {32},
	year = {2014}
}

@article{Arad1999,
	author = {Arad, Maya},
	bilal = {Royo},
	journal = {{MIT} Working Papers in Linguistics},
	pages = {1--25},
	title = {On “little v”},
	volume = {33},
	year = {1999}
}

@article{Antonyuk2019,
	author = {Antonyuk, Svitlana},
	bilal = {Antonyuk},
	doi = {10.5334/gjgl.562},
	issue = {Article 54},
	journal = {Glossa: {{A}} Journal of General Linguistics},
	number = {1},
	title = {Quantifier scope in {{Russian}}},
	volume = {4},
	year = {2019}
}

@incollection{AlexiadouEtAl2006,
	address = {Berlin},
	author = {Alexiadou, Artemis and Anagnostopoulou, Elena and Schäfer, Florian},
	bilal = {Antonyuk},
	booktitle = {Phases of interpretation},
	editor = {Mara Frascarelli},
	pages = {187–-211},
	publisher = {Mouton de Gruyter},
	sortname = {Alexiadou, Artemis and Anagnostopoulou, Elena and Schafer, Florian},
	title = {The properties of anticausatives crosslinguistically},
	year = {2006}
}

@article{Aissen2003,
	author = {Aissen, Judith},
	bilal = {Ledgeway},
	journal = {Natural Language \& Linguistic Theory},
	number = {3},
	pages = {435--483},
	publisher = {Springer},
	title = {Differential object marking: {{I}}conicity vs. {{{E}}}conomy},
	volume = {21},
	year = {2003}
}

@article{AdgerHarbour2007,
	author = {Adger, David and Harbour, Daniel},
	bilal = {Sheehan, Cabre},
	journal = {Syntax},
	number = {1},
	pages = {2--37},
	title = {Syntax and syncretisms of the {Person Case Constraint}},
	volume = {10},
	year = {2010}
}

@article{Acedo-Matellán2017,
	author = {Acedo-Matellán, Víctor},
	bilal = {Cuervo},
	journal = {Catalan Journal of Linguistics},
	pages = {19--49},
	sortname = {Acedo-Matellan, Victor},
	title = {{{Latin}} datives with prefixed verbs and beyond: {{A}} view from the theory of applicatives},
	volume = {16},
	year = {2017}
}



 @Book{Zubizarreta1998,
        address = {Cambridge, MA},
        author = {Zubizarreta, Maria Luisa},
        publisher = {MIT Press},
        title = {Prosody, focus, and word order},
        year = {1998},
}


@book{BonehNash2011,
	address = {Amsterdam},
	author = {Boneh, Nora and Lea Nash},
       editor = { Janine Berns and, Haike Jacobs and Tobias Scheer},
booktitle = {Romance Languages and Linguistic Theory 2009},
pages = {19-38},
	publisher = {John Benjamins},
	title = {When the benefit is on the fringe},
	year = {2011}
}





@incollection{Cordin1993,
	address = {Torino},
	author = {Cordin, Patrizia},
	booktitle = {Syntactic Theory and the Dialects of {Italy}},
	editor = {Adriana Belletti},
	pages = {130--154},
	publisher = {Rosenberg/Sellier,},
	title = {{Dative} Clitic Doubling in Trentino},
	year = {1993}
}


@book{HolmbergPlatzack1995,
	address = {New York},
	author = {Holmberg, Anders and Christer Platzack},
	publisher = {Oxford University Press},
	title = {The Role of Inflection in Scandinavian Syntax},
	year = {1995}
}


@book{Jackendoff1990structures,
	address = {Cambridge},
	author = {Jackendoff, Ray S.},
	publisher = {The MIT Press},
	title = {Semantic structures},
	year = {1990}
}

@book{HaleKeyser2002,
	address = {Cambridge},
	author = {Hale, Ken and Keyser, Samuel},
	publisher = {The MIT Press},
	title = {Prolegomenon to a theory of argument structure},
	year = {2002}
}



@article{MiyagawaTsujioka2004,
	author = {Miyagawa, Shigeru and Takae Tsujioka},
	journal = {Journal of East Asian Linguistics},
	pages = {1--38},
	title = {Argument Structure and Ditransitive Verbs in {Japanese}},
	volume = {13},
	year = {2004}
}

@misc{MiyagawaJung2004,
	author = {Miyagawa, Shigeru and Yeun-Jin Jung},
	note = {Proceedings of the Seoul International Conference on Generative Grammar. 101-120.},
	title = {Decomposing Ditransitive Verbs},
	year = {2004}
}


@incollection{McIntyre2006,
	address = {Amsterdam},
	author = {McIntyre, Andrew},
	booktitle = {Datives and Other Cases},
	editor = {Hole, Daniel, Andre Meinunger and Werner Abraham},
	pages = {185--211},
	publisher = {Benjamins},
	title = {The interpretation of {German} datives and {English} have},
	year = {2006}
}


@incollection{Masullo1992quirky,
	address = {Cambridge, MA},
	author = {Masullo, Pascual J.},
	bilal = {Royo},
	booktitle = {{{Proceedings of the 4th Student Conference in Linguistics ({SCIL} 4)}, {{MITWPL}} 16}},
	editor = {Kathol, Andrea and Beckman, Jill},
	pages = {89--104},
	sortname = {Masullo, Pascual Jose},
	title = {Quirky datives in {{Spanish}} and the {Non-Nominative Subject Parameter}},
	year = {1992}
}

@thesis{Masullo1992thesis,
	author = {Masullo, Pascual J.},
	bilal = {Cuervo},
	school = {University of Washington},
	title = {Incorporation and case theory in {{Spanish}}: {{A}} crosslinguistic perspective},
	type = {dissertation},
	year = {1992}
}


@incollection{Parodi1998,
	address = {Tübingen},
	author = {Parodi, Teresa},
	booktitle = {Models of Inflection},
	editor = {Ray Fabri, Albert Ortmann and Teresa Parodi},
	pages = {85--102},
	publisher = {Niemeyer},
	title = {Aspects of clitic doubling and clitic clusters in {Spanish}},
	year = {1998}
}


@thesis{Senn2008,
	address = {Ottawa},
	author = {Senn, Cristina Rita},
	school = {University of Ottawa PhD},
	title = {Reasuntivos y Doblado del clítico: {{{E}}}n torno a la caracterización del término "Casi - Nativo"},
	year = {2008}
}


@article{OrmazabalRomero2013,
	author = {Ormazabal, Javier and Juan Romero},
	journal = {Borealis: An International Journal of Hispanic Linguistics},
	number = {2},
	pages = {221--239},
	title = {Differential Object Marking, Case and Agreement},
	volume = {2},
	year = {2013}
}


@incollection{Sáez2009,
	address = {Washington},
	author = {Sáez, Luis},
	booktitle = {In Little words: {{T}}heir history, phonology, syntax, semantics, pragmatics, and acquisition},
	editor = {Ronald P. Leow, Héctor Campos and Donna Lardiere},
	pages = {61--73},
	publisher = {Georgetown University Press},
	sortname = {Saez, Luis},
	title = {Applicative phrases hosting accusative clitics},
	year = {2009}
}





@thesis{Troberg2008,
	address = {Toronto},
	author = {Troberg, Michelle Ann},
	school = {University of Toronto PhD},
	title = {Dynamic Two-place Indirect Verbs in {French}: {{A}} Synchronic and Diachronic Study in Variation and Change of Valence},
	year = {2008}
}


@article{JónssonEythórsson2005,
	author = {Jónsson, Jóhannes Gísli and Thórhallur Eythórsson},
	journal = {Variation in subject case marking in Insular Scandinavian.Nordic Journal of Linguistics},
	pages = {223--245},
	sortname = {Jonsson, Johannes Gisli and Thorhallur Eythorsson},
	volume = {28},
	year = {2005}
}

@phdthesis{Romero1997,
	address = {Madrid},
	author = {Romero, Juan},
	school = {Universidad Autónoma de Madrid},
	title = {Construcciones de doble objeto y gramática universal},
	year = {1997}
}

@article{TorresMoraisSalles2010,
	author = {Torres Morais, Maria Aparecida and Salles, Heloísa},
	bilal = {Calindro, Cepeda},
	journal = {Probus},
	number = {2},
	pages = {181--209},
	sortname = {Torres Morais, Maria Aparecida and Salles, Heloisa},
	title = {Parametric change in the grammatical encoding of indirect objects in {{Brazilian Portuguese}}},
	volume = {22},
	year = {2010}
}



@book{Tigau2011,
	address = {Bucharest},
	author = {Tigau, Alina Mihaela},
	publisher = {Bucharest University Press},
	title = {Syntax and Semantics of the Direct Object in {Romance} and {Germanic} Languages},
	year = {2011}
}
