@book{Varela2017,
  author    = {Cohen Varela, Amy}, 
  title     = {{{Le}} cercle créateur: {É}crits (1976–2001)},
  publisher = {Seuil},
  year      = {2017},
  address   = {Paris},
  note = {An anthology of works by Francisco J. Varela}
}


@article{Traverso2012,
	address = {Les Ulis},
	author = {Traverso, Véronique},
	journal = {Actes du 3e Congrès Mondial de Linguistique Française -- {{CMLF}} 2012},
	editor = {Neveu, Franck and Valelia Muni Toke and Peter Blumenthal and Thomas Klingler and Pierluigi Ligas and Sophie Prévost and Sandra Teston-Bonnard},
	pages = {663--679},
	publisher = {EDP Sciences},
	sortname = {Traverso, Veronique},
	title = {Organisation du cadre participatif, accord et répétition dans l'interaction},
	year = {2012},
	volume = {1},
	doi = {10.1051/shsconf/20120100203}
} 


@incollection{TraumLarsson2003,
	address = {Dordrecht},
	author = {Traum, David R. and Staffan Larsson},
	booktitle = {Current and New Directions in Discourse and Dialogue},
	editor = {Kuppevelt, Jan van and Ronnie W. Smith},
	pages = {325--353},
	publisher = {Springer},
	title = {The Information State Approach to Dialogue Management},
	year = {2003}
} 


@incollection{SerraSteffen2010,
	address = {Paris},
	author = {Serra, Cecilia and Gabriela Steffen},
	booktitle = {Apprendre en classe d'immersion. {{Q}}uels concepts? {{Q}}uelle théorie?},
	editor = {Carol, Rita},
	pages = {129--186},
	publisher = {L'Harmattan},
	title = {Acquisition des concepts et interaction des langues et disciplines dans l'enseignement bilingue},
	year = {2010}
} 
 

@incollection{Salvan2005,
	address = {Bruxelles},
	author = {Salvan, Geneviève},
	booktitle = {Dialogisme et polyphonie: {Approches} linguistiques},
	editor = {Bres, Jacques and Pierre P. Haillet and Sylvie Mellet and Henning Nølke and Laurence Rosier},
	pages = {265--279},
	publisher = {De Boeck Supérieur},
	title = {Dites-vous ou le dialogique à l'épreuve du dialogal (et vice versa)},
	year = {2005}
} 


@incollection{Sacks1984,
	address = {Cambridge},
	author = {Sacks, Harvey},
	booktitle = {Structures of Social Actions: {{S}}tudies in Conversation Analysis},
	editor = {Atkinson, John Maxwell and John Heritage},
	pages = {413--429},
	publisher = {Cambridge University Press},
	title = {On doing “being ordinary”},
	year = {1984},
	doi = {10.1017/CBO9780511665868.024}
} 
 

@incollection{Robinson2013,
	address = {Oxford},
	author = {Robinson, Jeffrey D.},
	booktitle = {The Handbook of conversation analysis},
	editor = {Sidnell, Jack and Tanya Stivers},
	pages = {257--280},
	publisher = {Wiley-Blackwell},
	title = {Overall structural organization},
	year = {2013}
} 
 

@incollection{Rabatel2016,
	address = {Limoges},
	author = {Rabatel, Alain},
	booktitle = {L'Enonciation aujourd'hui, un concept-clé des sciences du langage},
	editor = {Colas-Blaise, Marion and Laurent Perrin and Gian Maria Tore},
	pages = {137--152},
	publisher = {Lambert-Lucas},
	title = {Diversité des points de vue et mobilité empathique},
	year = {2016}
} 
 

@incollection{Rabatel2013,
	address = {Chambéry},
	author = {Rabatel, Alain},
	booktitle = {Dire/montrer, au cœur du sens},
	editor = {de Chanay, Hugues and Marion Colas-Blaise and Le Guern, Odile},
	pages = {137--157},
	publisher = {Université de Savoie},
	title = {Les relations dire/montrer au prisme du point de vue représenté},
	year = {2013}
} 
 

@incollection{PomerantzHeritage2012,
        ids = {Pomerantz1984},
	address = {Oxford},
	author = {Pomerantz, Anita and John Heritage},
	booktitle = {The Handbook of Conversation Analysis},
	editor = {Sidnell, Jack and Tanya Stivers},
	pages = {210--228},
	publisher = {Wiley-Blackwell},
	title = {Preference},
	doi = {10.1002/9781118325001.ch11},
	year = {2012}
} 
 

@incollection{Piotrowski2017,
	address = {Berlin},
	author = {Piotrowski, David and Yves-Marie Visetti},
	booktitle = {Language in Complexity: {{T}}he Emerging Meaning},
	editor = {La Mantia, Francesco and Ignazio Licata and Pietro Perconti},
	pages = {3--28},
	publisher = {Springer},
	title = {The Game of Complexity and Linguistic Theorization},
	year = {2017}
}
 

@incollection{Perrier2014,
	address = {Paris},
	author = {Perrier, Edith},
	booktitle = {Complexité-Simplexité},
	editor = {Berthoz, Alain and Jean-Luc Petit},
	publisher = {Collège de France},
	title = {De la simplexité et des systèmes complexes},
	year = {2014},
	doi = {10.4000/books.cdf.3359}
} 
 

@incollection{Paolucci2017,
	address = {Cham},
	author = {Paolucci, Claudio},
	booktitle = {Language in Complexity: {T}he Emerging Meaning},
	editor = {La Mantia, Francesco and Ignazio Licata and Pietro Perconti},
	pages = {83--98},
	publisher = {Springer},
	title = {System and Structure: {{S}}emiotics as Encyclopaedic Theory of Complexity},
	doi = {10.1007/978-3-319-29483-4_5},
	year = {2017}
} 
 

@incollection{OxfordEtAl2018,
	address = {London},
	author = {Oxford, Rebecca L. and  Roberta Z. Lavine and Carmen M. Amerstorfer},
	booktitle = {Language Learning Strategies and Individual Learner Characteristics: {{S}}ituating Strategy Use in Diverse Contexts},
	editor = {Oxford, Rebecca L. and Carmen M. Amerstorfer},
	pages = {5--30},
	publisher = {Bloomsbury Academic},
	title = {Understanding language learning strategies in context. {{A}}n innovative, complexity-based approach},
	year = {2018}
}
 

@incollection{Oviatt2002,
	address = {New Jersey},
	author = {Oviatt, Sharon. L.},
	booktitle = {The Human-Computer Interaction Handbook},
	editor = {Jacko, Julie A. and Andrew Sears},
	pages = {20},
	doi = {10.1201/9781410615862}, 
	publisher = {Lawrence Erlbaum},
	title = {Multimodal Interfaces},
	year = {2007}
} 
 

@incollection{NegruelaLantolf2008,
	address = {New York},
	author = {Negueruela-Azarola, Eduardo and James P. Lantolf},
	booktitle = {Gesture: {S}econd language acquisition and classroom research},
	editor = {McCafferty, Steven G. and Gale Stam},
	pages = {88--106},
	publisher = {Routledge},
	title = {The dialectics of gesture in the construction of meaning in second language oral narratives},
	year = {2008}
} 
 

@incollection{MufweneEtAl2016,
	address = {Cambridge},
	author = {Mufwene, Salikoko S. and Christophe Coupé and François Pellegrino},
	booktitle = {Complexity in Language: {{D}}evelopmental and Evolutionary Perspectives},
	editor = {Mufwene, Salikoko S. and Christophe Coupé and François Pellegrino},
	pages = {1--29},
	publisher = {Cambridge University Press},
	title = {Complexity in Language: {{A}} Multifaceted Phenomenon},
	year = {2016}
} 
 

@incollection{Missire2010,
	address = {Genève},
	author = {Missire, Régis},
	booktitle = {{{Le}} projet de {F}erdinand de {S}aussure},
	editor = {Bronckart, Jean-Paul and Ecaterina Bulea  and Cristian Bota},
	pages = {289--312},
	publisher = {Droz},
	title = {{{{U}}}nités linguistiques à signifiant discontinu, du morphème au texte. {{{{{U}}}}}ne approche néo-saussurienne},
	year = {2010}
} 
 

@incollection{Massip-Bonet2013,
	address = {Berlin \& Heidelberg},
	author = {Massip-Bonet, Àngels},
	booktitle = {Complexity Perspectives on Language: {{C}}ommunication and Society},
	editor = {Massip-Bonet, Àngels and Albert Bastardas-Boada},
	pages = {35--60},
	publisher = {Springer},
	title = {Language as a Complex Adaptive System: {{T}}owards an Integrative Linguistics},
	year = {2013},
	doi = {10.1007/978-3-642-32817-6_4}
} 
 

@incollection{LundBécu-Robinault2013,
	address = {New York},
	author = {Lund, Kristine and  Karine Bécu-Robinault},
	booktitle = {Productive Multivocality in the Analysis of Group Interactions},
	editor = {Suthers, Daniel D. and Kristine Lund and Carolyn Penstein Rosé and Chris Teplovs  and  Nancy Law},
	pages = {311--330},
	publisher = {Springer},
	title = {Conceptual Change and Sustainable Coherency of Concepts Across Modes of Interaction},
	year = {2013}
} 
 

@incollection{Loureiro-PortoSanMiguel2016,
	address = {Cambridge},
	author = {Loureiro-Porto, Lucía and  Maxi San Miguel},
	booktitle = {Complexity in Language: {{D}}evelopmental and Evolutionary Perspectives},
	editor = {Mufwene, Salikoko S. and Christophe Coupé and François Pellegrino},
	pages = {187--217},
	publisher = {Cambridge University Press},
	title = {Language Choice in Multilingual Society: {{A}} view from complexity science},
	year = {2016}
} 
 

@incollection{Levinson2013,
	address = {Oxford},
	author = {Levinson, Stephen C.},
	booktitle = {The Handbook of Conversation Analysis},
	editor = {Sidnell, Jack and  Tanya Stivers},
	pages = {103--130},
	publisher = {Wiley-Blackwell},
	title = {Action formation and ascription},
	year = {2013},
	doi = {10.1002/9781118325001.ch6}
} 
 

@incollection{Levinson2006,
	address = {Oxford-New York},
	author = {Levinson, Stephen C.},
	booktitle = {Roots of Human Sociality: {{C}}ulture, Cognition, Interaction},
	editor = {Enfield, Nicholas J. and  Stephen C. Levinson},
	pages = {39--69},
	publisher = {Berg},
	title = {On the human “interaction engine”},
	year = {2006}
} 
 

@incollection{Legardez2006,
	address = {Paris},
	author = {Legardez, Alain},
	booktitle = {L'école à l'épreuve de l'actualité: {E}nseigner les questions vives},
	editor = {Legardez, Alain and  Laurence Simonneaux},
	pages = {19--32},
	publisher = {ESF},
	title = {Enseigner des questions socialement vives: {{Q}}uelques points de repères},
	year = {2006}
} 
 

@incollection{LarsenFreeman2011,
	address = {London},
	author = {Larsen Freeman, Diane},
	booktitle = {Alternative Approaches to Second Language Acquisition},
	editor = {Atkinson, Dwight},
	pages = {48--72},
	publisher = {Routledge},
	title = {A complexity approach to second language development/acquisition},
	year = {2011}
} 
 

@incollection{Lantolf2011,
	address = {London},
	author = {Lantolf, James P.},
	booktitle = {Alternative Approaches to Second Language Acquisition},
	editor = {Atkinson, Dwight},
	pages = {24--47},
	publisher = {Routledge},
	title = {The sociocultural approach to second language acquisition: {{S}}ociocultural, theory and artificial {L2} development},
	year = {2011}
} 
 

@book{LaMantiaEtAl2016,
  editor    = {La Mantia, Francesco and Ignazio Licata and Pietro Perconti},
  title     = {Language in complexity: {T}he Emerging Meaning},
  publisher = {Springer},
  year      = {2016},
  address   = {Cham}
}


@incollection{Kusters2008,
	address = {Amsterdam},
	author = {Kusters, Wouter},
	booktitle = {Language Complexity: {{T}}ypology, Contact, Change},
	editor = {Miestamo, Matti and Kaius Sinnemäki  and  Fred Karlsson},
	pages = {3--22},
	publisher = {John Benjamins},
	title = {Complexity in linguistic theory, language learning and language change},
	year = {2008}
} 
 

@incollection{Kress2019,
	address = {Lyon},
	author = {Kress, Gunther},
	booktitle = {Observer la multimodalité en situations éducatives, circulations entre recherche et formation},
	editor = {Rivière, Véronique and  Nathalie Blanc},
	pages = {23--48},
	publisher = {ENS},
	title = {L'apprentissage en tant que travail sémiotique: {{V}}ers une pédagogie de la reconnaissance},
	year = {2019}
} 
 

@incollection{Jefferson1984,
	address = {Padua},
	author = {Jefferson, Gail},
	booktitle = {Discourse Analysis and Natural Rhetoric},
	editor = {D'Urso, Valentina and Paolo Leonardi},
	pages = {11--38},
	publisher = {Cleup},
	title = {Notes on some orderlinesses of overlap onset},
	year = {1984}
}


@incollection{Hendricks2001,
	address = {Washington, D.C.},
	author = {Hendricks, Marion},
	booktitle = {Humanistic Psychotherapy: {H}andbook of research and practice},
	doi = {10.1037/10439-007},
	editor = {Cain, {David} and  Jules Seeman},
	pages = {221--251},
	publisher = {American Psychological Association},
	title = {Focusing-Oriented/Experiential Psychotherapy},
	edition = 1,
	year = {2002}
}


@incollection{Headland1990,
	address = {Newbury Park},
	author = {Headland, Thomas N.},
	booktitle = {Emics and Etics: {{T}}he Insider/Outsider Debate},
	editor = {Headland, Thomas N. and Kenneth L. Pike  and  Marvin Harris},
	pages = {13--27},
	publisher = {Sage},
	title = {Introduction: {{A}} Dialogue Between {K}enneth {P}ike and {M}arvin {H}arris on Emics and Etics},
	volume = {7},
	year = {1990}
}


@incollection{Grinevald2001,
	address = {Amsterdam},
	author = {Grinevald, Colette},
	booktitle = {Encyclopedia of the Social and Behavioral Sciences},
	editor = {Smelser, Neil J. and  Baltes, Paul B.},
	pages = {1973-1978},
	publisher = {Elsevier},
	title = {Linguistics of Classifiers},
	year = {2001}
}
 

@incollection{Grice1975,
	address = {New York},
	author = {Grice, Herbert P.},
	booktitle = {Speech Acts},
	editor = {Cole, Peter and  Jerry L. Morgan},
	pages = {41--58},
	publisher = {Academic Press},
	title = {Logic and Conversation},
	volume = {3},
	year = {1975}
}
 

@incollection{GoodwinGoodwin2004,
	address = {Malden, MA \& Oxford},
	author = {Goodwin, Charles and  Marjorie H. Goodwin},
	booktitle = {A Companion to Linguistic Anthropology},
	editor = {Duranti, Alessandro},
	pages = {222--244},
	publisher = {Blackwell},
	title = {Participation},
	year = {2004}
}
 

@incollection{GoodwinGoodwin1992,
	address = {Amsterdam},
	author = {Goodwin, Charles and  Marjorie H. Goodwin},
	booktitle = {The Contextualization of Language},
	editor = {Auer, Peter and  Aldo Di Luzio},
	pages = {77--99},
	publisher = {John Benjamins},
	title = {Context, Activity and Participation},
	year = {1992}, 
	doi = {10.1075/pbns.22.07goo}
}
 

@incollection{GershensonHeylighen2005,
	author = {Gershenson, Carlos and  Francis Heylighen},
	booktitle = {Managing the Complex: {{P}}hilosophy, Theory and Application},
	address = {Greenwich, CT},
	editor = {Richardson, Kurt},
	pages = {47--62},
	publisher = {Information Age Publishing},
	title = {How can we think the complex?},
	volume = 1,
	year = {2005}
}
 

@incollection{Foerster1960,
	address = {London},
	author = {von Foerster, Heinz},
	booktitle = {Self-organizing systems},
	editor = {Yovits, Marshall C. and  Scott Cameron},
	pages = {31--50},
	publisher = {Pergamon Press},
	title = {On self-organizing systems and their environments},
	year = {1960}
}
 

@incollection{Ellis2001,
	address = {Cambridge},
	author = {Ellis, Nick C.},
	booktitle = {Cognition and Second Language Instruction},
	editor = {Robinson, Peter},
	pages = {33--68},
	publisher = {Cambridge University Press},
	title = {Memory for language},
	year = {2001}
}
 

@incollection{Edmonds1999,
    ids = {Edmond1999},
	address = {Dordrecht},
	author = {Edmonds, Bruce},
	booktitle = {The Evolution of Complexity},
	editor = {Heylighen, Francis and Johan Bollen  and  Alexander Riegler},
	pages = {1-18},
	publisher = {Kluwer},
	title = {What is Complexity? {T}he philosophy of complexity per se with application to some examples in evolution},
	year = {1999}
}
 

@incollection{EberleEtAl2013,
	address = {Madison, WI},
	author = {Eberle, Julia and Kersten Stegmann and Kristine Lund and Alain Barrat and Michael Sailer  and  Frank Fischer},
	booktitle = {{Proceedings of the 10th International Conference on Computer Supported Collaborative Learning ({{CSCL}} '13)}},
	volume = {1},
	editor = {Rummel, Nikol and Manu Kapur and Mitchell J. Nathan  and  Sadhana Puntambekar},
	pages = {169--175},
	publisher = {International Society of the Learning Sciences},
	title = {Fostering Learning and Collaboration in a Scientific Community: {Evidence} from an Experiment Using {{RFID}} Devices to Measure Collaborative Processes},
	year = {2013}
}


@incollection{Ducrot1993,
	address = {{Berlin}},
	author = {Ducrot, Oswald},
	booktitle = {Modality in Language Acquisition/{M}odalité et acquisition des langues},
	editor = {Dittmar, Norbert and  Astrid Reich},
	pages = {111--129},
	publisher = {De Gruyter},
	title = {{{A}} quoi sert le concept de modalité?},
	year = {1993},
	doi = {10.1515/9783110856996.111}
}


@incollection{Deppermann2018,
	address = {Amsterdam},
	author = {Deppermann, Arnulf},
	booktitle = {Time in Embodied Interaction: {{S}}ynchronicity and sequentiality of multimodal resources},
	editor = {Deppermann, Arnulf and  Jürgen Streeck},
	pages = {293--324},
	publisher = {John Benjamins},
	title = {Changes in turn-design over interactional histories: {The} case of instructions in driving school lessons},
	year = {2018}
}

@incollection{DésautelsLarochelle1998,
	address = {Dordrecht},
	author = {Désautels, Jacques and  Marie Larochelle},
	booktitle = {International handbook of science education},
	editor = {Fraser, Barry  and Kenneth G. Tobin},
	pages = {115--126},
	publisher = {Kluwer Academic},
	title = {The epistemology of students: {The} “thingified” nature of scientific knowledge},
	year = {2005}
}

@incollection{DendaleColtier2005,
	address = {Bruxelles},
	author = {Dendale, Patrick and  Danielle Coltier},
	booktitle = {Dialogisme et polyphonie: {{A}}pproches linguistiques},
	editor = {Bres, Jacques and Pierre P. Haillet and Sylvie Mellet and Henning Nølke  and  Laurence Rosier},
	pages = {125--140},
	publisher = {De Boeck Supérieur},
	title = {{{La}} notion de prise en charge ou responsabilité dans la théorie scandinave de la polyphonie linguistique},
	year = {2005}
}


@article{DeLuca2019,
	author = {De Luca, Valeria},
	journal = {Greimas aujourd'hui: {{L}}'avenir de la structure. {{A}}ctes du Congrès de la Société française de Sémiotique (AFS)},
	pages = {459--470},
	title = {L'avenir de la structure sous le prisme de la forme (dansante)},
	year = {2019}
}


@incollection{DeGroot2008,
	address = {Amsterdam},
	author = {De Groot, Casper},
	booktitle = {Language Complexity: {{T}}ypology, Contact, Change},
	editor = {Miestamo, Matti and Kaius Sinnemäki  and  Fred Karlsson},
	pages = {191--215},
	publisher = {John Benjamins},
	title = {Morphological complexity as a parameter of linguistic typology: {{H}}ungarian as a contact language},
	year = {2008}
}


@incollection{Coulmas1981,
	address = {The Hague},
	author = {Coulmas, Florian},
	booktitle = {Conversational Routine: {{{{E}}}}xploration in standardized communication and prepatterned speech},
	editor = {Coulmas, Florian},
	pages = {1--18},
	publisher = {Mouton},
	title = {Introduction},
	year = {1981}
}


@incollection{ConstantindeChanay2019,
	address = {Paris},
	author = {Constantin de Chanay, Hugues},
	booktitle = {{{{{Le}}}} débat {{{{Le}}}} {{Pen}}/Macron du 3 mai 2017: {{{{U}}}}n débat «disruptif» ?},
	editor = {Kerbrat-Orecchioni, Catherine and Domitille Caillat  and  Hugues Constantin de Chanay},
	pages = {283--},
	publisher = {L'Harmattan},
	title = {Aspects non verbaux},
	year = {2019}
}


@article{ClarkMurphy1982,
	author = {Clark, Herbert H. and  Gregory L. Murphy},
	journal = {Advances in Psychology},
	pages = {287--299},
	title = {Audience design in meaning and reference},
	volume = {9},
	doi = {10.1016/S0166-4115(09)60059-5},
	year = {1982}
}


@incollection{BresNowakowska2006,
	address = {Metz},
	author = {Bres, Jacques and  Aleksandra Nowakowska},
	booktitle = {{{Le}} sens et ses voix},
	editor = {Perrin, Laurent},
	pages = {21--48},
	publisher = {Université Paul Verlaine–Metz},
	title = {Dialogisme: {{D}}u principe à la matérialité discursive},
	year = {2006}
}


@incollection{Bres2005,
	address = {Bruxelles},
	author = {Bres, Jacques},
	booktitle = {Dialogisme et polyphonie: {{A}}pproches linguistiques},
	editor = {Bres, Jacques and Pierre P. Haillet and Sylvie Mellet and Henning Nølke  and  Laurence Rosier},
	pages = {47--62},
	publisher = {De Boeck Supérieur},
	title = {Savoir de quoi on parle: {{D}}ialogal, dialogique, polyphonique},
	year = {2005}
}


@incollection{Bergmann1990,
	address = {London},
	author = {Bergmann, John},
	booktitle = {The dynamics of dialogue},
	editor = {Markova, Ivana and  Klaus Foppa},
	pages = {201--282},
	publisher = {Springer},
	title = {On the local sensitivity of conversation},
	year = {1990}
}


@incollection{BangeEtAl2005,
	address = {Paris},
	author = {Bange, Pierre and Rita Carol  and  Peter Griggs},
	booktitle = {L'apprentissage d'une langue étrangère: {C}ognition et interaction},
	editor = {Bange, Pierre},
	pages = {91--120},
	publisher = {L'Harmattan},
	title = {{{Le}} travail cognitif d'apprentissage: {{C}}onstruction d'un schèma du parfait en allemand},
	year = {2005}
}


@book{Bakhtine1970,
	address = {Lausanne},
	author = {Bakhtine, Mikhail},
	publisher = {L'âge d'homme},
	title = {Problèmes de la poétique de {Dostoïevski}},
	year = {1970},
	translator = {I. Kalitchef}
}

@book{Bakhtine1978,
	address = {Paris},
	author = {Bakhtine, Mikhail},
	publisher = {Gallimard},
	title = {Esthétique et théorie du roman},
	year = {1978},
}

@book{Bakhtine1984,
	address = {Paris},
	author = {Bakhtine, Mikhail},
	publisher = {Gallimard},
	title = {Les genres du discours: {Esthétique} de la création verbale},
	pages = {263-308},
	year = {1984},
	translator = {A. Aucouturier}
}


@incollection{Allwood2003,
	address = {Berlin, New York},
	author = {Allwood, Jens},
	booktitle = {Cognitive Approaches to Lexical Semantics},
	editor = {Cuyckens, Hubert and René Dirven  and  John R. Taylor},
	pages = {29--66},
	publisher = {Mouton De Gruyter},
	title = {Meaning potentials: {{S}}ome consequences for the analysis of variation in meaning},
	year = {2003}
}


@book{Zilberberg2012,
	address = {Liège},
	author = {Zilberberg, Claude},
	publisher = {Presses Universitaires de {L}iège},
	title = {{{La}} Structure tensive},
	year = {2012}
}


@book{Zahavi2017,
	address = {Oxford},
	author = {Zahavi, Dan},
	publisher = {Oxford University Press},
	title = {Husserl's Legacy: {Phenomenology}, Metaphysics, and Transcendental Philosophy},
	year = {2017}
}


@book{Yus2011,
	address = {Amsterdam},
	author = {Yus, Francisco},
	publisher = {John Benjamins},
	title = {Cyberpragmatics: {{I}}nternet-mediated communication in context},
	year = {2011}
}


@book{Wildgen1999,
	address = {{Berlin}},
	author = {Wildgen, Wolfgang},
	publisher = {Peter Lang},
	title = {De la grammaire au discours: {U}ne approche morphodynamique},
	year = {1999}
}


@book{Walliser1977,
	address = {Paris},
	author = {Walliser, Bernard},
	publisher = {Seuil},
	title = {Systèmes et modèles: {Introduction} critique à l'analyse de systèmes},
	year = {1977}
}


@book{VissersEtAl2016,
	address = {Switzerland},
	author = {Vissers, Chris A. and Luís Ferreira Pires and Dick A. C. Quartel  and  Martin van Sinderen},
	title = {Architectural Design, Conception and Specification of Interactive Systems},
	publisher = {Springer},
	doi = {10.1007/978-3-319-43298-4},
	year = {2016}
}


@book{Visetti2006,
	address = {Paris},
	author = {Cadiot, Pierre and  Yves-Marie Visetti},
	publisher = {Presses Universitaires de France},
	title = {Motifs et proverbe: {Essai} de sémantique proverbiale},
	year = {2006}
}


@book{Virole2019,
	address = {{Paris}},
	author = {Virole, Benoît},
	publisher = {Baghera},
	sortname = {Virole, Benoit},
	title = {Catastrophes de l'inconscient},
	year = {2019}
}


@book{Vermersch2012,
	address = {Paris},
	author = {Vermersch, Pierre},
	publisher = {Presses Universitaires de France},
	title = {Explicitation et phénoménologie},
	year = {2012}
}


@book{Vermersch1994,
	address = {Paris},
	author = {Vermersch, Pierre},
	publisher = {Editions Sociales Françaises},
	title = {L'entretien d'explicitation en formation initiale et en formation continue},
	year = {1994}
}


@book{VarelaEtAl1991,
	address = {Cambridge, MA},
	author = {Varela, Francisco J. and Eleanor Rosch  and  Evan Thompson},
	publisher = {The {MIT} Press},
	title = {The Embodied Mind: {C}ognitive Science and Human Experience},
	year = {1992}
}


@book{Traverso2016,
	address = {Paris},
	author = {Traverso, Véronique},
	publisher = {Ophrys},
	sortname = {Traverso, Veronique},
	title = {Décrire le français parlé en interaction},
	year = {2016}
}


@book{Toulmin2003,
    ids = {Toulmin1958},
	address = {Cambridge},
	author = {Toulmin, Stephen E.},
	publisher = {Cambridge University Press},
	title = {The uses of argument},
	year = {2003 [1958]}
}


@book{Tomasello2003,
	address = {Cambridge, MA \& London},
	author = {Tomasello, Michael},
	publisher = {Harvard University Press},
	title = {Constructing a Language: {{A}} Usage-based Theory of Language Acquisition},
	year = {2003}
}


@book{Todorov1970,
	address = {{Paris}},
	author = {Todorov, Tzvetan},
	publisher = {Seuil},
	title = {Introduction à la littérature fantastique},
	year = {1970}
}


@book{SuthersEtAl2013,
	address = {Boston, MA},
	editor = {Suthers, Daniel D. and Kristine Lund and Carolyn Penstein Rosé and Chris Teplovs  and  Nancy Law},
	publisher = {Springer},
	title = {Productive Multivocality in the Analysis of Group Interactions},
	doi = {10.1007/978-1-4614-8960-3},
	year = {2013}
}


@book{Suchman1987,
	address = {Cambridge},
	author = {Suchman, Lucy A.},
	publisher = {Cambridge University Press},
	title = {Plans and situated actions: {T}he problem of human/machine communication},
	year = {1987}
}


@book{StreeckEtAl2011,
	address = {Cambridge},
	booktitle = {Embodied interaction: {L}anguage and body in the material world},
	editor = {Streeck, Jürgen and Charles Goodwin  and  Curtis LeBaron},
	publisher = {Cambridge University Press},
	title = {Embodied interaction: {L}anguage and body in the material world},
	year = {2011}
}


@book{Steiner1992,
	address = {Oxford -- New York},
	author = {Steiner, George},
	publisher = {Oxford University Press},
	title = {After {{Babel}}: {{A}}spects of Language and Translation (second edition)},
	year = {1992}
}


@book{Stahl2006,
	address = {Cambridge, MA},
	author = {Stahl, Gerry},
	publisher = {The {MIT} Press},
	title = {Group cognition},
	year = {2006}
}


@book{SidnellStivers2012,
	address = {Oxford},
	booktitle = {The Handbook of Conversation Analysis},
	editor = {Sidnell, Jack and  Tanya Stivers},
	publisher = {Wiley-Blackwell},
	title = {The Handbook of Conversation Analysis},
	year = {2012}
}


@book{Schegloff2007,
	address = {Cambridge},
	author = {Schegloff, Emanuel A.},
	publisher = {Cambridge University Press},
	title = {Sequence Organization in Interaction: {{A}} Primer in Conversation Analysis},
	year = {2007},
	doi = {10.1017/CBO9780511791208}
}


@book{Saussure2002,
	address = {Paris},
	author = {de Saussure, Ferdinand},
	publisher = {Gallimard},
	title = {Écrits de linguistique générale},
	year = {2002}
}


@book{RouletEtAl1985,
	address = {Paris-Berne},
	author = {Roulet, Eddy and Antoine Auchin and Jacques Moeschler and Christian Rubattel  and  Marianne Schelling},
	publisher = {Peter Lang},
	title = {L'articulation du discours en français contemporain},
	year = {1987}
}


@book{Rosier2008,
	address = {{Paris}},
	author = {Rosier, Laurence},
	publisher = {Ophrys},
	title = {{{Le}} discours rapporté en français},
	year = {2008}
}


@book{Rabatel2008a,
	address = {Limoges},
	author = {Rabatel, Alain},
	publisher = {Lambert-Lucas},
	title = {Homo narrans: {Pour} une analyse énonciative et interactionnelle du récit: {{L}}es points de vue et la logique de la narration},
	volume = {1},
    sortyear={1},
	year = {2008}
}

% Nous avons choisi cette référence après avoir divisé en deux la citation, mais est-ce la bonne ?

@book{Rabatel2008b,
	address = {Limoges},
	author = {Rabatel, Alain},
	publisher = {Lambert-Lucas},
	title = {Homo narrans: {Pour} une analyse énonciative et interactionnelle du récit: {{D}}ialogisme et polyphonie dans le récit},
	volume = {2},
	sortyear={2},
	year = {2008}
}
% /!\ Deux tomes = deux citations

@book{Portner2018,
	address = {Oxford},
	author = {Portner, Paul},
	publisher = {Oxford University Press},
	title = {Mood},
	year = {2018}
}


@book{Portner2009,
	address = {Oxford},
	author = {Portner, Paul},
	publisher = {Oxford University Press},
	title = {Modality},
	year = {2009}
}


@book{Popper1972,
	address = {Oxford},
	author = {Popper, Karl R.},
	publisher = {Oxford University Press},
	title = {Objective Knowledge: {{A}}n Evolutionary Approach},
	year = {1972}
}


@phdthesis{Polo2014,
	address = {Lyon},
	author = {Polo, Claire},
	school = {University Lyon 2},
	title = {L'eau à la bouche: {R}essources et travail argumentatifs des élèves lors de débats socio-scientifiques sur l'eau potable. {E}tude comparée de 10 cafés scientifiques menés au {M}exique, aux {USA} et en {F}rance, en 2011--2012},
	year = {2014}
}


@book{Plantin2018,
	address = {Rickmansworth},
	author = {Plantin, Christian and  John Anthony Blair},
	publisher = {College Publications},
	title = {Dictionary of Argumentation: {A}n Introduction to Argumentation Studies},
	year = {2018}
}


@book{Plantin2016,
	address = {Lyon},
	author = {Plantin, Christian},
	publisher = {ENS Éditions},
	title = {Dictionnaire de l'argumentation: {U}ne introduction aux études d'argumentation},
	year = {2016}
}


@book{Piotrowski2018,
	address = {Cham},
	author = {Piotrowski, David},
	publisher = {Springer},
	title = {Morphogenesis of the sign},
	year = {2018}
}


@book{Pike1967,
	address = {The Hague},
	author = {Pike, Kenneth L.},
	publisher = {Mouton},
	title = {Language in relation to a unified theory of the structure of human behavior},
	year = {1967}
}


@book{Pike1954,
	address = {The Hague},
	author = {Pike, Kenneth L.},
	publisher = {Mouton},
	title = {Language in relation to a unified theory of human behavior},
	year = {1954}
}


@book{Petitot-Cocorda1992,
	address = {Paris},
	author = {Petitot-Cocorda, Jean},
	publisher = {CNRS},
	title = {Physique du sens: {De} la théorie des singularités aux structures sémio-narratives},
	year = {1992}
}


@book{Petitot-Cocorda1985,
	address = {Paris},
	author = {Petitot-Cocorda, Jean},
	publisher = {Presses Universitaires de France},
	title = {Morphogenèse du sens},
	year = {1985},
	volume = {1}
}


@book{Parsons1951,
	author = {Parsons, Talcott},
	publisher = {Routledge \& Kegan Paul},
	title = {The Social System},
	year = {1951}
}


@book{Paolucci2010,
	address = {Milan},
	author = {Paolucci, Claudio},
	publisher = {Bompiani},
	title = {Strutturalismo e interpretazione},
	year = {2010}
}


@book{Paltridge2012,
	address = {London},
	author = {Paltridge, Brian},
	edition = {2},
	publisher = {Bloomsbury academic},
	title = {Discourse analysis: {A}n introduction},
	year = {2012}
}


@book{Oxford2017,
	address = {New York},
	author = {Oxford, Rebecca L.},
	edition = {2},
	publisher = {Routledge},
	title = {Teaching and Researching Language Learning Strategies: {{S}}elf-Regulation in Context},
	year = {2017}
}


@article{OlivierdeSardan1998,
	author = {Olivier de Sardan, Jean-Pierre},
	journal = {L'Homme},
	pages = {151-166},
	title = {Émique},
	volume = {38},
	doi = {10.3406/hom.1998.370510},
	year = {1998},
	number = {147}
}

@book{NølkeEtAl2004,
	address = {Paris},
	title = {Scapoline: {La} théorie scandinave de la polyphonie linguistique},
	editor = {Nølke, Henning and Kjersti Fløttum and Coco Norén},
	publisher = {Kimé},
	year = {2004}
}


@incollection{Nowakowska2005,
	address = {Bruxelles},
	author = {Nowakowska, Aleksandra},
	booktitle = {Dialogisme et polyphonie: {A}pproches linguistiques},
	editor = {Bres, Jacques and Pierre P. Haillet and Sylvie Mellet and Henning Nølke  and  Laurence Rosier},
	pages = {19--32},
	publisher = {De Boeck Supérieur},
	title = {Dialogisme, polyphonie: {{D}}es textes russes de Bakhtine à la linguistique contemporaine},
	year = {2005}
}



@book{NewmeyerPreston2004,
	address = {Oxford},
	booktitle = {Measuring Grammatical Complexity},
	editor = {Newmeyer, Frederick J. and  Preston, Laurel B.},
	publisher = {Oxford University Press},
	title = {Measuring Grammatical Complexity},
	year = {2004}
}


@book{NewenEtAl2018,
    ids = {NewendeBruinGallagher2018},
	address = {Oxford},
	author = {Newen, Albert and Leon de Bruin  and  Shaun Gallagher},
	doi = {10.1093/oxfordhb/35410.001.0001},
	publisher = {Oxford University Press},
	title = {The {Oxford} handbook of {4E} cognition},
	year = {2018}
}


@book{Morin1990Science,
	address = {Paris},
	author = {Morin, Edgar},
	ids = {Morin1990a},
	publisher = {Seuil},
	title = {Science avec conscience},
	year = {1990}
}


@book{Morin1990Introduction,
	address = {Paris},
	author = {Morin, Edgar},
	ids = {Morin1990b},
	publisher = {Seuil},
	title = {Introduction à la pensée complexe},
	year = {1990}
}


@book{Mondada2014Corps,
	address = {Lyon},
	editor = {Mondada, Lorenza},
	publisher = {ENS Éditions},
	sortname = {Mondada, Lorenza},
	title = {Corps en interaction: {P}articipation, spatialité, mobilité},
	year = {2014}
}


@book{McNeill1992,
	address = {Chicago \& London},
	author = {McNeill, David},
	publisher = {University of Chicago Press},
	title = {Hand and Mind},
	year = {1992}
}


@book{Mazur-PalandreEtAl2019,
	address = {Lyon},
	author = {Ma\-zur-Pa\-landre, Audrey and Kristine Lund and Gerald P. Niccolai and Nathalie Blanc  and  François Pellegrino},
	publisher = {ASLAN},
	title = {L'innovation sociale dans l'écosystème d'un Laboratoire d'Excellence en Sciences Humaines et Sociales: {L}'exemple du labex {ASLAN}},
	year = {2019}
}


@book{Massip-BonetBastardas-Boada2013,
	address = {Berlin},
	author = {Massip-Bonet, Àngels and  Albert Bastardas-Boada},
	publisher = {Springer},
	title = {Complexity Perspectives on Language, Communication and Society},
	year = {2013}
}


@book{Mari2015,
	address = {Bern},
	author = {Mari, Alda},
	publisher = {Peter Lang},
	title = {Modalités et temps: {{D}}es modèles aux données},
	year = {2015}
}

@book{McNeill2005,
	address = {Chicago, IL},
	title = {Gesture and thought},
	author = {McNeill, David},
	publisher = {University of Chicago Press},
	year = {2005}
}


@book{MacWhinney1987,
	address = {Hillsdale, NJ},
	booktitle = {Mechanisms of Language Acquisition: {S}ymposium Proceedings},
	editor = {MacWhinney, Brian},
	publisher = {Laurence Erlbaum},
	title = {Mechanisms of Language Acquisition: {S}ymposium Proceedings},
	year = {1987}
}


@book{Lyster2007,
	address = {Amsterdam},
	author = {Lyster, Roy},
	publisher = {John Benjamins},
	title = {Learning and teaching languages through content},
	year = {2007},
	doi = {10.1075/lllt.18}
}

@book{Larsen-FreemanCameron2008,
	address = {Oxford},
	author = {Larsen-Freeman, Diane and Lynne Cameron},
	publisher = {Oxford University Press},
	title = {Complex systems and applied linguistics},
	year = {2008}
}


@book{Lund2016,
	address = {Grenoble},
	author = {Lund, Kristine},
	note = {Habilitation à Diriger des Recherches en Education},
	publisher = {Université Grenoble Alpes},
	title = {Modeling the Individual Within the Group: {A}n Interdisciplinary Approach to Collaborative Knowledge Construction},
	year = {2016}
}

@book{Luhmann1995Social,
	address = {Stanford},
	author = {Luhmann, Niklas},
	publisher = {{{Stanford}} University Press},
	title = {Social Systems},
	year = {1984}
}

@book{Luhmann1984,
	address = {Frankfurt am Main},
	author = {Luhmann, Niklas},
	publisher = {Suhrkamp},
	title = {Soziale {Systeme}: {{G}}rundriss einer allgemeinen {Theorie}},
	year = {1984}
}


@book{Longino2013,
	address = {Chicago},
	author = {Longino, Helen},
	publisher = {University of Chicago Press},
	title = {Studying Human Behavior: {H}ow Scientists Investigate Aggression and Sexuality},
	year = {2013}
}


@book{Leroi-Gourhan1993,
	address = {Cambridge, MA},
	author = {Leroi-Gourhan, André},
	publisher = {The {MIT} Press},
	sortname = {Leroi-Gourhan, Andre},
	title = {Gesture and Speech},
	year = {1964},
	translator = {Anna {Bostock Berger}}
}


@article{Laurendeau2009,
	author = {Laurendeau, Paul},
	journal = {Langue française},
	number = {162},
	pages = {55--70},
	title = {Préassertion, réassertion, désassertion: {Construction} et déconstruction de l'opération de prise en charge},
	volume = {2},
	year = {2009}
}


@book{Langacker2001,
	address = {{Berlin}-{New York}},
	author = {Langacker, Ronald W.},
	publisher = {Mouton De Gruyter},
	title = {Concept, Image, and Symbol},
	year = {2001}
}


@book{Lamboy2003,
	address = {Paris},
	author = {Lamboy, Bernadette},
	publisher = {Desclée De Brouwer.},
	title = {Devenir qui je suis},
	year = {2003}
}


@book{Lahire2012,
	address = {Paris},
	author = {Lahire, Bernard},
	isbn = {978-2-02-106459-9},
	publisher = {Seuil},
	title = {Monde pluriel: {P}enser l'unité des sciences sociales},
	year = {2012}
}

@book{Kretzschmar2015,
	address = {Cambridge},
	author = {Kretzschmar, William A.},
	publisher = {Cambridge University Press},
	title = {Language and complex systems},
	year = {2015}
}


@book{Kress2001,
	address = {London \& New York},
	author = {Kress, Gunther and Carey Jewitt and Jon Ogborn and Tsatsarelis Charalampos},
	publisher = {Continuum},
	title = {Multimodal teaching and learning: {The} rhetorics of the science classroom},
	year = {2001}
}


@book{Klein1990,
	address = {Detroit, MI},
	author = {Klein, Julie T.},
	publisher = {Wayne State University},
	title = {Interdisciplinarity: {{H}}istory, Theory, and Practice},
	year = {1990}
}


@book{Kerbrat-Orecchioni2005,
	address = {Paris},
	author = {Kerbrat-Orecchioni, Catherine},
	publisher = {Armand Colin},
	title = {{{Le}} discours en interaction},
	year = {2005}
}


@book{Kerbrat-Orecchioni1980,
	address = {Paris},
	author = {Kerbrat-Orecchioni, Catherine},
	publisher = {Armand Colin},
	title = {L'Enonciation: {De} la subjectivité dans le langage},
	year = {1980}
}


@book{Jouvent2013,
	address = {Paris},
	author = {Jouvent, Roland},
	publisher = {Odile Jacob},
	title = {{{Le}} cerveau magicien: {D}e la réalité au plaisir psychique},
	year = {2009}
}


@book{Johnson2007,
	address = {London},
	author = {Johnson, Neil},
	publisher = {Oneworld},
	title = {Two's company, three is complexity},
	year = {2007}
}


@book{Ingold2013,
	address = {Bruxelles},
	author = {Ingold, Tim},
	publisher = {Points},
	title = {Marcher avec les dragons},
	translator = {Pierre Madelin 2018},
	year = {2013}
}


@article{ImoLanwer2016,
	author = {Imo, Wolfgang and  Jens Lanwer},
	journal = {Sprache Interaktion Arbeitspapierreihe (SpIn)},
	volume = 60,
	title = {{{Sprache}} ist komplex. {Nur}: {Für} wen?},
	year = {2016},
	url = {http://arbeitspapiere.sprache-interaktion.de/arbeitspapiere/arbeitspapier60.pdf},
}


@book{Hutchins1995,
	address = {Cambridge, MA},
	author = {Hutchins, Edwin},
	publisher = {The {MIT} Press},
	title = {Cognition in the wild},
	year = {1995}
}


@book{Hjelmslev2012,
	address = {Rome},
	author = {Hjelmslev, Louis},
	publisher = {Carocci},
	title = {Tra lingua e linguaggio},
	year = {2012}
}


@book{HeritageClayman2010,
	address = {Malden, MA},
	author = {Heritage, John and  Steven Clayman},
	publisher = {Wiley-Blackwell},
	title = {Talk in Action: {{I}}nteractions, Identities, and Institutions},
	year = {2010}
}


@book{Heritage1984,
	address = {Cambridge, UK},
	author = {Heritage, John},
	publisher = {Polity Press},
	title = {Garfinkel and Ethnomethodology},
	year = {1984}
}


@article{Hendricks2009,
	author = {Hendricks, Marion},
	journal = {Journal of Consciousness Studies},
	number = {10--12},
	pages = {129--155},
	title = {Experiencing Level: {{A}}n instance of developing a variable from a first person process so it can be reliably measured and taught},
	volume = {16},
	year = {2009}
}

@book{Halté2018,
	address = {Limoges},
	author = {Halté, Pierre},
	publisher = {Editions Lambert Lucas},
	title = {Les émoticônes et les interjections dans le tchat},
	year = {2018}
}

@book{Halliday1978,
	address = {London},
	author = {Halliday, Michael A. K.},
	publisher = {Edward Arnold},
	title = {Language as a Social Semiotic: {T}he social interpretation of language and meaning},
	year = {1978}
}


@book{HaddingtonEtAl2014,
	address = {Amsterdam},
	author = {Haddington, Pentti and Tiina Keisanen and Lorenza Mondada  and  Maurice Nevile},
	publisher = {John Benjamins},
	title = {Multiactivity in social interaction: {B}eyond multitasking},
	year = {2014},
	doi = {10.1075/z.187}
}


@book{Grize1996,
	address = {Paris},
	author = {Grize, Jean-Blaise},
	publisher = {Presses Universitaires de France},
	title = {Logique naturelle et communication},
	year = {1996}
}


@book{Griggs2007,
	address = {Paris},
	author = {Griggs, Peter},
	publisher = {L'Harmattan},
	title = {Perspective sociocognitive sur l'apprentissage des langues étrangères: {{S}}ituation naturelle ou guidée},
	year = {2007}
}


@book{Gosselin2010,
	address = {Amsterdam},
	author = {Gosselin, Laurent},
	publisher = {Rodopi},
	title = {Les modalités en français: {{La}} validation des représentations},
	year = {2010},
	doi = {10.1163/9789042027572}
}


@book{Goodwin2018Co-Operative,
	address = {Cambridge},
	author = {Goodwin, Charles},
	publisher = {Cambridge University Press},
	title = {Co-Operative Action},
	year = {2018}
}


@incollection{Goodwin2003,
    address = {New York}, 
    author = {Goodwin, Charles}, 
    booktitle = {Conversation and Brain Damage}, 
    editor = {Goodwin, Charles}, 
    pages = {90--116}, 
    publisher = {Oxford University Press}, 
    title = {Conversational Frameworks for the Accomplishment of Meaning in Aphasia}, 
    year = {2003}, 
}


@book{Goodwin1981,
	address = {New York},
	author = {Goodwin, Charles},
	publisher = {Academic Press},
	title = {Conversational Organisation: {{I}}nteraction between Speakers and Hearers},
	year = {1981}
}


@book{Goodman1968,
	address = {Indianapolis},
	author = {Goodman, Nelson},
	publisher = {Bobbs-Merrill},
	title = {Languages of Art: {{A}}n Approach to a Theory of Symbols},
	year = {1968}
}


@book{Goffman1981,
	address = {Philadelphia},
	author = {Goffman, Erving},
	publisher = {University of Pennsylvania Press},
	title = {Forms of Talk},
	year = {1981}
}


@book{Goffman1967,
	address = {New York},
	author = {Goffman, Erving},
	publisher = {Doubleday},
	title = {Interaction Ritual: {E}ssays on Face-to-Face Behavior},
	year = {1967}
}


@book{Ginzburg2012,
	address = {Oxford},
	author = {Ginzburg, Jonathan},
	publisher = {Oxford University Press},
	title = {The Interactive Stance: {Meaning} for Conversation},
	year = {2012}
}


@book{Fontanille2008,
	address = {{Paris}},
	author = {Fontanille, Jacques},
	publisher = {Presses Universitaires de France},
	title = {Pratiques sémiotiques},
	year = {2008}
}


@misc{Falk-Krzesinski2016,
	address = {Orlando},
	author = {Falk-Krzesinski, Holly J.},
	date = {2016-05-25},
	title = {{Team science tools for research development professionals}},
	note = {Slides from Annual {{NORDP}} (National Organisation of Research Development Professionals) Research Development Conference},
	url = {https://www.nordp.org/assets/RDConf2016/presentations/nordp-2016-falk-krzesinski.pdf},
	year = {2016}
}


@book{EllisLarsenFreeman2009,
	address = {Oxford},
	booktitle = {Language as a Complex Adaptive System},
	editor = {Ellis, Nick C. and  Diane Larsen-Freeman},
	publisher = {Wiley-Blackwell},
	title = {Language as a Complex Adaptive System},
	year = {2009}
}


@book{Eco1994,
	address = {Bloomington},
	author = {Eco, Umberto},
	publisher = {Indiana University Press},
	title = {The Limits of Interpretation},
	year = {1991},
}


@book{Eco1986,
	address = {Bloomington},
	author = {Eco, Umberto},
	publisher = {Indiana University Press},
	title = {Semiotics and the Philosophy of Language},
	year = {1986},
}


@book{Ducrot1989,
	address = {Paris},
	author = {Ducrot, Oswald},
	publisher = {Éditions de Minuit},
	title = {Logique, structure, énonciation},
	year = {1989}
}


@book{Ducrot1984,
	address = {{Paris}},
	author = {Ducrot, Oswald},
	publisher = {Éditions de Minuit},
	title = {{{Le}} dire et le dit},
	year = {1984}
}


@book{DriverEtAl1996,
	address = {Philadelphia},
	author = {Driver, Rosalind and John Leach and Robin Millar  and  Phil Scott},
	publisher = {McGraw-Hill Education},
	title = {Young peoples's images of science},
	year = {1996}
}


@book{Doury2016,
	address = {Paris},
	author = {Doury, Marianne},
	publisher = {Armand Colin},
	title = {Argumentation, Analyser textes et discours},
	year = {2016}
}


@book{DeprazEtAl2003,
	address = {Amsterdam},
	author = {Depraz, Natalie and Francisco J. Varela  and  Pierre Vermersch},
	publisher = {John Benjamins},
	title = {On becoming aware: {An} experiential pragmatics},
	year = {2003}
}


@book{Depraz2014,
	address = {Bucharest},
	author = {Depraz, Natalie},
	publisher = {Zeta Books},
	title = {Première, deuxième, troisième personne},
	year = {2014}
}


@book{DeppermannGünthner2015,
	address = {Amsterdam},
	booktitle = {Temporality in Interaction},
	editor = {Deppermann, Arnulf and Susanne Günthner},
	publisher = {John Benjamins},
	title = {Temporality in Interaction},
	year = {2015}
}


@book{Danon-Boileau1982,
	address = {{Paris}},
	author = {Danon-Boileau, Laurent},
	publisher = {Méridiens-Klincksieck},
	title = {Produire le fictif},
	year = {1982}
}


@book{Dalton-Puffer2007,
	address = {Amsterdam},
	author = {Dalton-Puffer, Christiane},
	publisher = {John Benjamins},
	title = {Discourse in Content and Language Learning ({{CLIL}}) Classrooms},
	year = {2007},
	doi = {10.1075/lllt.20}
}


@book{Culioli1990,
	address = {Paris},
	author = {Culioli, Antoine},
	publisher = {Ophrys},
	volume = {1},
	title = {Pour une linguistique de l'énonciation: {O}pérations et représentations},
	year = {1990}
}


@book{CoyleEtAl2010,
	address = {Cambridge},
	author = {Coyle, Do and Philip Hood  and  David Marsh},
	publisher = {Cambridge University Press},
	title = {Content and Language Integrated Learning},
	year = {2010}
}


@book{Coleman1964,
	address = {New York},
	author = {Coleman, James S.},
	publisher = {The Free Press of Glencoe},
	title = {Introduction to mathematical sociology},
	doi = {10.1093/sf/44.2.252},
	year = {1964}
}


@book{Clark1997,
	address = {Cambridge},
	author = {Clark, Andy},
	publisher = {{MIT} Press},
	title = {Being There: {{P}}utting Brain, Body, and World Together Again},
	year = {1997}
}


@book{Clark1996,
	address = {Cambridge},
	author = {Clark, Herbert H.},
	publisher = {Cambridge University Press},
	title = {Using Language},
	year = {1996},
	doi = {10.1017/CBO9780511620539}
}


@incollection{Carol2005,
	address = {Paris},
	author = {Carol, Rita},
	booktitle = {L'apprentissage d'une langue étrangère: {C}ognition et interaction},
	editor = {Bange, Pierre},
	pages = {183--210},
	publisher = {L'Harmattan},
	title = {Construction de savoirs mathématique et linguistique dans l'enseignement bilingue},
	year = {2005}
} 


@book{Caillat2016,
	address = {Lyon},
	author = {Caillat, Domitille},
	school = {University Lumière Lyon 2},
	publisher = {formes et fonctions des recours au discours autre},
	title = {Le discours rapporté dans les débats politiques télévisés: {F}ormes et fonctions des recours au discours autre: {L}e cas des débats de l'entre-deux-tours des présidentielles françaises (1974-2012)},
	year = {2016}
}
 

@book{Cadiot2001,
	address = {Paris},
	author = {Cadiot, Pierre and  Yves-Marie Visetti},
	publisher = {Presses Universitaires de France},
	title = {Pour une théorie des formes sémantiques: Motifs, profils, thèmes},
	year = {2001}
}

@book{Sève2005,
    address = {Paris},
    author = {Sève, Lucien},
    publisher = {Odile Jacob},
    title = {Emergence, complexité et dialectique: {S}ur les systèmes dynamiques non linéaires},
    year = {2005}
}
% à compléter

@book{BrownLevinson1988,
	address = {Cambridge},
	author = {Brown, Penelope and Stephen C. Levinson},
	publisher = {Cambridge University Press},
	title = {Politeness: {S}ome universals in language usage},
	year = {1987}
}


@book{BresEtAl2019,
	address = {Paris},
	author = {Bres, Jacques and Aleksandra Nowakowska  and  Jean-Marc Sarale},
	publisher = {Classiques Garnier},
	title = {Petite grammaire alphabétique du dialogisme},
	year = {2019}
}


@article{Bres2008,
	author = {Bres, Jacques},
	journal = {Actes du premier Congrès mondial de linguistique française},
	pages = {853--858},
	url = {http://www.ilf-cnrs.fr},
	title = {De l’épaisseur du discours: horizontalement, verticalement{\ldots} et dans tous les sens},
	year = {2008}
}

@article{Bateson1971,
	author = {Gregory Bateson},
	journal = {Psychiatry},
	number = {34},
	volume = {1},
	doi = {10.1080/00332747.1971.11023653},
	pages = {1--18},
	title = {The Cybernetics of “Self”: {A} Theory of Alcoholism},
	year = {1971}
}


@book{Brandt1995,
	address = {Aarhus},
	author = {Brandt, Per Aage},
	publisher = {Aarhus University Press},
	title = {Morphologies of Meaning},
	year = {1995}
}


@book{Brandt1992,
	address = {{Amsterdam}},
	author = {Brandt, Per Aage},
	publisher = {{John} Benjamins Publishing},
	title = {{{La}} charpente modale du sens},
	year = {1992}
}


@book{Bourdieu1979,
	address = {Paris},
	author = {Bourdieu, Pierre},
	title = {La Distinction: {{C}}ritique sociale du jugement},
	publisher = {Éditions de Minuit},
	year = {1979}
}


@incollection{Bondì2016,
	address = {Limoges},
	author = {Bondì, Antonino},
	booktitle = {L'{'Énonciation} aujourd'hui, un concept clé des sciences du langage},
	editor = {Colas-Blaise, Marion and Laurent Perrin  and  Gian Maria Tore},
	pages = {381--394},
	publisher = {Lambert-Lucas},
	title = {Altérité de la parole et socialité du sens: énonciation et perception d’autrui},
	year = {2016}
}


@book{Bondì2011,
	address = {Catana},
	author = {Bondì, Antonino},
	publisher = {Bonanno},
	sortname = {Bondì, Antonino},
	title = {{{La}} parola e i suoi strati: {{{La}}} semiotica dinamica di {Louis} Hjelmslev},
	year = {2011}
}


@article{BertinEtAl2011,
	address = {2011},
	author = {Bertin, Éric and Olivier Gandrillon and Guillaume Beslon and Sebastian Grauwin and Pablo Jensen  and  Nicolas Schabanel},
	journal = {Hermès, La Revue},
	number = {60},
	title = {Les complexités: point de vue d'un institut des systèmes compl̀exes},
	volume = {2},
	doi = {10.4267/2042/45459},
	pages = {145--150} ,
	year = {2011}
}


@book{BerthozPetit2014,
	address = {Paris},
	author = {Berthoz, Alain and  Jean-Luc Petit},
	publisher = {Collège de France},
	title = {Complexité-Simplexité},
	year = {2014}
}


@book{Berthoz2013,
	address = {Paris},
	author = {Berthoz, Alain},
	publisher = {Odile Jacob},
	title = {{{La}} vicariance: {L}e cerveau créateur de mondes},
	year = {2013}
}


@book{Berthoz2009Simplexity,
	address = {Paris},
	author = {Berthoz, Alain},
	publisher = {Odile Jacob},
	title = {Simplexity: {S}implifying principles for a Complex World},
	year = {2009}
}


@book{Berthoz2009,
	address = {{Paris}},
	author = {Berthoz, Alain},
	publisher = {Odile Jacob},
	title = {{{La}} simplexité},
	year = {2009}
}


@book{Berrendonner1981,
	address = {Paris},
	author = {Berrendonner, Alain},
	publisher = {Éditions de Minuit},
	title = {Éléments de pragmatique linguistique},
	year = {1981}
}


@book{Benveniste1974,
	address = {{Paris}},
	author = {Benveniste, Émile},
	publisher = {Gallimard},
	sortname = {Benveniste, Émile},
	title = {Problèmes de linguistique générale},
	volume = {2},
	year = {1974}
}


@book{Benveniste1966,
	address = {Paris},
	author = {Benveniste, Émile},
	publisher = {Gallimard},
	sortname = {Benveniste, Émile},
	title = {Problème de linguistique générale},
	volume = {1},
	year = {1966}
}


@book{BechtelRichardson2010,
	address = {Cambridge, MA},
	author = {Bechtel, William and  Robert C. Richardson},
	publisher = {The {MIT} Press},
	title = {Discovering Complexity, Decomposition and Localization as Strategies in Scientific Research},
	year = {2010}
}


@book{BassoFossali2017,
	address = {Limoges},
	author = {Basso Fossali, Pierluigi},
	publisher = {Lambert-Lucas},
	title = {{Vers} une écologie sémiotique de la culture: {P}erception, gestion et réappropriation du sens: },
	year = {2018}
}


@book{Banfield1995,
	address = {Paris},
	author = {Cyril Veken},
	publisher = {Seuil},
	title = {Phrases sans parole: {{T}}héorie du récit et du style indirect libre},
	year = {1995},
	translator = {Ann Banfield}
}


@book{Bandura1986,
	address = {Englewood Cliffs, NJ},
	author = {Bandura, Albert},
	publisher = {Prentice-Hall},
	title = {Social foundations of thought and action: {{A}} social cognitive theory},
	year = {1986}
}


@book{Bally1944,
	address = {Bern},
	author = {Bally, Charles},
	publisher = {A. Francke},
	title = {Linguistique générale et linguistique française},
	year = {1944}
}


@book{Axelrod1997,
	address = {Princeton},
	author = {Axelrod, Robert},
	publisher = {Princeton University Press},
	title = {The Complexity of Cooperation},
	year = {1997}
}


@book{Austin1962,
	address = {Cambridge, MA},
	author = {Austin, John Langshaw},
	publisher = {Harvard University Press},
	title = {How to do things with words},
	year = {1962}
}


@incollection{Anscombre2005,
	address = {Bruxelles},
	author = {Anscombre, Jean-Claude},
	booktitle = {Dialogisme et polyphonie: {{A}}pproches linguistiques},
	editor = {Bres, Jacques and Pierre P. Haillet and Sylvie Mellet and Henning Nølke  and  Laurence Rosier},
	pages = {75--94},
	publisher = {De Boeck Supérieur},
	title = {{{Le}} on-locuteur: {{{{U}}}}ne entité aux multiples visages},
	year = {2005}
}


@book{AndriessenEtAl2003,
	address = {Dordrecht},
	author = {Andriessen, Jerry and Michael Baker and Dan Suthers (Eds.)},
	publisher = {Springer},
	title = {Arguing to Learn: {C}onfronting Cognitions in Computer-Supported Collaborative Learning Environments},
	year = {2003},
	doi = {10.1007/978-94-017-0781-7}
}


@book{Anderson1996,
	address = {New Jersey},
	author = {Anderson, John R.},
	publisher = {Erlbaum},
	title = {The Architecture of Cognition},
	year = {1996}
}


@book{Alexander1920,
	address = {London},
	author = {Alexander, Samuel},
	publisher = {{Macmillan \& Co}},
	title = {Space, Time, and Deity},
	year = {1920}
}


@article{Woods1986,
	author = {Woods, David D.},
	journal = {AI Magazine},
	pages = {86--92},
	title = {Cognitive technologies: {T}he design of joint human-machine cognitive systems},
	volume = {6},
	number = {4},
	doi = {10.1609/aimag.v6i4.511},
	year = {1985}
}


@incollection{WegerifMercer1997,
	address = {Clevedon},
	author = {Wegerif, Rupert and  Neil Mercer},
	booktitle = {Computers and Talk in the Primary Classroom},
	editor = {Wegerif, Rupert and  Peter Scrimshaw},
	pages = {49--65},
	publisher = {Multilingual Matters},
	title = {A Dialogical Framework for Investigating Talk},
	year = {1997}
}


@article{Vermersch2000,
        ids  = {Vermersch2000a},
	author = {Vermersch, Pierre},
	doi = {10.3406/intel.2000.1609},
	journal = {Intellectica},
	pages = {269--311},
	title = {Conscience directe et conscience réfléchie},
	volume = {31},
	year = {2000}
}


@article{Velmezova2011,
	author = {Velmezova, Ekaterina},
	journal = {Cahiers de praxématique},
	pages = {31--50},
	title = {{{Le}} dialogue bakhtinien: {{{{E}}}}ntre « nouveauté terminologique » et obstacle épistémologique},
	volume = {57},
	year = {2011}
}


@article{VarelaShear1999,
	author = {Varela, Francisco J. and  Jonathan Shear},
	journal = {Journal of Consciousness Studies},
	number = {2-3},
	pages = {1-14},
	title = {First-Person Methodologies: {{W}}hat, Why, How?},
	volume = {6},
	year = {1999}
}


@article{Varela1996,
	author = {Varela, Francisco J.},
	journal = {Journal of Consciousness Studies},
	pages = {330--349},
	title = {Neurophenomenology: {{A}} methodological remedy for the hard problem},
	volume = {3},
	number = {4},
	year = {1996}
}


@article{ValenzuelaRosati2019,
	author = {Valenzuela-Moguillansky, Camila and  Alejandra Vásquez-Rosati},
	journal = {Constructivist Foundations},
	number = {2},
	pages = {123--145},
	title = {An analysis procedure for the micro-phenomenological interview},
	volume = {14},
	year = {2019}
}


@article{Trognon2003,
	author = {Trognon, Alain},
	journal = {Questions de communication},
	pages = {411--425},
	title = {{{La}} logique interlocutoire: {U}n programme pour l'étude empirique des jeux de dialogue},
	volume = {4},
	year = {2003}
}


@article{Traverso2005,
	author = {Traverso, Véronique},
	journal = {Rivista di Psicolinguistica Applicata},
	number = {2-3},
	pages = {153--166},
	title = {Quelques formats intégrant la répétition comme ressource pour le développement thématique dans la conversation ordinaire},
	volume = {4},
	year = {2005},
	doi = {10.1400/19211}
}

@article{Swiatkowska2006,
	author = {Świątkowska, Marcela},
	journal = {Langages},
	number = {1},
	pages = {47--56},
	title = {L'interjection: {Entre} deixis et anaphore},
	volume = {161},
	year = {2006},
	doi = {10.3917/lang.161.0047}
}

@article{Stokoe2012,
	author = {Stokoe, Elizabeth},
	journal = {Discourse Studies},
	number = {3},
	pages = {277--303},
	title = {Moving forward with membership categorization analysis: {{M}}ethods for systematic analysis},
	volume = {14},
	year = {2012},
	doi = {10.1177/1461445612441534}
}


@article{StiversRobinson2006,
	author = {Stivers, Tanya and  Jeffrey D. Robinson},
	journal = {Language in Society},
	pages = {367--392},
	title = {A preference for progressivity in interaction},
	number = {3},
	volume = {35},
	year = {2006},
	doi = {10.1017/S0047404506060179}
}


@article{Stivers2008,
	author = {Stivers, Tanya},
	journal = {{Research on Language \& Social Interaction}},
	number = {1},
	pages = {31--57},
	title = {Stance, Alignment, and Affiliation During Storytelling: {{W}}hen Nodding Is a Token of Affiliation},
	volume = {41},
	year = {2008},
	doi = {10.1080/08351810701691123}
}


@article{SimonneauxSimonneaux2009,
	author = {Simonneaux, Laurence and  Jean Simonneaux},
	journal = {Cultural Studies of Science Education},
	number = {3},
	pages = {657--687},
	title = {Students' socio-scientific reasoning on controversies from the viewpoint of education for sustainable development},
	volume = {4},
	doi = {10.1007/s11422-008-9141-x},
	year = {2009}
}


@article{SharmaEtAl1998,
	author = {Sharma, Rajeev and Vladimir I. Pavlovic  and  Thomas S. Huang},
	journal = {Proceedings of the IEEE},
	number = {5},
	pages = {853--860},
	doi = {10.1109/5.664275},
	title = {Toward multimodal human-computer interface},
	volume = {86},
	year = {1998}
}


@article{Scholz2017,
	author = {Scholz, Roland W.},
	journal = {Sustainability},
	pages = {Article 991},
	title = {The Normative Dimension in Transdisciplinarity, Transition Management, and Transformation Sciences: {N}ew Roles of Science and Universities in Sustainable Transitioning},
	volume = {9},
	number = {6},
	year = {2017},
	doi = {10.3929/ethz-b-000190481}
}


@article{Schoenemann2009,
	author = {Schoenemann, P. Thomas},
	journal = {Language Learning},
	pages = {162--186},
	title = {Evolution of Brain and Language},
	volume = {59},
	number = {s1},
	pages = {162--186},
	year = {2009},
	doi = {10.1111/j.1467-9922.2009.00539.x}
}


@article{SchegloffEtAl1977,
	author = {Schegloff, Emanuel A. and Gail Jefferson  and  Harvey Sacks},
	journal = {Language},
	number = {2},
	pages = {361--382},
	title = {The preference for self-correction in the organization of repair in conversation},
	volume = {53},
	year = {1977},
	doi = {10.2307/413107}
}

@article{Singer1968,
	author = {J. David Singer},
	journal = {Journal of Social Issues},
	number = {24},
	pages = {127--156},
	title = {Man and world politics: {The} psycho-cultural interface},
	volume = {3},
	year = {1968},
	doi = {10.1111/j.1540-4560.1968.tb02310.x}
}



@article{Sandoval2005,
	author = {Sandoval, William A.},
	journal = {Science Education},
	number = {4},
	pages = {634--656},
	title = {Understanding students' practical epistemologies and their influence on learning through inquiry},
	volume = {89},
	doi = {10.1002/sce.20065},
	year = {2005}
}


@article{SacksEtAl1974,
	author = {Sacks, Harvey and Emanuel A. Schegloff  and  Gail Jefferson},
	journal = {Language},
	number = {4},
	pages = {696--735},
	title = {A simplest systematics for the organization of turn-taking for conversation},
	volume = {50},
	year = {1974},
	doi = {10.2307/412243}
}


@article{Roulet1991,
	author = {Roulet, Eddy},
	journal = {Cahiers de linguistique française},
	pages = {53--81},
	title = {Vers une approche modulaire de l'analyse du discours},
	volume = {12},
	year = {1991}
}


@article{RoseanoEtAl2016,
	author = {Roseano, Paolo and Montserrat González and Joan Borràs-Comes  and  Pilar Preto},
	journal = {Discourse Processes},
	number = {3},
	pages = {135--174},
	title = {Communicating Epistemic Stance: How Speech and Gesture Patterns Reflect Epistemicity and Evidentiality},
	volume = {53},
	year = {2016},
	doi = {10.1080/0163853X.2014.969137}
}


@article{Richardson2005,
	author = {Richardson, Kurt},
	journal = {Futures},
	number = {7},
	pages = {615--653},
	title = {The hegemony of the physical sciences: {An} exploration in complexity thinking},
	volume = {37},
	doi = {10.1016/j.futures.2004.11.008},
	year = {2005}
}


@article{Rastier2001,
	author = {Rastier, François},
	journal = {Journal des anthropologues},
	pages = {183--219},
	doi = {10.4000/jda.2941},
	sortname = {Rastier, Francois},
	title = {L'action et le sens: {Pour} une sémiotique des cultures},
	volume = {85-86},
	year = {2001}
}


@article{Rabatel2014,
	author = {Rabatel, Alain},
	journal = {Arena Romanistica: Journal of Romance studies},
	pages = {204--222},
	title = {Quelques remarques sur la théorie argumentative de la polyphonie},
	volume = {14},
	year = {2014}
}


@article{Rabatel2010,
	author = {Rabatel, Alain},
	booktitle = {{La} question polyphonique ou dialogique dans les sciences du langage},
	editor = {Colas-Blaise, Marion and Mohamed Kara and Laurent Perrin  and  André Petitjean},
	journal = {Recherches linguistiques},
	note = {Metz},
	pages = {357--373},
	publisher = {Celted},
	title = {Retour sur les relations entre locuteur et énonciateur: {{D}}es voix et des points de vue},
	volume = {31},
	year = {2010}
}


@article{Rabatel2009,
	author = {Rabatel, Alain},
	journal = {Langue française},
	pages = {71--87},
	title = {Prise en charge et imputation, ou la prise en charge à responsabilité limitée...},
	volume = {2},
	number = {162},
	doi = {10.3917/lf.162.0071},
	year = {2009}
}


@article{Prigogine1983,
	author = {Prigogine, Ilya},
	journal = {{Le} Genre Humain},
	pages = {221--233},
	title = {{{La}} lecture du complexe},
	volume = {7-8},
	year = {1983},
	doi = {10.3917/lgh.007.0221}
}


@article{PoloEtAl2016,
	author = {Polo, Claire and Kristine Lund and Christian Plantin  and  Gerald P. Niccolai},
	journal = {International Journal of Computer Supported Collaborative Learning},
	pages = {123--156},
	doi = {10.1007/s11412-016-9232-8},
	title = {Group Emotions: {{T}}he Social and Cognitive Functions of Emotions in Argumentation},
	volume = {11},
	year = {2016}
}


@article{PetitmenginEtAl2018,
	author = {Petitmengin, Claire and Anne Remillieux  and  Camila Valenzuela-Moguillansky},
	doi = {10.1007/s11097-018-9597-4},
	journal = {Phenomenology and the Cognitive Sciences},
	pages = {691--730},
	title = {Discovering the structures of lived experience: {T}owards a micro-phenomenological analysis method},
	volume = {18},
	year = {2018}
}


@article{PetitmenginEtAl2015,
	author = {Petitmengin, Claire and Michel Bitbol  and  Magali Ollagnier-Beldame},
	journal = {Intellectica},
	pages = {53--76},
	title = {Vers une science de l'expérience vécue},
	doi = {10.3406/intel.2015.1012},
	volume = {64},
	year = {2015}
}


@article{PetitmenginEtAl2013,
	author = {Petitmengin, Claire and Anne Remillieux and Béatrice Cahour  and  Shirley Carter-Thomas},
	doi = {10.1016/j.concog.2013.02.004},
	journal = {Consciousness and Cognition},
	number = {2},
	pages = {654--669},
	title = {A gap in {Nisbett} and {{Wilson}}'s findings? {{A}} first-person access to our cognitive processes},
	volume = {22},
	year = {2013}
}


@article{PetitmenginBitbol2009,
	author = {Petitmengin, Claire and  Michel Bitbol},
	journal = {Journal of Consciousness Studies},
	pages = {363--404},
	title = {The validity of first-person descriptions as authenticity and coherence},
	volume = {16},
	number = {10-12},
	year = {2009}
}


@article{Petitmengin2006,
	author = {Petitmengin, Claire},
	ids = {Petitmengin2006b},
	journal = {Phenomenology and the Cognitive Sciences},
	pages = {229--269},
	title = {Describing one's Subjective Experience in the Second Person: {A}n Interview Method for the Science of Consciousness},
	doi = {10.1007/s11097-006-9022-2},
	volume = {5},
	year = {2006}
}


@misc{Perrin2019,
	address = {Lyon},
	author = {Perrin, Laurent},
	journal = {Les Voix en dialogue: Hétérogénéité énonciative et discours en interaction},
	pages = {3--5/7/},
	title = {Modalisations dialogiques et diaphoniques de l'énonciation },
	year = {2019}
}


@article{Perrin2009,
	author = {Perrin, Laurent},
	journal = {Langue française},
	pages = {61--79},
	title = {{{La}} voix et le point de vue comme formes polyphoniques externes},
	number = {164},
	volume = {4},
	year = {2009},
	doi = {10.3917/lf.164.0061}
}

@article{Perrin2021,
	author = {Perrin, Laurent},
	journal = {Cahiers de Praxématique},
	pages = {1--14},
	title = {Modalisations diaphoniques de l'énonciation dans le discours},
	number = {75},
	year = {2021},
	doi = {10.4000/praxematique.7263}
}

@article{Pauen2012,
	author = {Pauen, Michael},
	doi = {10.1080/0020174X.2012.643623},
	journal = {Inquiry},
	number = {1},
	pages = {33--49},
	title = {The Second-Person Perspective},
	volume = {55},
	year = {2012}
}


@article{Partanen2015,
	author = {Partanen, Jenny},
	journal = {Plurimondi},
	number = {16},
	pages = {203--222},
	title = {Complexity: {{A}}n epistemological review},
	volume = {8},
	year = {2015}
}


@article{PankseppEtAl2002,
	author = {Panksepp, Jaak and Nakia Gordon  and  Jeffrey Burgdorf},
	doi = {10.1017/S0140525X0247001X},
	journal = {Behavioral and Brain Sciences},
	number = {1},
	pages = {43--44},
	title = {Empathy and the action-perception resonances of basic socio-emotional systems of the brain},
	volume = {25},
	year = {2002}
}


@article{OultonEtAl2004,
	author = {Oulton, Christopher and Vanessa Day and Justin Dillon  and  Marcus and Grace},
	journal = {Oxford Review of Education},
	number = {4},
	pages = {489--507},
	title = {Controversial issues-teachersʼ attitudes and practices in the context of citizenship education},
	volume = {30},
	doi = {10.1080/0305498042000303973},
	year = {2004}
}


@article{Ollagnier-BeldameCoupe2019,
	author = {Ollagnier-Beldame, Magali and  Christophe Coupé},
	journal = {Constructivist Foundations},
	number = {2},
	pages = {167--180},
	sortname = {Ollagnier-Beldame, Magali and Coupe, Christophe},
	title = {Meeting you for the first time: {{D}}escriptive categories of an intersubjective experience},
	volume = {14},
	year = {2019}
}


@article{Nowakowska2009,
	author = {Nowakowska, Aleksandra},
	journal = {Langue francaise},
	pages = {79--98},
	title = {Thématisation et dislogisme: {{L}}e cas de la dislocation},
	number = {163},
	volume = {3},
	year = {2009}
}


@incollection{NoriegaEtAl2014,
	address = {Cham},
	booktitle = {Coordination, Organizations, Institutions, and Norms in Agent Systems {X} ({COIN 2014})},
	editor = {Aditya Ghose and Nir Oren and Pankaj Telang and John Thangarajah},
	author = {Noriega, Pablo and Julian Padget and Harko Verhagen  and  Mark d'Inverno},
	series = {Lecture Notes in Computer Science},
	pages = {164-181},
	publisher = {Springer},
	title = {Towards a Framework for Socio-Cognitive Technical Systems},
	doi = {10.1007/978-3-319-25420-3_11},
	number = {9372},
	year = {2015}
}


@article{NisbettWilson1977,
	author = {Nisbett, Richard and  Timothy D. DeCamp},
	doi = {10.1037/0033-295X.84.3.231},
	journal = {Psychological Review},
	number = {3},
	pages = {231--259},
	title = {Telling more than we can know: {{V}}erbal reports on mental processes},
	volume = {84},
	year = {1977}
}


@article{Narcy-Combes2018,
	author = {Narcy-Combes, Jean-Paul},
	journal = {Éla. Étude de linguistique appliquée},
	pages = {229--240},
	title = {Ouvertures transdisciplinaires en linguistique appliquée... {À} partir d’une réflexion en acquisition des langues},
	volume = {2},
	number = {190},
	year = {2018}
}


@article{Nagel1974,
	author = {Nagel, Thomas},
	journal = {Philosophical Review},
	pages = {435--450},
	title = {What is it like to be a bat?},
	volume = {83},
	number = {4},
    doi = {10.2307/2183914},
	year = {1974}
}


@article{Mondada2019,
	author = {Mondada, Lorenza},
	journal = {Journal of Pragmatics},
	pages = {47--62},
	title = {Contemporary issues in conversation analysis: {{{{E}}}}mbodiment and materiality, multimodality and multisensoriality in social interaction},
	volume = {145},
	year = {2019},
	doi = {10.1016/j.pragma.2019.01.016}
}

@article{Mondada2018,
	author = {Mondada, Lorenza},
	journal = {Research on Language and Social Interaction},
	number = {1},
	pages = {85--106},
	title = {Multiple temporalities of language and body in interaction: {{C}}hallenges for transcribing multimodality},
	volume = {51},
	year = {2018},
	doi = {10.1080/08351813.2018.1413878}
}


@article{Mondada2016,
	author = {Mondada, Lorenza},
	journal = {Journal of Sociolinguistics},
	number = {3},
	pages = {336--366},
	title = {Challenges of multimodality: {{L}}anguage and the body in social interaction},
	doi = {10.1111/josl.1_12177},
	volume = {20},
	year = {2016}
}


@article{Mondada2014Local,
	author = {Mondada, Lorenza},
	journal = {Journal of Pragmatics},
	pages = {137--156},
	title = {The local constitution of multimodal resources for social interaction},
	volume = {65},
	year = {2014},
	doi = {10.1016/j.pragma.2014.04.004}
}


@article{Mondada2009,
	author = {Mondada, Lorenza},
	journal = {Journal of Pragmatics},
	pages = {1977--1997},
	title = {Emergent focused interactions in public places: {{A}} systematic analysis of the multimodal achievement of a common interactional space},
	volume = {41},
	number = {10},
	year = {2009},
	doi = {10.1016/j.pragma.2008.09.019}
}


@article{Mercer1996,
	author = {Mercer, Neil},
	journal = {Learning and Instruction},
	number = {4},
	pages = {359--377},
	title = {The quality of talk in children's collaborative activity in the classroom},
	doi = {10.1016/S0959-4752(96)00021-7},
	volume = {6},
	year = {1996}
}


@article{Mazur-PalandreEtAl2014,
	author = {Ma\-zur-Pa\-landre, Audrey and Jean-Marc Colleta  and  Kristine Lund},
	journal = {Journal of Multimodal Communication Studies},
	pages = {1--17},
	title = {Context sensitive ‘how’ explanation in children’s multimodal behavior},
	volume = {2},
	year = {2014}
}


@article{Matthiessen2009,
	author = {Matthiessen, Christian M. I. M.},
	journal = {Language Learning},
	pages = {206--229},
	title = {Meaning in the Making: {{M}}eaning Potential Emerging From Acts of Meaning},
	volume = {59},
	number = {s1},
	year = {2009},
	doi = {10.1111/j.1467-9922.2009.00541.x}
}


@article{Lund2019,
	author = {Lund, Kristine},
	journal = {Computers in Human Behavior},
	title = {Building and regulating cognitive, linguistic, and interactional aspects of knowledge between the individual and the group},
	doi = {10.1016/j.chb.2019.04.013},
	volume = {100},
	year = {2019}
}


@article{Lotman2005,
	author = {Lotman, Yuri M. and Wilma Clark},
	journal = {Sign Systems Studies},
	pages = {205--229},
	title = {On the semiosphere},
	volume = {33},
	number = {1},
	year = {2005},
	doi = {10.12697/SSS.2005.33.1.09},
	ids = {Lotman1992}
}

@article{Longhi2012,
	author = {Longhi, Julien},
	journal = {Tranel (Travaux neuchâtelois de linguistique)},
	pages = {5--21},
	title = {D'où, de qui, ou comment vient le sens en discours},
	volume = {56},
	year = {2012}
}



@article{LewisLeach2006,
	author = {Lewis, Jenny and  John Leach},
	journal = {International Journal of Science Education},
	number = {11},
	pages = {1267--1287},
	title = {Discussion of socio-scientific issues: {{T}}he role of science knowledge},
	volume = {28},
	doi = {10.1080/09500690500439348},
	year = {2006}
}


@article{Levinson2005,
	author = {Levinson, Stephen C.},
	journal = {Discourse Studies},
	pages = {431--453},
	title = {Living with {Manny}'s Dangerous Idea},
	volume = {7},
	number = {4--5},
	doi = {10.1177/1461445605054401},
	year = {2005}
}


@article{Kronning2014,
	author = {Kronning, Hans},
	journal = {Arena Romanistica: Journal of Romance studies},
	pages = {124--138},
	title = {Pour une théorie modale de la polyphonie},
	volume = {14},
	year = {2014}
}


@article{Kratzer1977,
	author = {Kratzer, Angelika},
	journal = {Linguistics and philosophy},
	number = {3},
	pages = {337--355},
	title = {What `must' and `can' must and can mean},
	volume = {1},
	year = {1977},
	doi = {10.1007/BF00353453}
}

@article{Kleiber2006,
	author = {Kleiber, Georges},
	journal = {Langages},
	number = {1},
	pages = {10--23},
	title = {Sémiotique de l'interjection},
	volume = {161},
	year = {2006},
	doi = {10.3917/lang.161.0010}
	
}


@article{KeithSawyer2001,
	author = {Sawyer, R. Keith},
	journal = {American Journal of Sociology},
	number = {3},
	pages = {551--585},
	title = {Emergence in sociology: {C}ontemporary philosophy of mind and some implications for sociological theory},
	volume = {107},
	year = {2001},
	doi = {10.1086/338780}
}


@article{Keevalik2018,
    ids = {Keevallik2018},
	author = {Keevalik, Leelo},
	journal = {Research on Language and Social Interaction},
	number = {1},
	pages = {1--21},
	title = {What does embodied interaction tell us about grammar?},
	volume = {51},
	year = {2018},
	doi = {10.1080/08351813.2018.1413887}
}


@article{Israel2005,
	author = {Israel, Giorgio},
	journal = {Science in Context},
	number = {3},
	pages = {479--509},
	title = {The Science of Complexity: {{{{E}}}}pistemological Problems and Perspectives},
	doi = {10.1017/S0269889705000621},
	volume = {18},
	year = {2005}
}


@article{Hymes1967,
	author = {Hymes, Dell},
	journal = {Social Research},
	number = {4},
	pages = {632--647},
	title = {Why Linguistics Needs The Sociologist},
	volume = {34},
	year = {1967}
}


@article{HofstetterRobles2018,
	author = {Hofstetter, Emily and  Jessica Robles},
	journal = {Symbolic Interaction},
	number = {2},
	pages = {301--320},
	title = {Manipulation in board game interactions: {{B}}eing a sporting player},
	volume = {42},
	year = {2018},
	doi = {10.1002/symb.396}
}


@article{HeritageSorjonen1994,
	author = {Heritage, John and  Marja-Leena Sorjonen},
	journal = {Language in Society},
	number = {1},
	pages = {1--29},
	title = {Constituting and maintaining activities across sequences: {{A}}nd-prefacing as a feature of question design},
	volume = {23},
	year = {1994},
	doi = {10.1017/S0047404500017656}
}


@article{Harris1945,
	author = {Harris, Zellig},
	journal = {Language},
	pages = {121--127},
	title = {Discontinuous Morphemes},
	volume = {21},
	year = {1945},
	number = {3}
}

@article{Halte2019,
    ids = {Halté2019},
	author = {Halté, Pierre},
	journal = {Médiation et Information},
	title = {Iconicité et signification modale: {{L}}’émoticône, de l’icône du corps au geste énonciatif},
	volume = {47},
	year = {2019},
	url = {https://hal.archives-ouvertes.fr/hal-02148085}
}
 

@article{Halte2019gestes,
	author = {Halté, Pierre},
	journal = {Pratiques},
	title = {Les gestes à l'écrit dans les interactions numériques: {{D}}escription et fonctions},
	volume = {183-184},
	year = {2019},
	doi = {10.4000/pratiques.7123}
}


@article{GriggsEtAl2002,
	author = {Griggs, Peter and Rita Carol  and  Pierre Bange},
	journal = {Revue française de linguistique appliquée},
	number = {2},
	pages = {17--30},
	title = {{{La}} dimension cognitive dans l'apprentissage des langues étrangères},
	volume = {7},
	year = {2002},
	doi = {10.3917/rfla.072.0025}
}


@article{Goodwin2018,
	author = {Goodwin, Charles},
	doi = {10.7146/si.v1i2.110039},
	journal = {Social Interaction: Video-Based Studies of Human Sociality},
	number = {2},
	title = {Why Multimodality? {{W}}hy Co-Operative Action? (transcribed by {J}. {P}hilipsen)},
	volume = {1},
	year = {2018}
}


@misc{Genelot2014,
	author = {Génelot, Dominique},
	title = {Responsabilité éthique dans l’action en complexité̀},
	url = {http://www.intelligence-complexite.org/fileadmin/docs/1408dg.pdf},
	year = {2014}
}


@article{EllisLarsen-Freeman2009,
	author = {Ellis, Nick C. and  Diane Larsen-Freeman},
	journal = {Language Learning},
	pages = {90--125},
	title = {Constructing a Second Language: {{A}}nalyses and Computational Simulations of the Emergence of Linguistic Constructions From Usage},
	volume = {59},
	number = {1},
	year = {2009},
	doi = {10.1111/j.1467-9922.2009.00537.x}
}


@article{EllisLarsen-Freeman2006,
	author = {Ellis, Nick C. and  Diane Larsen-Freeman},
	journal = {Applied Linguistics},
	number = {4},
	pages = {558--589},
	title = {Language emergence: {{I}}mplications for applied linguistics -- {I}ntroduction to the Special Issue},
	volume = {27},
	year = {2006},
	doi = {10.1093/applin/aml028}
}


@article{Ellis2002,
	author = {Ellis, Nick C.},
	journal = {Studies in Second Language Acquisition},
	pages = {223--236},
	title = {Frequency effects in language processing},
	volume = {24},
	year = {2002}
}


@article{EberleEtAl2021,
	author = {Eberle, Julia and Karsten Stegmann and Alain Barrat and Frank Fischer  and  Kristine Lund},
	journal = {International Journal of Computer-Supported Collaborative Learning},
	pages = {151--184},
	doi = {10.1007/s11412-021-09345-7},
	title = {Initiating scientific collaborations across career levels and disciplines: {A} network analysis on behavioral data},
	volume = {16},
	number = {2},
	year = {2021}
}


@article{Ducard2012,
	author = {Ducard, Dominique},
	journal = {Tranel (Travaux neuchâtelois de linguistique)},
	pages = {43--60},
	title = {Comment le dire: {A} propos d'ajustement, en quelque sorte},
	volume = {56},
	year = {2012}
}


@article{DuBois2014,
	author = {Du Bois, John W.},
	journal = {Cognitive Linguistics},
	number = {3},
	pages = {359--410},
	title = {Towards a dialogic syntax},
	volume = {25},
	doi = {10.1515/cog-2014-0024},
	year = {2014}
}


@article{DriverEtAl2000,
	author = {Driver, Rosalind and Paul Newton  and  Jonathan Osborne},
	journal = {Science Education},
	number = {3},
	pages = {287--312},
	title = {Establishing the norms of scientific argumentation in classrooms},
	volume = {84},
	doi = {10.1002/(SICI)1098-237X(200005)84:3<287::AID-SCE1>3.0.CO;2-A},
	year = {2000}
}


@article{DeprazEtAl2017,
	author = {Depraz, Natalie and Maria Gyemant  and  Thomas Desmidt},
	journal = {Constructivist Foundations},
	number = {2},
	pages = {190--203},
	title = {A first-person analysis using third-person data as a generative method: {{A}} case study of surprise in depression},
	volume = {12},
	year = {2017}
}


@article{Depraz2012,
	author = {Depraz, Natalie},
	doi = {10.1007/s11007-012-9223-z},
	journal = {Continental Philosophy Review},
	number = {3},
	pages = {447--459},
	title = {Empathy and second-person methodology},
	volume = {45},
	year = {2012}
}


@article{DeppermannEtAl2010,
	author = {Deppermann, Arnulf and Reinhold Schmitt  and  Lorenza Mondada},
	journal = {Journal of Pragmatics},
	number = {6},
	pages = {1700--1718},
	title = {Agenda and emergence: {{C}}ontingent and planned activities in a meeting},
	volume = {42},
	year = {2010},
	doi = {10.1016/j.pragma.2009.10.006}
}


@article{Davis2007,
	author = {Davis, Wayne A.},
	journal = {Teorema: Revista Internacional de Filosofía,},
	number = {2},
	pages = {41--58},
	title = {Grice's Meaning Project},
	volume = {26},
	year = {2007}
}


@article{CornishEtAl2009,
	author = {Cornish, Hannah and Monica Tamariz  and  Simon Kirby},
	journal = {Language Learning},
	pages = {187--205},
	title = {Complex Adaptive Systems and the Origins of Adaptive Structure: {{W}}hat Experiments Can Tell Us},
	volume = {59},
	number = {s1},
	year = {2009},
	doi = {10.1111/j.1467-9922.2009.00540.x}
}


@article{CondonOgston1966,
	author = {Condon, William S. and Ogston, William},
	journal = {Journal of Psychiatric Research},
	number = {3},
	pages = {221--235},
	title = {A segmentation of behavior},
	volume = {5},
	year = {1966},
	doi = {10.1016/0022-3956(67)90004-0}
}


@article{CobelasCartagenaPriego-Vazquez2019,
	author = {Cobelas Cartagena, Maria Ángeles and  Gabriela Priego-Vázquez},
	journal = {Discourse Studies},
	number = {2},
	pages = {135--158},
	title = {Participation frameworks and socio-discursive competence in young children: {{T}}he role of multimodal strategies},
	volume = {21},
	year = {2019},
	doi = {10.1177/1461445618802656}
}


@article{ClarkBernicot2008,
	author = {Clark, Eve V. and  Josie Bernicot},
	journal = {Journal of Child Language},
	number = {2},
	pages = {349--371},
	title = {Repetition as ratification: {How} parents and children place information in common ground},
	volume = {35},
	year = {2008},
	doi = {10.1017/S0305000907008537}
}


@article{BresEtAl2016,
	author = {Bres, Jacques and Aleksandra Nowakowska and  Jean-Marc Sarale},
	journal = {Journal of Pragmatics},
	pages = {80--95},
	title = {{A}nticipative interlocutive dialogism: {S}equential patterns and linguistic markers in {F}rench},
	doi = {10.1016/j.pragma.2016.02.007},
	volume = {96},
	year = {2016}
}


@article{Bres1999,
	author = {Bres, Jacques},
	journal = {Modèles linguistiques},
	number = {40},
	pages = {71--86},
	title = {Vous les entendez ? {{A}}nalyse du discours et dialogisme},
	volume = {20},
	doi = {10.4000/ml.1411},
	year = {1999}
}


@article{BoydEtAl2009,
	author = {Boyd, Jeremy K. and Erin A. Gottschalk  and  Adele E. Goldberg},
	journal = {Language Learning},
	pages = {64--89},
	title = {Linking Rule Acquisition in Novel Phrasal Constructions},
	volume = {59},
	number = {s1},
	year = {2009},
	doi = {10.1111/j.1467-9922.2009.00536.x}
}


@article{Bottineau2017,
	author = {Bottineau, Didier},
	journal = {Intellectica},
	pages = {19--68},
	title = {From languaging to Linguistic Meaning},
	volume = {68},
	year = {2017}
}


@article{Bondì2015,
	author = {Bondì, Antonino},
	journal = {Intellectica},
	pages = {125--149},
	title = {Pour une anthropologie sémiotique et phénoménologique: {L}e sujet de la parole entre cognition sociale et valeurs sémiolinguistiques},
	volume = {63},
	year = {2015}
}


@article{BlytheCroft2009,
	author = {Blythe, Richard A. and  William A. Croft},
	journal = {Language Learning},
	pages = {47--63},
	title = {The Speech Community in Evolutionary Language Dynamics},
	volume = {59},
	number = {s1},
	year = {2009},
	doi = {10.1111/j.1467-9922.2009.00535.x}
}


@article{BlancGriggs2015,
	author = {Blanc, Nathalie and  Peter Griggs},
	journal = {Recherches en didactique des langues et des cultures},
	number = {3},
	note = {Online},
	title = {Tracer la procéduralisation dans le contexte interactionnel et multimodal d'une classe d'immersion: {{M}}éthodes et outils d'analyse d'un corpus vidéo},
	volume = {12},
	year = {2015},
	doi = {10.4000/rdlc.1004}
}


@article{BitbolPetitmengin2016,
	author = {Bitbol, Michel and  Claire Petitmengin},
	journal = {Mind and Matter},
	number = {1},
	pages = {51--75},
	title = {On the possibility and reality of introspection},
	volume = {14},
	year = {2016}
}


@article{BitbolPetitmengin2011,
	author = {Bitbol, Michel and  Claire Petitmengin},
	journal = {Journal of Consciousness Studies},
	pages = {24--37},
	title = {On pure reflection: {A} reply to {Zahavi}},
	volume = {18},
	number = {2},
	year = {2011}
}


@article{Bisang2014,
	author = {Bisang, Walter},
	journal = {Pozna{\'n} Studies in Contemporary Linguistics},
	number = {2},
	pages = {127--143},
	title = {Overt and hidden complexity: {T}wo types of complexity and their implications},
	volume = {50},
	year = {2014},
	doi = {10.1515/psicl-2014-0009}
}


@article{Bell1984,
	author = {Bell, Allan},
	journal = {Language in Society},
	pages = {145--204},
	title = {Language style as audience design},
	volume = {13},
	number = {2},
	year = {1984},
	doi = {10.1017/S004740450001037X}
}


@article{BecknerEtAl2009,
	author = {Beckner, Clay and  Nick C. Ellis and  Richard Blythe and John Holland and Joan Bybee and Jinyun Ke and  Morten H. Christiansen and  Diane Larsen-Freeman and  William Croft and  Tom Schoenemann},
	journal = {Language Learning},
	pages = {1--26},
	number = {1},
	title = {Language is a complex adaptive system: {{P}}osition Paper},
	volume = {59},
	doi = {10.1111/j.1467-9922.2009.00533.x},
	year = {2009}
}

@article{BecknerBybee2009,
	author = {Beckner, Clay and Joan Bybee},
	journal = {Language Learning},
	pages = {27--46},
	title = {A Usage-Based Account of Constituency and Reanalysis},
	volume = {59},
	number = {s1},
	year = {2009},
	doi = {10.1111/j.1467-9922.2009.00534.x}
}


@article{BechtelAbrahamsen2005,
	author = {Bechtel, William and  Adele Abrahamsen},
	journal = {Studies in History and Philosophy of Science Part C: Studies in History and Philosophy of Biological and Biomedical Sciences},
	pages = {421--441},
	title = {Explanation: {{A}} Mechanistic Alternative},
	volume = {36},
	doi = {10.1016/j.shpsc.2005.03.010},
	number = {2},
	year = {2005}
}


@article{Bazzanella2011,
	author = {Bazzanella, Carla},
	journal = {Language Sciences},
	number = {2},
	pages = {243--254},
	title = {Redundancy, repetition and intensity in discourse},
	volume = {33},
	year = {2011},
	doi = {10.1016/j.langsci.2010.10.002}
}


@article{BassoFossali2007,
	author = {Basso Fossali, Pierluigi},
	journal = {Visible},
	pages = {11--55},
	title = {Di mediazione in mediazione. {S}pazi esperienziali, domini culturali e semiosfera ({D}e médiation en médiation. {E}spaces expérientiels, domaines culturels et sémiosphère)},
	volume = {3},
	year = {2007}
}


@article{Baldauf-Quilliatre2016,
	author = {Baldauf-Quilliatre, Heike},
	journal = {Journal of Pragmatics},
	pages = {89--107},
	title = {``pf'' indicating a change in orientation in {{French}} interactions},
	volume = {104},
	doi = {10.1016/j.pragma.2016.07.006},
	year = {2016}
}


@article{BaderLeuzinger2019,
    author = {Bader, Martin K.-F. and Sebastian Leuzinger},
	journal = {iScience},
	pages = {1238-1247},
	doi = {10.1016/j.isci.2019.05.009},
	title = {Hydraulic Coupling of a Leafless Kauri Tree Remnant to Conspecific Hosts},
	volume = {19},
	year = {2019}
}


@article{Atlan1972,
	author = {Atlan, Henri},
	journal = {Communications},
	pages = {21--36},
	title = {Du bruit comme principe d'auto-organisation},
	volume = {18},
	year = {1972}
}


@article{Albe2006,
	author = {Albe, Virginie},
	journal = {Revue Française de Pédagogie},
	pages = {103--118},
	title = {Procédés discursifs et r{\^o}les sociaux d'élèves en groupes de discussion sur une controverse socio-scientifique},
	volume = {157},
	doi = {10.4000/rfp.604},
	year = {2006}
}


@article{AckermanMalouf2013,
	author = {Farrell Ackerman and Robert Malouf},
	journal = {Language},
	number = {3},
	pages = {429--464},
	title = {Morphological organization: {{T}}he low conditional entropy conjecture},
	volume = {89},
	year = {2013},
	doi = {10.1353/lan.2013.0054}
}

@incollection{Barthes1971,
    author = {Barthes, Roland}, 
    year = {2002}, 
    title = {Sade, {Fourier}, {Loyola}}, 
    location = {Paris}, 
    publisher = {Seuil},
    edition = {nouv. éd.},
    booktitle = {Œuvres complètes}, 
    volume = {III},
    pages ={699-868}
}


@article{BassoFossali2016,
    author = {Basso Fossali, Pierluigi},
    year = {2016},
    title = {From paradigm to environment: {The} foreign rhythm and punctual catalysis of culture},
    journal = {Sign Systems Studies},
    volume = {44},
    number = {3},
    pages = {415--431}
}

@book{BiberGray2016,
    author = {Biber, Douglas and Gray, Bethany},
    year = {2016},
    title = {Grammatical Complexity in {Academic English}},
    publisher = {Cambridge University Press},
    address = {Cambridge, UK}
}

@incollection{Bisang2009,
    author = {Bisang, Walter},
    year = {2009},
    title = {On the evolution of complexity: {Sometimes} less is more in {East} and mainland {Southeast Asia}},
    editor = {Geoffrey Sampson and David Gill and Peter Trudgill},
    booktitle = {Language, complexity as an evolving variable},
    address = {Oxford},
    publisher = {Oxford University Press},
    pages = {34--49}
}

@book{Culicover2013,
    author = {Culicover, Peter W.},
    year = {2013},
    title = {Grammar \& Complexity: {Language} at the Intersection of Competence and Performance},
    location = {Oxford},
    publisher = {Oxford University Press}
}

@book{Dauphiné2003,
    author = {Dauphiné, André},
    year = {2003},
    title = {Les theories de la complexité chez les géographes},
    address = {Paris},
    publisher = {Anthropos}
}

@article{Dressler1985,
    author = {Dressler, Wolfgang U.},
    year = {1985},
    title = {Sur le statut de la suppléance dans la Morphologie Naturelle},
    journal = {Langages},
    volume = {78},
    pages = {41--56}
}

@article{GershersonFernandez2012,
    author = {Gershenson, Carlos and Fernandez, Nelson},
    year = {2021},
    title = {Complexity and information: {Mesuring} emergerce, self-organization, and homeostasis at multiple scale},
    journal = {Complexity},
    volume = {18},
    pages = {29--44}
    
}

@incollection{Gil2009,
    author = {Gil, David},
    year = {2009},
    title = {How much grammar does it take to sail a boat?},
    editor = {G. Sampson and D. Gill and P. Trudgill},
    booktitle = {Language, complexity as an evolving variable},
    address = {Oxford},
    publisher = {Oxford University Press},
    pages = {19--33}
}

@book{Givón2009,
    author = {Givón, Talmy},
    year = {2009},
    title = {The Genesis of synctactic complexity: {Diachrony}, antogeny, neuro-cognition, evolution},
    location = {Amsterdam},
    publisher = {John Benjamins}
}

@article{Gray2012,
    author = {Gray, Wayne D.},
    year = {2021},
    title = {Great Debate on the Complex Systems Approach to Cognitive Science},
    journal = {Topics in Cognitive Science},
    volume = {4},
    number = {2},
    pages = {1756--1765}
}

@incollection{HadermannEtAl2017,
    author = {Hadermann, Pascale and Housen, Alex and van Raemdonck, Dan},
    editor = {Hadermann, Pascale and Housen, Alex and van Raemdonck, Dan},
    year = {2017},
    title = {Présentation},
    booktitle = {ComplexitéS},
    location = {Bruxelles},
    publisher = {Peter Lang},
    pages = {9--16}
}

@incollection{Havu2017,
    author = {Havu, Eva},
    year = {2017},
    title = {La complexité syntaxique dans les productions écrites d’étudiants de français finnophones},
    editor = {Hadermann, Pascale and Housen, Alex and van Raemdonck, Dan},
    booktitle = {ComplexitéS},
    location = {Bruxelles},
    publisher = {Peter Lang},
    pages = {85--100}
}

@incollection{Lehmann1989,
    author = {Lehmann, Christian},
    year = {1989},
    title = {Towards a typology of clause linkage},
    editor = {John Haiman and Sandra A. Thompson},
    booktitle = {Clause combining in grammar and discours},
    location = {Amsterdam \& New York},
    publisher = {John Benjamins},
    pages = {181--225}
}

@book{Pierrard1988,
    author = {Pierrard, Michel},
    year = {1988},
    title = {Les relatives sans antécédent en français moderne},
    address = {Paris},
    publisher = {Peeters}
}

@incollection{Piaget1972,
    author = {Piaget, Jean},
    year = {1972},
    title = {L’épistémologie des relations interdisciplinaires},
    booktitle = {L'interdisciplinarité: problèmes d'enseignement et de recherche dans les universités},
    publisher = {OCDE},
    location = {Paris},
    url = {http://www.fondationjeanpiaget.ch/fjp/site/textes/VE/jp72_epist_relat_interdis.pdf}
}

@incollection{RichardsonEtAl2014,
    author = {Richardson, Michael J. and Dale, Robert and Marsh, Kerry L.},
    year = {2014},
    title = {Complex dynamical systems in social and personality psychology: {Theory}, modeling and analysis},
    editor = {Harry T. Reis and Charles M. Judd},
    booktitle = {Handbook of research methods in social and personality psychology},
    pages = {253--282},
    publisher = {Cambridge University Press},
    edition = {2},
    location = {Cambridge, UK}
}

@book{Saussure1907,
    author = {de Saussure, Ferdinand},
    year = {1996},
    title = {Premier cours de linguistique générale d’après les cahiers {d’Albert} {Riedlinger}}, 
    editor = {Eisuke Komatsu and George Wolf}, 
    location = {Oxford \& Tokyo}, 
    publisher = {Pergamon}
}

@book{ShadishEtAl2002,
    author = {Shadish, William and Thomas D. Cook and Donald T. Campbell},
    year = {2002},
    title = {Experimental and quasi-experimental designs for generalized causal inference}, 
    location = {Boston \& New York}, 
    publisher = {Houghton Mifflin Company}
}

@incollection{Trudgill2009,
    author = {Trudgill, Peter},
    year = {2009},
    title = {Sociolinguistic typology and complexification},
    editor = {G. Sampson and D. Gill and P. Trudgill},
    booktitle = {Language, complexity as an evolving variable},
    location = {Oxford},
    publisher = {Oxford University Press},
    pages = {98--109}
}


@incollection{Bondi2016,
	address = {Lambert-Lucas},
	author = {Bondì, Antonino},
	booktitle = {L'Enonciation aujourd'hui, un concept clé des sciences du langage énonciation et perception d'autrui},
	editor = {Colas-Blaise, M. and Tore, G.-M.},
	pages = {381--394},
	publisher = {Limoges},
	title = {Altérité de la parole et socialité du sens},
	year = {2016}
}

@book{Bondi2012,
	address = {Rome},
	author = {Antonino Bondì},
	publisher = {Carocci},
	sortname = {Antonino Bondì},
	title = {{Louis} {Hjelmslev}: {{F}}ra lingua e linguaggio},
	year = {2011}
}

@book{Bondi2011,
	address = {Catania},
	author = {Antonino Bondì},
	publisher = {Bonanno},
	sortname = {Antonino Bondì},
	title = {{{La}} parola e i suoi strati: {{{La}}} semiotica dinamica di {Louis} {Hjelmslev}},
	year = {2011}
}

@incollection{Bondi2017,
	address = {Cham},
	author = {Bondì, Antonino},
	booktitle = {Language in complexity: {T}he Emerging Meaning},
	editor = {Francesco {La Mantia} and Ignazio Licata and Pietro Perconti},
	title = {Hjelmslev and the stratification of signs and language: {The} morphodynamical approaches to semiotic complexity},
	pages = {99--118},
	doi = {10.1007/978-3-319-29483-4_6},
	publisher = {Springer},
	year = {2017}
}


@article{Bondi2015,
	author = {Bondì, Antonino},
	journal = {Intellectica},
	pages = {125--148},
	title = {Pour une anthropologie sémiotique et phénoménologique: {L}e sujet de la parole entre cognition sociale et valeurs sémiolinguistiques},
	volume = {63},
	year = {2015}
}


@article{McCafferty2002,
	author = {McCafferty, Steven G.},
	journal = {Modern Language Journal},
	pages = {192--203},
	title = {Gesture and creating zones of proximal development for second language learning},
	volume = {86},
	number = {2},
	year = {2002},
    doi = {10.1111/1540-4781.00144}
}


@article{Galperin1967,
    author = {{Gal'perin}, Piotr Ia.},
    journal = {Soviet Psychology},
    number = {5},
    pages = {28--33},
    title = {On the Notion of Internalization},
    volume = {3},
    doi = {10.2753/RPO1061-0405050328},
    year = {1967}
}

@book{Dörnyei2009,
	address = {Oxford},
	author = {Dörnyei, Zoltán},
	publisher = {Oxford University Press},
	title = {The psychology of second language acquisition},
	year = {2009}
}

@book{Gendlin1997,
    ids = {Gendlin1962},
    author =  {Gendlin, Eugene T.},
    title = {Experiencing and the creation of meaning: {A} philosophical and psychological approach to the subjective},
    year = {1997},
    publisher = {Northwestern University Press},
    address = {Evanston, IL}
}

@article{OsborneEtAl2004,
	author = {Osborne, Jonathan and Sibel Erduran and Shirley Simon},
	journal = {Journal of Research in Science Teaching},
	pages = {994--1020},
	title = {Enhancing the quality of argumentation in school science},
	volume = {41},
	number = {10},
	doi = {10.1002/tea.20035},
	year = {2004}
}	
