@book{langsci-current-book, editor = {Robin Lemke and Lisa Sch√§fer and Ingo Reich}, title = {{Information structure and information theory}}, year = {2024}, series = {Topics at the Grammar-Discourse Interface}, number = {10}, location = {Berlin}, publisher = {Language Science Press}, options = {dataonly=true} } 
