%%% 1 - INTRODUCTION
@book{ariel1990,
	address = {{London \& New York}},
	author = {Ariel, Mira},
	publisher = {{Routledge}},
	series = {Croom {{Helm}} Linguistics Series},
	title = {Accessing Noun-Phrase Antecedents},
	year = {1990},
    doi = {10.4324/9781315857473}
}

@incollection{jaeger.buz2017,
  title = {Signal reduction and linguistic encoding},
  booktitle = {The Handbook of Psycholinguistics},
  author = {Jaeger, T. Florian and Buz, Esteban},
  editor = {Fernández, Eva M. and Cairns, Helen Smith},
  year = {2017},
  month = sep,
  pages = {38--81},
  publisher = {{John Wiley \& Sons}},
  address = {{Hoboken, NJ, USA}},
  doi = {10.1002/9781118829516.ch3},
  langid = {english}
}

@inproceedings{asr.demberg2015,
  title = {Uniform {{Information Density}} at the level of discourse relations: {{Negation}} markers and discourse connective omission},
  booktitle = {Proceedings of the 11th {{International Conference}} on {{Computational Semantics}}},
  author = {Asr, Fatemeh Torabi and Demberg, Vera},
  editor = {Purver, Matthew and Sadrzadeh, Mehrnoosh and Stone, Matthew},
  year = {2015},
  pages = {118--128},
  publisher = {{Association for Computational Linguistics}},
  address = {{London}}
}

@article{aylett.turk2004,
	author = {Aylett, Matthew and Turk, Alice},
	doi = {10.1177/00238309040470010201},
	journal = {Language and Speech},
	langid = {english},
	number = {1},
	pages = {31--56},
	title = {The Smooth Signal Redundancy Hypothesis: {A} functional explanation for relationships between redundancy, prosodic prominence, and duration in spontaneous speech},
	volume = {47},
	year = {2004},
	ids = {Aylett.Turk.2004,aylett2004smooth,aylett_turk_2004,AylettTurk2004,Aylett2004}
}
	
@book{buring1997,
	author = {B{ü}ring, Daniel},
	date = {1997},
	doi = {10.4324/9780203448014},
	location = {{London}},
	number = {3},
	publisher = {{Routledge}},
	series = {Routledge {{Study}} in {{German Linguistics}}},
	shorttitle = {The {{Meaning}} of {{Topic}} and {{Focus}}},
	title = {The Meaning of Topic and Focus: {{T}}he 59th {{S}}treet {{B}}ridge {{A}}ccent},
	doi = {10.4324/9780203448014}}
	




	
@article{crocker.etal2015,
  author  = {Crocker, Matthew W. and Demberg, Vera and Teich, Elke},
  title   = {{I}nformation density and linguistic encoding ({I}{D}ea{L})},
  number  = {1},
  pages   = {77--81},
  volume  = {30},
  journal = {KI -- Künstliche Intelligenz},
  year    = {2016},
  doi     = {10.1007/s13218-015-0391-y}}

@article{fenk.fenk1980,
	author = {Fenk, August and Fenk, Gertraud},
	journal = {Zeitschrift für experimentelle und angewandte Psychologie},
	number = {3},
	pages = {400--414},
	title = {Konstanz Im {{Kurzzeitgedächtnis}} -- {{Konstanz}} Im Sprachlichen {{Informationsfluß}}?},
	volume = {27},
	year = {1980}}
	
@article{fenk-oczlon1989,
	author = {{Fenk-Oczlon}, Gertraud},
	ids = {fenk-oczlon1989a},
	journal = {Linguistics},
	langid = {english},
	pages = {517--556},
	title = {Word Frequency and Word Order in Freezes},
	volume = {27},
    doi = {10.1515/ling.1989.27.3.517},
	year = {1989}}
	
@inproceedings{frank.jaeger2008,
	address = {{Austin}},
	author = {Frank, Austin F. and Jaeger, T. Florian},
	booktitle = {Proceedings of the 30th {{Annual Conference}} of the {{Cognitive Science Society}}},
	ids = {frank.jaeger2008a},
	langid = {english},
	pages = {939--944},
	title = {Speaking Rationally: {{Uniform}} Information Density as an Optimal Strategy for Language Production},
	year = {2008}}
	
@article{frey2000,
	author = {Frey, Werner},
	ids = {frey2000a},
	journal = {ZAS Papers in Linguistics},
	langid = {ngerman},
	pages = {137--172},
	title = {{Über die syntaktische Position der Satztopiks im Deutschen}},
	volume = {20},
	year = {2000},
	doi = {10.21248/zaspil.20.2000.82}}

@book{grice1989,
	address = {{Cambridge; London}},
	author = {Grice, H. Paul},
	ids = {1995},
	langid = {english},
	lccn = {149.94},
	publisher = {{Harvard university Press}},
	title = {Studies in the Way of Words},
	year = {1989}}

@article{gundel.etal1993,
	author = {Gundel, Jeanette K. and Hedberg, Nancy and Zacharski, Ron},
	doi = {10.2307/416535},
	journal = {Language},
	langid = {english},
	number = {2},
	pages = {274--307},
	publisher = {{Linguistic Society of America}},
	title = {Cognitive status and the form of referring expressions in discourse},
	volume = {69},
	year = {1993},
	doi = {10.2307/416535}}
	
@article{halliday1967Notes,
	author = {Halliday, Michael Alexander Kirkwood},
	journal = {Journal of Linguistics},
	langid = {english},
	number = {2},
	pages = {199--244},
	title = {Notes on Transitivity and Theme in {{English}}: {{Part}} 2},
	volume = {3},
	year = {1967},
	doi = {10.1017/S0022226700016613}}
	
@book{hockett1958,
	address = {{New York, NY}},
	author = {Hockett, Charles F.},
	publisher = {{Macmillan}},
	title = {A Course in Modern Linguistics},
	year = {1958}}

@incollection{hohle1982,
	address = {{Tübingen}},
	author = {Höhle, Tilman N.},
	booktitle = {Satzglieder Im {{Deutschen}}. {{Vorschläge}} Zur Syntaktischen, Semantischen Und Pragmatischen {{Fundierung}}},
	editor = {Werner, Abraham},
	number = {15},
	pages = {75--153},
	publisher = {{Narr}},
	series = {Studien Zur Deutschen {{Grammatik}}},
	title = {Explikation Für ,normale {{Betonung}}` Und ,normale {{Wortstellung}}`},
	year = {1982}}
	
@article{kiss1998,
  title = {Identificational Focus versus Information Focus},
  author = {É. Kiss, Katalin},
  year = {1998},
  journal = {Language},
  volume = {74},
  number = {2},
  pages = {245--273},
  publisher = {{Linguistic Society of America}},
  doi = {10.2307/417867}}

	
@incollection{krifka2007,
	address = {{Potsdam}},
	author = {Krifka, Manfred},
	booktitle = {The notions of information structure},
	editor = {Féry, Caroline and Fanselow, Gisbert and Krifka, Manfred},
	ids = {krifka2007a},
	langid = {english},
	number = {6},
	pages = {13--55},
	publisher = {{Universitätsverlag Potsdam}},
	series = {Interdisciplinary studies on information structure},
	title = {Basic notions of information structure},
	year = {2007}}

@book{lambrecht1994,
	address = {{Cambridge}},
	author = {Lambrecht, Knud},
	doi = {10.1017/CBO9780511620607},
	langid = {en},
	number = {71},
	publisher = {{Cambridge University Press}},
	series = {{Cambridge Studies in Linguistics}},
	shorttitle = {{Information Structure and Sentence Form}},
	title = {{Information structure and sentence form: {{Topic}}, focus, and the mental representations of discourse referents}},
	year = {1994},
	doi = {10.1017/CBO9780511620607}}

@book{lemke2021,
	author = {Lemke, Robin},
	doi = {10.5281/zenodo.5596236},
	journal = {Language Science Press},
	langid = {english},
	number = {1},
	publisher = {{Language Science Press}},
	series = {Open Germanic Linguistics},
	title = {Experimental Investigations on the Syntax and Usage of Fragments},
	year = {2021},
	doi = {10.5281/zenodo.5596236}}

@book{lenerz1977,
	author = {Lenerz, J{ü}rgen},
	date = {1977},
	langid = {german},
	location = {{T{ü}bingen}},
	publisher = {TBL-Verlag Narr},
	series = {Studien zur deutschen Grammatik},
	title = {Zur {{Abfolge}} nominaler {{Satzglieder}} im {{Deutschen}}}
}
	
@article{levy2008,
	author = {Levy, Roger},
	doi = {10.1016/j.cognition.2007.05.006},
	journal = {Cognition},
	number = {3},
	pages = {1126--1177},
	title = {Expectation-Based Syntactic Comprehension},
	volume = {106},
	year = {2008},
	doi = {10.1016/j.cognition.2007.05.006}}
	
@inproceedings{levy.jaeger2007,
	address = {{Cambridge}},
	author = {Levy, Roger and Jaeger, T. Florian},
	booktitle = {Advances in {{Neural Information Processing Systems}} 19},
	doi = {10.7551/mitpress/7503.003.0111},
	editor = {Schölkopf, Bernhard and Platt, John and Hofmann, Thomas},
	pages = {849--856},
	publisher = {{The MIT Press}},
	title = {Speakers Optimize Information Density through Syntactic Reduction},
	volume = {19},
	year = {2007},
	doi = {10.7551/mitpress/7503.003.0111}}

@book{mathesius1975,
url = {10.1515/9783110813296},
title = {A Functional Analysis of Present Day {{English}} on a General Linguistic Basis},
author = {Vilém Mathesius},
editor = {Josef Vachek},
publisher = {De Gruyter Mouton},
address = {Berlin, Boston},
doi = {10.1515/9783110813296},
year = {1975},
}

@book{paul1919,
	address = {{Halle, Saale}},
	author = {Paul, Hermann},
	publisher = {{Max Niemeyer Verlag}},
	title = {Deutsche {{Grammatik}}. {{Bank III}}. {{Teil IV}}: {{Syntax}} ({{Erste Hälfte}})},
	year = {1919},
	doi = {10.1515/9783110929805.4.fm}}

@incollection{pierrehumbert1990,
  title = {The Meaning of Intonational Contours in the Interpretation of Discourse},
  booktitle = {Intentions in Communication},
  author = {Janet Pierrehumbert and Julia Hirschberg},
  editor = {Philip R. Cohen and Jerry Morgan and Martha E. Pollack},
  year = {1990},
  pages = {271--312},
  publisher = {{MIT} Press},
  address = {Cambridge, MA},
  doi = {10.7551/mitpress/3839.003.0016}}

@incollection{prince1981,
	address = {{New York}},
	author = {Prince, Ellen F.},
	booktitle = {Radical {{Pragmatics}}},
	editor = {Cole, Peter},
	langid = {english},
	pages = {223--254},
	publisher = {{Academic Press}},
	title = {Toward a Taxonomy of Given-New Formation},
	year = {1981}}
	
@book{rauth2020,
	author = {Rauth, Philipp},
	date = {2020},
	location = {{T{ü}bingen}},
	number = {100},
	publisher = {{Stauffenburg}},
	series = {Studien zur deutschen {{Grammatik}}},
	shorttitle = {Ditransitive {{Konstruktionen}} Im {{Deutschen}}},
	title = {Ditransitive {{Konstruktionen}} im {{Deutschen}}: {{Geschichte}} und {{Steuerung}} der {{Objektabfolge}} im {{Mittelfeld}}}}
	
@incollection{reich2018,
	address = {{Stuttgart}},
	author = {Reich, Ingo},
	booktitle = {Handbuch {{Pragmatik}}},
	doi = {10.1007/978-3-476-04624-6_24},
	editor = {Liedtke, Frank and Tuchen, Astrid},
	pages = {240--251},
	publisher = {{J.B. Metzler}},
	title = {Ellipsen},
	year = {2018},
	doi = {10.1007/978-3-476-04624-6_24}}
	
@article{reinhart1981,
	author = {Reinhart, Tanya},
	ids = {reinhart1981a},
	journal = {Philosophica},
	langid = {english},
	pages = {53--94},
	title = {Pragmatics and Linguistics: {{An}} Analysis of Sentence Topics},
	volume = {27},
	year = {1981}}
	
@phdthesis{rooth1985,
	author = {Rooth, Mats},
	title = {Association with Focus ({{Montague}} Grammar, Semantics, Only, Even)},
	school = {University of Massachusetts Amherst},
	year = {1985}}
	
@article{rooth1992,
	author = {Rooth, Mats},
	doi = {10.1007/BF02342617},
	ids = {rooth1992b},
	journal = {Natural Language Semantics},
	langid = {english},
	number = {1},
	pages = {75--116},
	title = {A Theory of Focus Interpretation},
	volume = {1},
	year = {1992}
}
	
@article{schafer2021,
	author = {Sch{ä}fer, Lisa},
	doi = {10.1515/zfs-2021-2024},
	journal = {Zeitschrift für Sprachwissenschaft},
	langid = {english},
	number = {2},
	pages = {161--197},
	shorttitle = {Topic Drop in {{German}}},
	title = {Topic Drop in {{German}}: {{Empirical}} Support for an Information-Theoretic Account to a Long-Known Omission Phenomenon},
	volume = {40},
	year = {2021},
	doi = {10.1515/zfs-2021-2024}}
	
@article{schwarzschild1999,
	author = {Schwarzschild, Roger},
	doi = {10.1023/A:1008370902407},
	journal = {Natural Language Semantics},
	langid = {english},
	number = {2},
	pages = {141--177},
	publisher = {{Springer}},
	title = {Givenness, {{Avoidf}} and Other Constraints on the Placement of Accent},
	volume = {7},
	year = {1999},
	doi = {10.1023/A:1008370902407}}
	
@book{selkirk1984,
	address = {{Cambridge}},
	author = {Selkirk, Elisabeth O.},
	langid = {english},
	number = {10},
	publisher = {{MIT Press}},
	shorttitle = {Phonology and Syntax},
	title = {Phonology and Syntax: {{The}} Relation between Sound and Structure},
	year = {1984}}
	
@incollection{selkirk1995,
	address = {{Cambridge}},
	author = {Selkirk, Elisabeth O.},
	booktitle = {The Handbook of Phonological Theory},
	editor = {Goldsmith, John A.},
	number = {1},
	pages = {550--569},
	publisher = {{Blackwell}},
	series = {Blackwell Handbooks in Linguistics},
	title = {Sentence Prosody: {{Intonation}}, Stress and Phrasing},
	year = {1995}}
	
@article{shannon1948,
	author = {Shannon, Claude E.},
	doi = {10.1002/j.1538-7305.1948.tb01338.x},
	journal = {The Bell System Technical Journal},
	number = {3},
	pages = {379--423},
	title = {A Mathematical Theory of Communication},
	volume = {27},
	year = {1948},
	doi = {10.1002/j.1538-7305.1948.tb01338.x}}
	
@incollection{speyer2010,
	address = {{Amsterdam}},
	author = {Speyer, Augustin},
	booktitle = {Discourse in Interaction},
	date-modified = {2021-04-27 09:10:55 +0000},
	doi = {10.1075/pbns.203.19spe},
	editor = {Tanskanen, Sanna-Kaisa and Helasvuo, Marja-Liisa and Johansson, Marjut and Raitaniemi, Mia},
	langid = {english},
	pages = {263--290},
	publisher = {{John Benjamins}},
	title = {Filling the {{German Vorfeld}} in Written and Spoken Discourse},
	year = {2010},
	doi = {10.1075/pbns.203.19spe}
}

@incollection{stalnaker1978,
	address = {{New York, San Francisco, London}},
	author    = {Stalnaker, Robert C.},
	series    = {Syntax and Semantics},
	number = {9},
	booktitle = {Pragmatics},
	editor = {Cole, Peter},
	pages = {315--332},
	publisher = {{Academic Press}},
	title = {Assertion},
	year = {1978}
}
	
@article{stowell1991,
	author = {Stowell, Tim},
	journal = {GLOW Newsletter},
	pages = {56--57},
	title = {Empty Heads in Abbreviated {{English}}},
	volume = {26},
	year = {1991}}
	
@inproceedings{tily.piantadosi2009,
	address = {{Tilburg}},
	publisher = {{Tilburg University}},
	author = {Tily, Harry and Piantadosi, Steven},
	booktitle = {Proceedings of the Workshop on the Production of Referring Expressions: {{Bridging}} the Gap between Computational and Empirical Approaches to Reference},
	title = {Refer Efficiently: {{Use}} Less Informative Expressions for More Predictable Meanings},
	year = {2009}}

@article{gabelentz1868,
	author = {{von der Gabelentz}, Georg},
	journal = {Zeitschrift für Völkerpsychologie und Sprachwissenschaft},
	langid = {ngerman},
	pages = {376--384},
	title = {{Ideen zu einer vergleichenden {{S}}yntax: {{Wort}}- und {{S}}atzstellung}},
	volume = {6},
	year = {1868}}
	
@article{wackernagel1892,
	author = {Wackernagel, Jacob},
	journal = {Indogermanische Forschungen},
	pages = {333-436},
	title = {{{Ü}ber ein Gesetz der indogermanischen Wortstellung}},
	volume = {1},
	year = {1892},
	doi = {10.1515/9783110242430.333}}

	
@incollection{walker.etal1998,
	address = {{Oxford}},
	author = {Walker, Marilyn and Joshi, Aravind K. and Prince, Ellen},
	booktitle = {Centering Theory in Discourse},
	editor = {Marilyn A. Walker and Aravind K. Joshi and Ellen F. Prince},
	pages = {1--28},
	publisher = {{Oxford University Press}},
	title = {Centering in Naturally-Occurring Discourse: {An} Overview},
	year = {1998}}

%%% 2- Lacina

@article{fox2011characterization,
  title={On the characterization of alternatives},
  author={Fox, Danny and Katzir, Roni},
  journal={Natural Language Semantics},
  volume={19},
  pages={87--107},
  year={2011},
  publisher={Springer},
  doi= {10.1007/s11050-010-9065-3}
}

@article{love2015algorithmic,
  title={The algorithmic level is the bridge between computation and brain},
  author={Love, Bradley},
  journal={Topics in Cognitive Science},
  volume={7},
  number={2},
  pages={230--242},
  year={2015},
  publisher={Wiley Online Library},
  doi ={10.1111/tops.12131}
}

@book{marr2010vision,
  title={Vision: {A} computational investigation into the human representation and processing of visual information},
  author={Marr, David},
  year={2010},
  publisher={MIT {P}ress},
  address = {Cambridge}
}

@article{Lacina_Czech_2023, 
   title={“{C}zech” the alternatives: {{A}} probe recognition study of focus and word order},
   volume={27}, 
   DOI={10.18148/sub/2023.v27.1075}, journal={Proceedings of Sinn und Bedeutung}, 
   author={Lacina, Radim and Šimík, Radek and Gotzner, Nicole}, 
   year={2023}, 
   pages={365–380} 
 }

@article{roberts2012information,
  title={Information structure: {T}owards an integrated formal theory of pragmatics},
  author={Roberts, Craige},
  journal={Semantics and {P}ragmatics},
  volume={5},
  pages={1--69},
  year={2012},
  doi = {10.3765/sp.5.6}
}

@article{schwarzschild1999givenness,
  title={{GIVENness}, {AvoidF} and other constraints on the placement of accent},
  author={Schwarzschild, Roger},
  journal={Natural Language Semantics},
  volume={7},
  number={2},
  pages={141--177},
  year={1999},
  publisher={Springer},
  doi = {10.1023/A:1008370902407}
}

@article{gotzner2017role,
  title={Role of contrastive and noncontrastive associates in the interpretation of focus particles},
  author={Gotzner, Nicole and Spalek, Katharina},
  journal={Discourse Processes},
  volume={54},
  number={8},
  pages={638--654},
  year={2017},
  publisher={Taylor \& Francis},
  doi = {10.1080/0163853X.2016.1148981}
}

@article{fintel1997bare,
  title={Bare plurals, bare conditionals, and `only'},
  author={von Fintel, Kai},
  journal={Journal of Semantics},
  volume={14},
  number={1},
  pages={1--56},
  year={1997},
  publisher={Oxford University Press},
  doi = {10.1093/jos/14.1.1}
}

@article{soloukhina2018investigating,
  title={Investigating comprehension of nouns and verbs: {I}s there a difference?},
  author={Soloukhina, Olga A. and Ivanova, Maria V.},
  journal={Aphasiology},
  volume={32},
  number={2},
  pages={183--203},
  year={2018},
  publisher={Taylor \& Francis},
  doi = {10.1080/02687038.2017.1396572}
}

@article{zimmermann2008contrastive,
  title={Contrastive focus and emphasis},
  author={Zimmermann, Malte},
  journal={Acta Linguistica Hungarica},
  volume={55},
  number={3-4},
  pages={347--360},
  year={2008},
  publisher={Akadémiai Kiadó}
  
}

@article{breen2010acoustic,
  title={Acoustic correlates of information structure},
  author={Breen, Mara and Fedorenko, Evelina and Wagner, Michael and Gibson, Edward},
  journal={Language and Cognitive Processes},
  volume={25},
  number={7-9},
  pages={1044--1098},
  year={2010},
  publisher={Taylor \& Francis},
  doi = {10.1080/01690965.2010.504378}
}

@book{ladd2008intonational,
  title={Intonational phonology},
  author={Ladd, D. Robert},
  year={2008},
  publisher={Cambridge University Press},
  address = {Cambridge}
}

@incollection{von1986some,
    author = {von Stechow, Arnim and Uhmann, Susanne},
    title = {Some remarks on focus projection},
    booktitle = {Topic, focus, and configurationality},
    publisher = {Benjamins},
    address = {Amsterdam},
     pages={295--320},
    year = {1986},
    editor = {Sjaak, Meij and Werner, Abraham}
}

@book{rochemont1986focus,
  title={Focus in Generative Grammar},
  author={Rochemont, Michael},
  volume={4},
  year={1986},
  publisher={John Benjamins Publishing},
  address = {Vancouver}
}

@article{meyer1971facilitation,
  title={Facilitation in recognizing pairs of words: {E}vidence of a dependence between retrieval operations},
  author={Meyer, David E. and Schvaneveldt, Roger W.},
  journal={Journal of {E}xperimental {P}sychology},
  volume={90},
  number={2},
  pages={227},
  year={1971},
  publisher={American Psychological Association},
  doi = {10.1037/h0031564}
}

@incollection{carlson2015clefting,
  title={Clefting, parallelism, and focus in ellipsis sentences},
  author={Carlson, Katy},
  booktitle={Explicit and Implicit Prosody in Sentence Processing},
  pages={63--83},
  year={2015},
  publisher={Springer},
  editor = {Frazier, Lyn and Gibson, Edward},
  address = {Cham}
}

@article{spalek2019neurocognitive,
  title={The neurocognitive signature of focus alternatives},
  author={Spalek, Katharina and Oganian, Yulia},
  journal={Brain and language},
  volume={194},
  pages={98--108},
  year={2019},
  publisher={Elsevier},
  doi = {10.1016/j.bandl.2019.04.007}
}

@article{yan2022role,
  author = {Mengzhu Yan and Sasha Calhoun and Paul Warren},
  title = {The role of prominence in activating focused words and their alternatives in {Mandarin}: {Evidence} from Lexical Priming and Recognition Memory},
  journal = {Language and Speech},
  volume = {66},
  number = {3},
  pages = {678-705},
  year = {2023},
  doi = {10.1177/00238309221126108}
}


@inproceedings{byram2011focus,
  title={Focus facilitation and non-associative sets},
  author={Byram Washburn, Mary and Kaiser, Elsi and Zubizarreta, Maria Luisa},
  booktitle={SemDial 2011: {P}roceedings of the 15th {W}orkshop on the {S}emantics and {P}ragmatics of {D}ialogue},
  pages={94--102},
  year={2011}
}

@book{ShannonWeaver1949,
	address = {Champaign},
	author = {Shannon, Claude E. and Weaver, Warren},
	publisher = {University of Illinois Press},
	title = {The mathematical theory of communication},
	year = {1949}
}


@article{stevens2019noise,
  title={Noise, economy, and the emergence of information structure in a laboratory language},
  author={Stevens, Jon S. and Roberts, Gareth},
  journal={Cognitive {S}cience},
  volume={43},
  number={2},
  pages={1--33},
  year={2019},
  publisher={Wiley Online Library},
  doi = {10.1111/cogs.12717}
}


@book{schmitz2008accentuation,
  title={Accentuation and interpretation},
  author={Schmitz, Hans-Christian},
  year={2008},
  publisher={Springer}
}


@article{stevens2016focus,
  title={Focus games},
  author={Stevens, Jon S.},
  journal={Linguistics and philosophy},
  volume={39},
  number={5},
  pages={395--441},
  year={2016},
  publisher={Springer},
  doi = {10.1007/s10988-016-9192-5}
}


@book{jackendoff1972semantic,
  title={Semantic interpretation in generative grammar},
  author={Jackendoff, Ray},
  year={1972},
  publisher={MIT Press},
  address = {Cambridge}
}



@book{Halliday1967Intonation,
	author = {Halliday, Michael Alexander Kirkwood},
    publisher = {Mouton},
	title = {Intonation and grammar in {British} {English}},
	year = {1967},
    address = {The Hague}
}



@article{watkins1989recency,
  title={Recency effect in recall of a word list when an immediate memory task is performed after each word presentation},
  author={Watkins, Michael J and Neath, Ian and Sechler, Elizabeth S},
  journal={The American Journal of Psychology},
  volume={102},
  number={2},
  pages={265--270},
  year={1989},
  publisher={JSTOR}
}

@article{bjork1974recency,
  title={Recency-sensitive retrieval processes in long-term free recall},
  author={Bjork, Robert and Whitten, William },
  journal={Cognitive Psychology},
  volume={6},
  number={2},
  pages={173--189},
  year={1974},
  publisher={Elsevier},
  doi = {10.1016/0010-0285(74)90009-7}
}


@article{Mathesius1936,
	author = {Mathesius, Vilém},
	journal = {Slovo a slovesnost},
	pages = {47--54},
	title = {Pokus o teorii strukturální mluvnice},
	volume = {2},
	year = {1936}
}

@article{hilbig_reaction_2016,
	title = {Reaction time effects in lab-versus {Web}-based research: {Experimental} evidence},
	volume = {48},
	doi = {10.3758/s13428-015-0678-9},
	number = {4},
	journal = {Behavior Research Methods},
	author = {Hilbig, Benjamin E},
	year = {2016},
	pages = {1718--1724},
        doi = {10.3758/s13428-015-0678-9}
}

@book{kratzer1998semantics,
  title={Semantics in generative grammar},
  author={Kratzer, Angelika and Heim, Irene},
  volume={1185},
  year={1998},
  publisher={Blackwell},
  address = {Oxford}
}

@article{carlson2022focus,
  title={Focus {A}ttracts {A}ttachment},
  author={Carlson, Katy and Potter, David},
  journal={Language and Speech},
  volume={65},
  number={2},
  pages={491--512},
  year={2022},
  publisher={SAGE Publications Sage UK},
  doi = {10.1177/00238309211033321}
}

@article{carlson2009information,
  title={Information structure expectations in sentence comprehension},
  author={Carlson, Katy and Dickey, Michael Walsh and Frazier, Lyn and Clifton Jr, Charles},
  journal={Quarterly Journal of Experimental Psychology},
  volume={62},
  number={1},
  pages={114--139},
  year={2009},
  publisher={SAGE Publications Sage UK},
  doi = {10.1080/17470210701880171}
}


@article{franke2016probabilistic,
  title={Probabilistic pragmatics, or why {B}ayes’ rule is probably important for pragmatics},
  author={Franke, Michael and J{ä}ger, Gerhard},
  journal={Zeitschrift f{ü}r {S}prachwissenschaft},
  volume={35},
  number={1},
  pages={3--44},
  year={2016},
  publisher={De Gruyter},
  doi = {10.1515/zfs-2016-0002}
}

@article{goodman2016pragmatic,
  title={Pragmatic language interpretation as probabilistic inference},
  author={Goodman, Noah D. and Frank, Michael C.},
  journal={Trends in {C}ognitive {S}cience},
  volume={20},
  number={11},
  pages={818--829},
  year={2016},
  publisher={Elsevier},
  doi = {10.1016/j.tics.2016.08.005}
}

@article{gotzner2022meaning,
  title={Meaning and Alternatives},
  author={Gotzner, Nicole and Romoli, Jacopo},
  journal={Annual Review of Linguistics},
  volume={8},
  number={1},
  pages={213--234},
  year={2022},
  publisher={Annual Reviews},
  doi = {10.1146/annurev-linguistics-031220-012013}
}


@book{chierchia2013logic,
  title={Logic in grammar: {{P}}olarity, free choice, and intervention},
  author={Chierchia, Gennaro},
  year={2013},
  publisher={Oxford University Press}
}


@article{bergen2015strategic,
  title={The strategic use of noise in pragmatic reasoning},
  author={Bergen, Leon and Goodman, Noah D.},
  journal={Topics in Cognitive Science},
  volume={7},
  number={2},
  pages={336--350},
  year={2015},
  publisher={Wiley Online Library},
  doi = {10.1111/tops.12144}
}


@article{zimmermann2011focus,
  title={Focus marking and focus interpretation},
  author={Zimmermann, Malte and Onea, Edgar},
  journal={Lingua},
  volume={121},
  number={11},
  pages={1651--1670},
  year={2011},
  publisher={Elsevier},
  doi = {10.1016/j.lingua.2011.06.002}
}

@article{Calhoun_et_al_2022,
author = {Sasha Calhoun and Mengzhu Yan and Honiara Salanoa and Fualuga Taupi and Emma Kruse Va’ai},
title ={Focus Effects on Immediate and Delayed Recognition of Referents in {S}amoan},
journal = {Language and Speech},
volume = {I},
number = {27},
pages = {175--201},
year = {2022},
doi = {10.1177/00238309221101396}
}


@incollection{chafe1976,
        ids = {chafe_1976, Chafe76},
	address = {New York},
	author = {Chafe, Wallace L.},
	booktitle = {Subject and Topic},
	editor = {Li, Charles N.},
	pages = {27--55},
	publisher = {Academic Press},
	title = {Givenness, Contrastiveness, Definiteness, Subjects, Topics, and Point of View},
	year = {1976}
}

@article{Krifka2008,
	author = {Krifka, Manfred},
	journal = {Acta Linguistica Hungarica},
	number = {3-4},
	pages = {243--276},
	title = {Basic notions of information structure},
	volume = {55},
	year = {2008}
}

@Book{SgallPanevova1986,
	Author = {Petr Sgall and Eva Hajičová and Jana Panevová},
	Publisher = {Springer Science \& Business Media},
	Title = {The meaning of the sentence in its semantic and pragmatic aspects},
	Year = {1986},
        editor = {Mey, Jacob}
}

@incollection{Montague73,
	Author = {Richard Montague},
	Title = {The Proper Treatment of Quantification in Ordinary {E}nglish},
	Booktitle = {Approaches to Natural Language},
	Publisher = {Reidel},
	Year = {1973},
	Editor = {Jaakko Hintikka and Julius Moravcsik and Patrick Suppes},
	Pages = {221--242},
	Address = {Dordrecht}
}

@article{barr2013random,
  title={Random effects structure for confirmatory hypothesis testing: {K}eep it maximal},
  author={Barr, Dale J. and Levy, Roger and Scheepers, Christoph and Tily, Harry J.},
  journal={Journal of {M}emory and {L}anguage},
  volume={68},
  number={3},
  pages={255--278},
  year={2013},
  publisher={Elsevier},
  doi = {10.1016/j.jml.2012.11.001}
}

@article{bishop2017focus,
  title={Focus projection and prenuclear accents: {E}vidence from lexical processing},
  author={Bishop, Jason},
  journal={{L}anguage, {C}ognition and {N}euroscience},
  volume={32},
  number={2},
  pages={236--253},
  year={2017},
  publisher={{T}aylor \& {F}rancis},
  doi = {10.1080/23273798.2016.1246745}
}


@article{braun2010role,
  title={The role of contrastive intonation contours in the retrieval of contextual alternatives},
  author={Braun, Bettina and Tagliapietra, Lara},
  journal={Language and Cognitive Processes},
  volume={25},
  number={7-9},
  pages={1024--1043},
  year={2010},
  publisher={Taylor \& Francis},
  doi = {10.1080/01690960903036836}
}

@article{braun2019not,
  title={When (not) to look for contrastive alternatives: {T}he role of pitch accent type and additive particles},
  author={Braun, Bettina and Asano, Yuki and Dehé, Nicole},
  journal={Language and Speech},
  volume={62},
  number={4},
  pages={751--778},
  year={2019},
  publisher={SAGE Publications Sage UK},
  doi = {10.1177/002383091881427}
}

@incollection{Buring2007,
    author = {Büring, Daniel},
    title = {Semantics, intonation, and information structure},
    booktitle = {The {Oxford} Handbook of Linguistic Interfaces},
    publisher = {Oxford University Press},
    year = {2007},
    month = {02},
    doi = {10.1093/oxfordhb/9780199247455.013.0015},
    address = {Oxford},
    editor = {Ramchand, Gillian and Reiss, Charles},
    pages = {445--474}
}

@article{Burkner2017,
	author = {Bürkner, Paul-Christian},
	journal = {Journal of Statistical Software},
	doi = {10.18637/jss.v080.i01},
	number = {1},
	pages = {1–28},
	sortname = {Burkner, P.},
	title = {brms: {{A}}n {{R}} Package for {Bayesian} Multilevel Models Using Stan},
	volume = {80},
	year = {2017}
}

@article{Carlson2013,
	author = {Carlson, Katy},
	journal = {Discourse processes},
	number = {4},
	pages = {249--275},
	title = {The role of `only' in contrasts in and out of context},
	volume = {50},
	year = {2013},
    doi = {10.1080/0163853X.2013.778167}
}


@article{CarlsonPotter2021,
	journal = {Glossa},
	author = {Carlson, Katy and Potter, David},
	title = {How focus particles and accents affect attachment},
    volume = {6},
    number = {1},
	year = {2021},
    doi = {10.16995/glossa.5782},
    pages = {1-43}
}


@article{cowan2013does,
  title={When does a good working memory counteract proactive interference? {S}urprising evidence from a probe recognition task},
  author={Cowan, Nelson and Saults, Scott},
  journal={Journal of {E}xperimental {P}sychology: {G}eneral},
  volume={142},
  number={1},
  pages={12},
  year={2013},
  publisher={American Psychological Association},
  doi = {10.1037/a0027804}
}


@misc{DrummondA2013,
	author = {Drummond, Alexander and von der Malsburg, Titus and Erlewine, Michael Yoshitaka and Vafaie, Mahla},
	URL = {https://github.com/addrummond/ibex},
	title = {Ibex Farm},
	year = {2016},
        publisher = {GitHub}
}

@book{erteschik2007information,
  title={Information structure: {T}he syntax-discourse interface},
  author={Erteschik-Shir, Nomi},
  volume={3},
  year={2007},
  publisher={Oxford University Press},
  address = {Oxford}
}

@article{filik2005parsing,
  title={Parsing with focus particles in context: {E}ye movements during the processing of relative clause ambiguities},
  author={Filik, Ruth and Paterson, Kevin B. and Liversedge, Simon P.},
  journal={Journal of {M}emory and {L}anguage},
  volume={53},
  number={4},
  pages={473--495},
  year={2005},
  publisher={Elsevier},
  doi = {10.1016/j.jml.2005.07.004}
}


@article{franke2019bayesian,
  title={Bayesian regression modeling (for factorial designs): {A} tutorial},
  author={Franke, Michael and Roettger, Timo B.},
  year={2019},
  journal={PsyArXiv},
  doi = {10.31234/osf.io/cdxv3}
}


@article{fraundorf2010recognition,
  title={Recognition memory reveals just how CONTRASTIVE contrastive accenting really is},
  author={Fraundorf, Scott H. and Watson, Duane G. and Benjamin, Aaron S.},
  journal={Journal of Memory and Language},
  volume={63},
  number={3},
  pages={367--386},
  year={2010},
  publisher={Elsevier},
  doi = {10.1016/j.jml.2010.06.004}
}


@article{frazier2007focus,
  title={Focus and {VP} ellipsis},
  author={Frazier, Lyn and Clifton, Charles Jr. and Carlson, Katy},
  journal={Language and {S}peech},
  volume={50},
  number={1},
  pages={1--21},
  year={2007},
  publisher={SAGE Publications Sage UK},
  doi = {10.1177/0023830907050001010}
}


@article{gernsbacher1995cataphoric,
  title={Cataphoric devices in spoken discourse},
  author={Gernsbacher, Morton Ann and Jescheniak, Jörg D.},
  journal={Cognitive Psychology},
  volume={29},
  number={1},
  pages={24--58},
  year={1995},
  publisher={Elsevier},
  doi = {10.1006/cogp.1995.1011}
}


@article{gotzner2016impact,
  title={The impact of focus particles on the recognition and rejection of contrastive alternatives},
  author={Gotzner, Nicole and Wartenburger, Isabell and Spalek, Katharina},
  journal={Language and Cognition},
  volume={8},
  number={1},
  pages={59--95},
  year={2016},
  publisher={Cambridge University Press},
  doi = {10.1017/langcog.2015.25}
}

@book{gotzner2017alternative,
  title={Alternative sets in language processing: {H}ow focus alternatives are represented in the mind},
  author={Gotzner, Nicole},
  year={2017},
  publisher={Palgrave Macmillan},
  address = {London}
  
}

@article{gotzner2019life,
  author = {Gotzner, Nicole and Spalek, Katharina},
  title = {The life and times of focus alternatives: {T}racing the activation of alternatives to a focused constituent in language comprehension},
  journal = {Language and Linguistics Compass},
  volume = {13},
  number = {2},
  pages = {e12310},
  doi = {10.1111/lnc3.12310},
  year = {2019}
}

@article{gussenhoven1999discreteness,
  title={Discreteness and gradience in intonational contrasts},
  author={Gussenhoven, Carlos},
  journal={Language and speech},
  volume={42},
  number={2-3},
  pages={283--305},
  year={1999},
  publisher={SAGE Publications Sage UK},
  doi = {10.1177/00238309990420020701}
}


@article{husband2016role,
  title={The role of selection in the comprehension of focus alternatives},
  author={Husband, E. Matthew and Ferreira, Fernanda},
  journal={Language, Cognition and Neuroscience},
  volume={31},
  number={2},
  pages={217--235},
  year={2016},
  publisher={Taylor \& Francis}, 
  doi = {10.1080/23273798.2015.1083113}
}


@article{ito2008anticipatory,
  title={Anticipatory effects of intonation: {E}ye movements during instructed visual search},
  author={Ito, Kiwako and Speer, Shari R.},
  journal={Journal of {M}emory and {L}anguage},
  volume={58},
  number={2},
  pages={541--573},
  year={2008},
  publisher={Elsevier},
  doi = {10.1016/j.jml.2007.06.013}
}


@book{johnson1983mental,
  title={Mental models: {T}owards a cognitive science of language, inference, and consciousness},
  author={Johnson-Laird, Philip Nicholas},
  number={6},
  year={1983},
  publisher={Harvard University Press},
  address = {Cambridge}
}


@article{jordens2020role,
  title={The role of non-categorical relations in establishing focus alternative sets},
  author={Jördens, Kim A. and Gotzner, Nicole and Spalek, Katharina},
  journal={Language and {C}ognition},
  volume={12},
  number={4},
  pages={729--754},
  year={2020},
  publisher={Cambridge University Press},
  doi = {10.1017/langcog.2020.21}
}


@article{kaldi2021hungarian,
  title={Hungarian Structural Focus: {A}ccessibility to Focused Elements and Their Alternatives in Working Memory and Delayed Recognition Memory},
  author={Káldi, Tamás and Szöllösi, Ágnes and Babarczy, Anna},
  journal={Frontiers in Psychology},
  pages={1--17},
  year={2021},
  publisher={Frontiers},
  doi = {10.3389/fpsyg.2021.514886}
}


@article{kim2015context,
  title={Context-driven expectations about focus alternatives},
  author={Kim, Christina S. and Gunlogson, Christine and Tanenhaus, Michael K. and Runner, Jeffrey T.},
  journal={Cognition},
  volume={139},
  pages={28--49},
  year={2015},
  publisher={Elsevier},
  doi = {10.1016/j.cognition.2015.02.009}
}


@article{klin2004readers,
  title={Readers’ sensitivity to linguistic cues in narratives: {H}ow salience influences anaphor resolution},
  author={Klin, Celia M. and Weingartner, Kristin M. and Guzmán, Alexandria E. and Levine, William H.},
  journal={Memory \& {C}ognition},
  volume={32},
  number={3},
  pages={511--522},
  year={2004},
  publisher={Springer},
  doi = {10.3758/BF03195843}
}


@article{kurumada2014or,
  title={Is it or isn’t it: {L}isteners make rapid use of prosody to infer speaker meanings},
  author={Kurumada, Chigusa and Brown, Meredith and Bibyk, Sarah and Pontillo, Daniel F. and Tanenhaus, Michael K.},
  journal={Cognition},
  volume={133},
  number={2},
  pages={335--342},
  year={2014},
  publisher={Elsevier},
  doi = {10.1016/j.cognition.2014.05.017}
}


@article{landauer1997latent,
  title={A solution to {P}lato's problem: {T}he latent semantic analysis theory of acquisition, induction, and representation of knowledge.},
  author={Landauer, Thomas K. and Dumais, Susan T.},
  journal={Psychological Review},
  volume={104},
  number={2},
  pages={221--240},
  year={1997},
  publisher={American Psychological Association},
  doi = {10.1037/0033-295X.104.2.211}
}


@article{lee2017effects,
  title={Effects of contrastive accents in memory for {L2} discourse},
  author={Lee, Eun-Kyung and Fraundorf, Scott H.},
  journal={Bilingualism: {{L}}anguage and Cognition},
  volume={20},
  number={5},
  pages={1063--1079},
  year={2017},
  publisher={Cambridge University Press},
  doi = {10.1017/S1366728916000638}
}


@article{norberg2021memory,
  title={Memory benefits from contrastive focus truly require focus: {E}vidence from clefts and connectives},
  author={Norberg, Kole A. and Fraundorf, Scott H.},
  journal={Language, {C}ognition and {N}euroscience},
  volume={36},
  number={8},
  pages={1010--1037},
  year={2021},
  publisher={Taylor \& Francis},
  doi = {10.1080/23273798.2021.1901944}
}

@article{radvansky2005age,
  title={Age and inhibition: {T}he retrieval of situation models},
  author={Radvansky, Gabriel A. and Zacks, Rose T. and Hasher, Lynn},
  journal={The Journals of Gerontology Series B: {{P}}sychological Sciences and Social Sciences},
  volume={60},
  number={5},
  pages={276--278},
  year={2005},
  publisher={Oxford University Press},
  doi = {10.1093/geronb/60.5.P276}
}

@article{sanford2009enhancement,
  title={Enhancement and suppression effects resulting from information structuring in sentences},
  author={Sanford, Alison J. S. and Price, Jessica and Sanford, Anthony J.},
  journal={Memory \& {C}ognition},
  volume={37},
  number={6},
  pages={880--888},
  year={2009},
  publisher={Springer},
  doi = {10.3758/MC.37.6.880}
}

@incollection{selkirk1995sentence,
    author={Selkirk, Elisabeth O.},
    title = {Sentence prosody: {I}ntonation, stress, and phrasing},
    booktitle = {The handbook of phonological theory},
    publisher = {Blackwell},
     pages={550--569},
  year={1995},
   editor = {Goldsmith, John},
    
}

@article{sturt2004linguistic,
  title={Linguistic focus and good-enough representations: {A}n application of the change-detection paradigm},
  author={Sturt, Patrick and Sanford, Anthony J. and Stewart, Andrew and Dawydiak, Eugene},
  journal={Psychonomic bulletin \& review},
  volume={11},
  number={5},
  pages={882--888},
  year={2004},
  publisher={Springer},
  doi = {10.3758/BF03196716}
}

@phdthesis{toennis2021,
    author = {Tönnis, Swantje},
    title = {German `es'-Clefts in Discourse: {A} Question-Based Analysis Involving Expectedness},
    school = {Graz University},
    year = {2021}
}



@article{tjuka2020foxes,
  title={Foxes, deer, and hedgehogs: {T}he recall of focus alternatives in Vietnamese},
  author={Tjuka, Annika and Nguyen, Huong Thi Thu and Spalek, Katharina},
  journal={Laboratory Phonology},
  volume={11},
  number={1},
  year={2020},
  publisher={Open Library of Humanities},
  doi = {10.5334/labphon.323},
  pages = {1--29}
}


@article{ward2007linguistic,
  title={Linguistic focus and memory: {A}n eye movement study},
  author={Ward, Peter and Sturt, Patrick},
  journal={Memory \& {C}ognition},
  volume={35},
  number={1},
  pages={73--86},
  year={2007},
  publisher={Springer},
  doi = {10.3758/BF03195944}
}

@article{yan2019priming,
  title={Priming effects of focus in {M}andarin {C}hinese},
  author={Yan, Mengzhu and Calhoun, Sasha},
  journal={Frontiers in {P}sychology},
  volume={10},
  pages={1--16},
  year={2019},
  publisher={Frontiers Media SA},
  doi = {10.3389/fpsyg.2019.01985}
}


@misc{ZehrSchwarz2018,
	author = {Zehr, Jeremy and Schwarz, Florian},
	doi = {10.17605/OSF.IO/MD832},
	title = {{PennC}ontroller for Internet Based Experiments ({IBEX})},
	year = {2018}
}


@book{Comrie1981,
    author = {Bernard Comrie},
    year = {1981},
    title = {Language Universals and Linguistic Typology},
    address = {Oxford},
    publisher = {Basil Blackwell}
}


@Article{danes59a,
  author    = {František Dane{š}},
  journal   = {Slovo a slovesnost},
  title     = {K otázce pořádku slov v slovanských jazycích},
  year      = {1959},
  number    = {1},
  pages     = {1-10},
  volume    = {20},
  comment   = {cited by berger93},
  timestamp = {2021-07-14},
  url       = {http://sas.ujc.cas.cz/archiv.php?lang=en&art=972},
}

@Book{firbas92,
  Title                    = {Functional sentence perspective in written and spoken communication},
  Author                   = {Jan Firbas},
  Publisher                = {Cambridge University Press},
  Year                     = {1992},
  Address                  = {Cambridge},
}

@InCollection{jasinskaja-simik23,
  author           = {Katja Jasinskaja and Radek Šimík},
  booktitle        = {The {Oxford} guide to the {Slavonic} languages},
  publisher        = {Oxford University Press},
  title            = {Slavonic free word order},
  pubstate             = {forthcoming},
  address          = {Oxford},
  editor           = {Jan Fellerer and Neil Bermel},
  url              = {https://ling.auf.net/lingbuzz/004919},
}

@Book{sgall-hajicova-benesova73,
  author    = {Petr Sgall and Eva Hajičová and Eva Benešová},
  publisher = {Scriptor},
  title     = {Topic, focus, and generative semantics},
  year      = {1973},
  address   = {Kronberg},
  timestamp = {2021-07-12},
}

%% 3 - Ortmann
% Use this file for citations not found in the ACL Anthology (contained in "anthology.bib").
@book{Behagel,
title = {{Deutsche Syntax: {{E}}ine geschichtliche Darstellung}},
volume = {4: {{W}}ortstellung, Periodenbau},
series = {Germanische Bibliothek},
author = {Behagel, Otto},
address = {Heidelberg},
publisher = {Winter},
year = {1932}
}

@InProceedings{bohnet2010,
author = {Bernd Bohnet},
title = {Top accuracy and fast dependency parsing is not a contradiction},
booktitle = {{Proceedings of the 23rd International Conference on Computational Linguistics (Coling 2010)}},
pages = {89–-97},
year = 2010,
location={Beijing, China}
}

@article{brants-et-al04,
  title={{TIGER}: {L}inguistic interpretation of a {G}erman Corpus},
  author={Brants, Sabine and Dipper, Stefanie and Eisenberg, Peter and Hansen-Schirra, Silvia and König, Esther and Lezius, Wolfgang and Rohrer, Christian and Smith, George and Uszkoreit, Hans},
  journal={{Research on Language and Computation}},
  volume={2},
  number={4},
  pages={597--620},
  year={2004},
  publisher={Springer},
  doi={10.1007/s11168-004-7431-3}
}

@Article{shannon-1948,
  author = 	 {Claude E. Shannon},
  title = 	 {A Mathematical Theory of Communication},
  journal = {{The Bell System Technical Journal}},
  year = 	 1948,
  volume = 	 27,
  number = 3,
  pages = {379--423}
}


@Article{jeffreys46,
  author = 	 {Harold Jeffreys},
  title = 	 {An Invariant Form for the Prior Probability in Estimation Problems},
  journal = 	 {{Proceedings of the Royal Society of London Series A: {{M}}athematical and Physical Sciences}},
  year = 	 1946,
  volume = 	 186,
  pages = {453-461}
}



@incollection{Levy.Jaeger,
  author = {Levy, Roger and Jaeger, T. Florian},
  title = {Speakers optimize information density through syntactic reduction},
  booktitle = {Advances in Neural Information Processing Systems 19: {Proceedings} of the 2006 Conference},
  address = {Cambridge},
  publisher = {The MIT Press},
  year = {2007},
  month = {09},
  pages     = {849--856},
  doi = {10.7551/mitpress/7503.003.0111},
  editor={Schölkopf,Bernhard and  Platt, John and Hofmann, Thomas}
}

@InProceedings{sdewac,
  author={Faaß, Gertrud and Eckart, Kerstin},
  editor={Gurevych, Iryna and Biemann, Chris and Zesch, Torsten},
  title={{SdeWaC}: {A} corpus of parsable sentences from the web},
  booktitle={Language Processing and Knowledge in the Web},
  year="2013",
  publisher="Springer",
  address="Berlin, Heidelberg",
  pages="61--68",
}

@Article{cuskley21,
  author = 	 {Christine Cuskley and Rachael Bailes and Joel Wallenberg},
  title = 	 {Noise resistance in communication: {Q}uantifying uniformity and optimality},
  journal = 	 {Cognition},
  year = 	 2021,
  volume = 	 214,
pages={104754},
doi={10.1016/j.cognition.2021.104754}
}

@Article{frey04,
  author = 	 {Werner Frey},
  title = 	 {A medial position for topics in {G}erman},
  journal = 	 {{Linguistische Berichte}},
  year = 	 2004,
  volume = 	 198,
  pages ={153--190}
}

@Article{speyer13,
  author = 	 {Augustin Speyer},
  title = 	 {{M{ü}ndlichkeitsn{ä}he als Faktor für die Objektstellung im Mittel- und Fr{ü}hneuhochdeutschen}},
  journal = 	 {Beitr{ä}ge zur Geschichte der deutschen Sprache und Literatur},
  year = 	 2013,
  volume = 	 135,
  pages ={1--36},
  annote = 	 {Speyer, A. (2013). M{ü}ndlichkeitsn{ä}he als Faktor für die Objektstellung im Mittel- und Fr{ü}hneuhochdeutschen. Beitr{ä}ge zur Geschichte der deutschen Sprache und Literatur, 135.
}
}

@Article{speyer11,
  author = 	 {Augustin Speyer},
  title = 	 {{Die Freiheit der Mittelfeldabfolge im Deutschen -- ein modernes Ph{ä}nomen}},
  journal = 	 {Beitr{ä}ge zur Geschichte der deutschen Sprache und Literatur},
  year = 	 2011,
  volume = 	 133,
  pages ={14--31},
  annote = 	 {Speyer, A. (2011). Die Freiheit der Mittelfeldabfolge im Deutschen - ein modernes Ph{ä}nomen. Beitr{ä}ge zur Geschichte der deutschen Sprache und Literatur, 133.
}
}

@inproceedings{petrov-et-al06,
author={ Petrov, Slav and  Barrett,Leon and  Thibaux, Romain and  Klein, Dan},
year={2006},
title={Learning accurate, compact, and interpretable tree annotation},
booktitle={{Proceedings of the 21st International Conference on Computational Linguistics and 44th Annual Meeting of the Association for Computational Linguistics}},
pages={433--440}, 
location={Sydney, Australia},
doi={10.3115/1220175.1220230
}
}

@inproceedings{krifka08,
author={Caroline Fery and Manfred Krifka},
year={2008},
title={Information structure: {{N}}otional distinctions, ways of expression},
booktitle={{Unity and diversity of languages}},
pages={123--136},
publisher={Benjamins},
location={Amsterdam, Netherlands}
}

@book{telljohann-et-al17,
title={Stylebook for the {T}{ü}bingen Treebank of Written {G}erman ({T{ü}Ba-D/Z})},
author={Tell\-jo\-hann, Heike and Hinrichs, Erhard W. and K{ü}bler, Sandra and Zinsmeister, Heike and Beck, Kathrin},
year={2017},
publisher={Seminar f{ü}r Sprachwissenschaft, Universit{ä}t T{ü}bingen},
url={https://www.sfs.uni-tuebingen.de/resources/tuebadz-stylebook-1707.pdf}
}

@book{lenerz77,
title={{Zur Abfolge nominaler Satzglieder im Deutschen}},
author={Lenerz, J{ü}rgen},
year={1977},
publisher={Narr},
location={T{ü}bingen}
}

@book{rauth20,
title={{Ditransitive Konstruktionen im Deutschen: {{G}}eschichte und Steuerung der Objektabfolge im Mittelfeld}},
author={Rauth, Philipp},
year={2020},
publisher={Stauffenburg},
location={T{ü}bingen}
}

 @Manual{R,
    title = {R: {{A}} language and environment for statistical computing},
    author = {{R Core Team}},
    organization = {R Foundation for Statistical Computing},
    address = {Vienna, Austria},
    year = {2018},
    url = {https://www.R-project.org/}
  }

 @Manual{R.2023,
    title = {R: {{A}} language and environment for statistical computing},
    author = {{R Core Team}},
    organization = {R Foundation for Statistical Computing},
    address = {Vienna, Austria},
    year = {2023},
    url = {https://www.R-project.org/}
  }
  
  @book{Gries.2021,
title = {Statistics for Linguistics with {R}. {A} Practical Introduction},
author = {Gries, Stefan Th.},
publisher = {De Gruyter Mouton},
address = {Berlin, Boston},
doi = {10.1515/9783110718256},
year = {2021},
}

  
  @book{Winter.2020,
title = {Statistics for linguists: {A}n introduction using {R}},
author = {Winter, Bodo},
address = {New York},
publisher = {Routledge, Taylor \& Francis Group},
year = {2020}
}

@misc{schiller-et-al99,
  author = {Schiller, Anne and Teufel, Simone and Stöckert, Christine and Thielen, Christine},
  title = {{Guidelines f{ü}r das Tagging deutscher Textcorpora mit STTS (Kleines und großes Tagset)}},
  year = {1999},
  url = {http://www.sfs.uni-tuebingen.de/resources/stts-1999.pdf}
}

@inproceedings{ortmann21,
    title = "Automatic Phrase Recognition in Historical {G}erman",
    author = "Ortmann, Katrin",
    booktitle = {{Proceedings of the 17th Conference on Natural Language Processing (KONVENS 2021)}},
    year = "2021",
    address = {D{ü}sseldorf},
    sorttitle={Phrases},
    url = "https://aclanthology.org/2021.konvens-1.11",
    pages = "127--136"
}

@book{Eisenberg.2020,
title = {{Grundriss der deutschen Grammatik}},
author = {Eisenberg, Peter},
address = {Berlin},
publisher = {J. B. Metzler},
year = {2020},
edition = {5., aktualisierte und überarbeitete Auflage}
}

@misc{program,
author = {ProGram2.0},
title = {{Liste der Funktionsgefüge}},
year = 2018,
note={https://program.idf.uni-heidelberg.de/fvg/liste}
}

@article{Hale.2001,
	Author = {Hale, John},
	Journal = {Proceedings of the second meeting of the North American chapter of the Association for Computional Linguistics (NAACL'01)},
	Title = {{A probabilistic Early parser as a psycholinguistic model}},
	pages = {159--166},
	Year = {2001},
doi={10.3115/1073336.1073357}}
	
	@article{Futrell,
AUTHOR = {Futrell, Richard and Gibson, Edward and Levy, Roger},
TITLE = {Lossy-context surprisal: {An} information-theoretic model of memory effects in sentence processing},
JOURNAL = {Cognitive Science},
VOLUME = {44},
YEAR = {2021},
NUMBER = {3},
doi={ 10.1111/cogs.12814},
pages={e12814}
}

@article{Riester.Baumann,
	Author = {Arndt Riester and Stefan Baumann},
	Date-Added = {2021-06-04 10:52:46 +0200},
	Date-Modified = {2021-06-04 10:56:51 +0200},
	Journal = {SinSpeC},
	Title = {The {RefLex} Scheme -- Annotation Guidelines},
	Volume = {14},
	Year = {2017}}
	
	@article{Gundel,
	Author = {Jeanette K. Gundel and Nancy Hedberg and Ron Zacharski},
	Date-Added = {2021-06-04 10:40:00 +0200},
	Date-Modified = {2021-06-04 10:41:14 +0200},
	Journal = {Language},
	Pages = {274-307},
	Title = {Cognitive status and the form of referring expressions in discourse},
	Volume = {69},
	Year = {1993}}
	
	@incollection{Prince,
	Address = {New York},
	Author = {Prince, Ellen F.},
	Booktitle = {Radical Pragmatics},
	Date-Added = {2021-06-04 10:57:54 +0200},
	Date-Modified = {2021-06-04 11:02:15 +0200},
	Editor = {Cole, P.},
	pages = {223--254},
	Publisher = {Academic Press},
	Title = {Toward a taxonomy of given-new information},
	Year = {1981}}
	
	@Book{Woellstein.2010,
   author    = "Wöllstein, Angelika",
   title     = {{Topologisches Satzmodell}},
   publisher = "Winter",
   year      = "2010",
   address   = "Heidelberg"
}  

@Book{Hoberg.1981,
   author    = "Hoberg, Ursula",
   title     = {{Die Wortstellung in der geschriebenen deutschen Gegenwartssprache}},
   publisher = "Hueber",
   year      = "1981",
   address   = "M{ü}nchen"
}  

@incollection{speyer15,
   author    = "Speyer, Augustin",
   title     = {Object order and the thematic hierarchy in {Older} {German}},
   booktitle = {Historical corpora: {Challenges} and perspectives},
   publisher = "Narr",
   year      = "2015",
   editor    = "Gippert, Jost and Gehrke, Ralf",
   pages     = "101-124",
   address   = "T{ü}bingen"
}
 
@incollection{Fery.Krifka.2008,
   author  = "Féry, Caroline and Krifka, Manfred",
   title     = "Information structure. {N}otional distinctions, ways of expression",
   booktitle = "Unity and diversity of languages",
   publisher = "Benjamins",
   year      = "2008",
   editor    = "van Sterkenburg, Piet",
   pages     = "123-136",
   address   = "Amsterdam"
}

	@book{Woellstein.2014,
title = {{Topologisches Satzmodell}},
edition = {2},
author = {Wöllstein, Angelika},
address = {Heidelberg},
publisher = {Winter},
year = {2014}
}

@article{engel2022,
	Author = {Engel, Alexandra and  Grafmiller, Jason and  Rosseel, Laura and  Szmrecsanyi, Benedikt },
	Journal = {Cognitive Linguistics 2022},
	Pages = {727-766},
	Title = {{Assessing the complexity of lectal competence: {{T}}he register-specificity of the dative alternation after give}},
	Volume = {69},
	Year = {2022},
 doi={10.1515/cog-2021-0107}}


@incollection{bresnan07,
title = {{Is syntactic knowledge probabilistic? Experiments
      with the {{English}} dative alternation}},
booktitle = {Roots. {L}inguistics in Search of its Evidential Base},
author = {Bresnan, Joan},
editor = {Featherston, Sam and Sternefeld, Wolfgang},
publisher = {De Gruyter Mouton},
address = {Berlin, New York},
pages = {75--96},
doi = {10.1515/9783110198621.75},
year = {2007}
}

@article{Fenk-Oczlon,
	Author = {Fenk-Oczlon, Gertraud},
	Journal = {{Papiere zur Linguistik}},
	Pages = {23--32},
	Title = {Ist die {SVO}-{W}ortfolge die natürlichste?},
	Volume = {29},
	Year = {1983}}

@article{Levy.2008,
	Author = {Levy, Roger},
	Journal = {Cognition},
	Number = {3},
	Pages = {1126--1177},
	Title = {Expectation-based syntactic comprehension},
	Volume = {106},
	Year = {2008},
doi={10.1016/j.cognition.2007.05.006}}

%%%% 4 - PORTELE

@MISC{Bader::Portele-23-Talk-AMLaP,
  title = {{R}anking animacy and discourse status as determinants of pronoun use},
  year = {2023},
  author = {Bader, Markus and Portele, Yvonne},
  howpublished = {Talk presented at the Conference on Architectures and Mechanisms for Language Processing (AMLaP), Basque Center on Cognition, Brain and Language, San Sebastián},
  specialkey = {Bader::Portele-23-Poster-AMLaP},
  timestamp = {2023.12.02}
}


@Article{Fukumura::van_Gompel-10,
  author    = {Fukumura, Kumiko and van Gompel, Roger P. G.},
  title     = {{C}hoosing anaphoric expressions: {D}o people take into account likelihood of reference?},
  number    = {1},
  pages     = {52--66},
  volume    = {62},
  journal   = {Journal of Memory and Language},
  keywords  = {pronounResolution, anaphoraResolution},
  timestamp = {2016.03.18},
  year      = {2010},
  doi     = {10.1016/j.jml.2009.09.001},
}

@Article{Orita::al-21,
  author  = {Orita, Naho and Vornov, Eliana and Feldman, Naomi H.},
  title   = {{I}nformativity, topicality, and speech cost: {{C}}omparing models of speakers' choices of referring expressions},
  number  = {8},
  pages   = {743--765},
  volume  = {58},
  journal = {Discourse Processes},
  year    = {2021},
  doi     = {10.1080/0163853X.2021.1878449},	 
}

@InProceedings{Tily::Piantadosi-09,
  author    = {Tily, Harry and Piantadosi, Steven},
  booktitle = {{P}roceedings of the workshop on the production of referring expressions: {B}ridging the gap between computational and empirical approaches to reference},
  title     = {{R}efer efficiently: {U}se less informative expressions for more predictable meanings},
  year      = {2009},
}

@Article{Weatherford::Arnold-21,
  author  = {Weatherford, Kathryn C. and Arnold, Jennifer E.},
  title   = {{S}emantic predictability of implicit causality can affect referential form choice},
  doi     = {10.1016/j.cognition.2021.104759},
  pages   = {104759},
  volume  = {214},
  journal = {Cognition},
  year    = {2021},
  doi     = {10.1016/j.cognition.2021.104759},
}

@PhdThesis{Jaeger-06-thesis,
  author = {Jaeger, T. Florian},
  title  = {{R}edundancy and syntactic reduction in spontaneous speech},
  school = {Stanford University},
  address = {Stanford},
  year   = {2006},
}

@InProceedings{Genzel::Charniak-02,
  author    = {Genzel, Dmitriy and Charniak, Eugene},
  booktitle = {{P}roceedings of the 40th annual meeting of the {A}ssociation for {C}omputational {L}inguistics},
  title     = {{E}ntropy rate constancy in text},
  pages     = {199--206},
  year      = {2002},
  doi     = {10.3115/1073083.1073117},
}

@Article{Rubio-Fernandez::al-21,
  author  = {Rubio-Fernández, Paula and Mollica, Francis and Jara-Ettinger, Julian},
  title   = {{S}peakers and listeners exploit word order for communicative efficiency: {A} cross-linguistic investigation.},
  number  = {3},
  pages   = {583},
  volume  = {150},
  journal = {Journal of Experimental Psychology: {{G}}eneral},
  year    = {2021},
  doi     = {10.1037/xge0000963},
}

@InCollection{Ariel-01,
  author    = {Ariel, Mira},
  booktitle = {{T}ext representation: {L}inguistic and psycholinguistic aspects},
  title     = {{A}ccessibility {T}heory: {A}n overview},
  editor    = {Sanders, Ted and Schilperoord, Joost and Spooren, Wilbert},
  publisher = {Benjamins},
  address   = {Amsterdam},
  keywords  = {accessibility, anaphoraResolution},
  timestamp = {2014.06.02},
  year      = {2001},
  doi     = {10.1075/hcp.8.04ari},
}

@Article{Frank::Goodman-12,
  author    = {Frank, Michael C. and Goodman, Noah D.},
  title     = {{P}redicting pragmatic reasoning in language games},
  number    = {6084},
  pages     = {998--998},
  volume    = {336},
  journal   = {Science},
  publisher = {American Association for the Advancement of Science},
  year      = {2012},
  doi     = {10.1126/science.1218633},
}

@Article{Kehler::Rohde-13,
  author    = {Kehler, Andrew and Rohde, Hannah},
  title     = {{A} probabilistic reconciliation of coherence-driven and centering-driven theories of pronoun interpretation},
  doi       = {10.1515/tl-2013-0001},
  number    = {1-2},
  pages     = {1--37},
  volume    = {39},
  journal   = {Theoretical Linguistics},
  keywords  = {pronounResolution, anaphoraResolution},
  timestamp = {2016.03.13},
  year      = {2013},
  doi     = {10.1515/tl-2013-0001},
}

@InCollection{Holler::Suckow-16,
  author    = {Holler, Anke and Suckow, Katja},
  booktitle = {{E}mpirical perspectives on anaphora resolution},
  title     = {{H}ow clausal linking affects noun phrase salience in pronoun resolution},
  doi       = {10.1515/9783110464108-005},
  editor    = {Holler, Anke and Suckow, Katja},
  pages     = {61--85},
  publisher = {de Gruyter},
  address   = {Berlin},
  timestamp = {2016-11-12},
  year      = {2016},
  doi     = {10.1515/9783110464108-005},
}

@Article{MacDonald-13-How-language-production,
  author    = {MacDonald, Maryellen C.},
  title     = {{H}ow language production shapes language form and comprehension},
  doi       = {10.3389/fpsyg.2013.00226},
  volume    = {4:226},
  groups    = {SentenceComprehension},
  journal   = {Frontiers in Psychology},
  keywords  = {production, sentenceComprehension},
  timestamp = {2013.08.23},
  year      = {2013},
  doi     = {10.3389/fpsyg.2013.00226},
}

@InCollection{Levy-13,
  author    = {Levy, Roger},
  booktitle = {{S}entence processing},
  title     = {{M}emory and surprisal in human sentence comprehension},
  editor    = {van Gompel, Roger G.},
  pages     = {78--114},
  publisher = {Psychology Press},
  address   = {New York},
  timestamp = {2017-04-07},
  year      = {2013},
}

@Article{Collins-14,
  author  = {Collins, Michael Xavier},
  title   = {{I}nformation density and dependency length as complementary cognitive models},
  number  = {5},
  pages   = {651--681},
  volume  = {43},
  journal = {Journal of psycholinguistic research},
  year    = {2014},
  doi     = {10.1007/s10936-013-9273-3},
}

@Book{Ariel-90-book,
  author     = {Ariel, Mira},
  title      = {{A}ccessing {N{P}} antecedents},
  publisher  = {Routledge},
  address    = {London},
  endnotekey = {Ariel-90},
  keywords   = {semantics},
  year       = {1990},
}

@InCollection{Bader-20-Objects-in-the,
  author    = {Bader, Markus},
  booktitle = {{R}ethinking verb second},
  title     = {{O}bjects in the {G}erman prefield: {A} view from language production},
  editor    = {Woods, Rebecca and Wolfe, Sam},
  pages     = {15--39},
  publisher = {Oxford University Press},
  address   = {Oxford},
  year      = {2020},
  doi     = {10.1093/oso/9780198844303.003.0002},
}

@Article{Grosz::al-95,
  author     = {Grosz, Barbara J. and Joshi, Aravind K. and Weinstein, Scott},
  title      = {{C}entering: {A} framework for modeling the local coherence of discourse},
  doi        = {10.21236/ada324949},
  pages      = {203-225},
  volume     = {21},
  endnotekey = {Grosz&al-95},
  journal    = {Computational Linguistics},
  keywords   = {parsing},
  year       = {1995},
}

@Article{Bader::Portele-21,
  author    = {Bader, Markus and Portele, Yvonne},
  title     = {{D}iscourse and form constraints on licensing object-first sentences in {G}erman},
  doi       = {10.3390/languages6020082},
  number    = {2},
  pages     = {82},
  volume    = {6},
  journal   = {Languages},
  timestamp = {2021-04-24},
  year      = {2021},
}

@Article{Ferreira-94,
  author     = {Ferreira, Fernanda},
  title      = {Choice of passive voice is affected by verb type and animacy},
  pages      = {715--736},
  volume     = {33},
  endnotekey = {Ferreira-94},
  journal    = {Journal of Memory and Language},
  keywords   = {production, accessibility},
  year       = {1994},
  doi       = {10.1006/jmla.1994.1034},
}

@Article{Garvey::Caramazza-74,
  author     = {Garvey, Catherine and Caramazza, Alfonso},
  title      = {{I}mplicit causality in verbs},
  number     = {3},
  pages      = {459-464},
  volume     = {5},
  endnotekey = {Garvey&Caramazza-75},
  journal    = {Linguistic Inquiry},
  keywords   = {interpretation},
  year       = {1974},
}

@InProceedings{Bader::al-17,
  author    = {Bader, Markus and Ellsiepen, Emilia and Koukoulioti, Vasiliki and Portele, Yvonne},
  booktitle = {{T}wo perspectives on {V}2: {T}he invited talks of the {D}{G}f{S} 2016 workshop ``{V}2 in grammar and processing: {I}ts causes and its consequences''},
  title     = {{F}illing the prefield: {F}indings and challenges},
  editor    = {Freitag, Constantin and Bott, Oliver and Schlotterbeck, Fabian},
  pages     = {27--49},
  publisher = {University of Konstanz},
  address   = {Konstanz},
  owner     = {family},
  timestamp = {2017.02.01},
  year      = {2017},
}

@Article{Arnold::Zerkle-19,
  author  = {Arnold, Jennifer E. and Zerkle, Sandra A.},
  title   = {{W}hy do people produce pronouns? {P}ragmatic selection vs. rational models},
  number  = {9},
  pages   = {1152--1175},
  volume  = {34},
  journal = {Language, Cognition and Neuroscience},
  year    = {2019},
  doi     = {10.1080/23273798.2019.1636103},
}

@Article{Kaiser::Trueswell-08,
  author    = {Kaiser, Elsi and Trueswell, John C.},
  title     = {{I}nterpreting pronouns and demonstratives in {F}innish: {E}vidence for a form-specific approach to reference resolution},
  doi       = {10.1080/01690960701771220},
  number    = {5},
  pages     = {709--748},
  volume    = {23},
  journal   = {Language and Cognitive Processes},
  keywords  = {pronounResolution, anaphoraResolution},
  timestamp = {2014.07.14},
  year      = {2008},
}

@Article{Fenk-Oczlon-89,
  author  = {Fenk-Oczlon, Gertraud},
  title   = {{W}ord frequency and word order in freezes},
  pages   = {517-556},
  volume  = {27},
  journal = {Linguistics},
  year    = {1989},
  doi       = {10.1515/ling.1989.27.3.517},
}

@PhdThesis{Arnold-98-thesis,
  author    = {Arnold, Jennifer E.},
  title     = {{R}eference form and discourse patterns},
  school    = {Stanford University},
  timestamp = {2020-03-23},
  year      = {1998},
}

@Article{Crocker::al-16,
  author  = {Crocker, Matthew W. and Demberg, Vera and Teich, Elke},
  title   = {{I}nformation density and linguistic encoding ({I}{D}ea{L})},
  number  = {1},
  pages   = {77--81},
  volume  = {30},
  journal = {KI -- Künstliche Intelligenz},
  year    = {2016},
  doi     = {10.1007/s13218-015-0391-y},
}

@Book{Hoberg-81-book,
  author     = {Hoberg, Ursula},
  title      = {{D}ie {W}ortstellung in der geschriebenen deutschen {G}egenwartssprache},
  publisher  = {Hueber},
  address    = {München},
  endnotekey = {Hoberg-81},
  keywords   = {syntax},
  year       = {1981},
}

@Article{Bader::Meng-18,
  author     = {Bader, Markus and Meng, Michael},
  title      = {{T}he misinterpretation of noncanonical sentences revisited},
  doi        = {10.1037/xlm0000519},
  number     = {8},
  pages      = {1286--1311},
  volume     = {44},
  journal    = {Journal of Experimental Psychology: {{L}}earning, Memory, and Cognition},
  specialkey = {Bader::Meng-18},
  timestamp  = {2016-11-27},
  year       = {2018},
}

@Article{Levy-08-Expectation-based-syntactic-comprehension,
  author    = {Levy, Roger},
  title     = {{E}xpectation-based syntactic comprehension},
  doi       = {10.1016/j.cognition.2007.05.006},
  number    = {3},
  pages     = {1126--1177},
  volume    = {106},
  groups    = {SentenceComprehension},
  journal   = {Cognition},
  keywords  = {parsing, sentenceComprehension, sentenceParsing},
  timestamp = {2008.03.19},
  year      = {2008},
}

@Article{Arnold::Griffin-07,
  author    = {Arnold, Jennifer E. and Griffin, Zenzi M.},
  title     = {{T}he effect of additional characters on choice of referring expression: {E}veryone counts},
  number    = {4},
  pages     = {521--536},
  volume    = {56},
  journal   = {Journal of Memory and Language},
  timestamp = {2017-12-26},
  year      = {2007},
  doi       = {10.1016/j.jml.2006.09.007},
}

@Article{McDonald::al-93,
  author     = {McDonald, Janet L. and Bock, Kathryn and Kelly, Michael H.},
  title      = {{W}ord and world order: {S}emantic, phonological, and metrical determinants of serial position},
  pages      = {188--230},
  volume     = {25},
  endnotekey = {McDonald&al-93},
  journal    = {Cognitive Psychology},
  keywords   = {production},
  year       = {1993},
  doi       = {10.1006/cogp.1993.1005},
}

@Article{Bock::Warren-85,
  author    = {Bock, J. Kathryn and Warren, Richard K.},
  title     = {{C}onceptual accessability and syntactic structure in sentence formulation},
  doi       = {10.1016/0010-0277(85)90023-X},
  pages     = {47--67},
  volume    = {21},
  journal   = {Cognition},
  timestamp = {2012.10.05},
  year      = {1985},
}

@Article{Prat-Sala::Branigan-00,
  author    = {Prat-Sala, Mercé and Branigan, Holly P.},
  title     = {{D}iscourse constraints on syntactic processing in language production: {A} cross-linguistic study in {E}nglish and {S}panish},
  pages     = {168--182},
  volume    = {42},
  journal   = {Journal of Memory and Language},
  keywords  = {production, accessibility},
  timestamp = {2012.10.30},
  year      = {2000},
  doi       = {10.1006/jmla.1999.2668},
}

@InCollection{Bott::Solstad-14,
  author    = {Bott, Oliver and Solstad, Torgrim},
  booktitle = {{M}eaning and understanding across languages},
  title     = {{F}rom verbs to discourse: {A} novel account of implicit causality},
  doi       = {10.1007/978-3-319-05675-3_9},
  editor    = {Hemforth, Barbara and Mertins, Barbara and Fabricius-Hansen, Cathrine},
  pages     = {213--251},
  publisher = {Springer},
  address   = {Chicago},
  keywords  = {syntax, semantics},
  timestamp = {2018.05.27},
  year      = {2014},
}

@Article{Reinhart-81,
  author     = {Reinhart, Tanya},
  title      = {{P}ragmatics and linguistics: {A}n analysis of sentence topics},
  doi        = {10.21825/philosophica.82606},
  number     = {1},
  pages      = {53--94},
  volume     = {27},
  endnotekey = {Reinhart-81},
  journal    = {Philosphica},
  keywords   = {syntax semantics pragmatik},
  year       = {1981},
}

@Article{Bader::Portele-19-The-interpretation-of,
  author    = {Bader, Markus and Portele, Yvonne},
  title     = {{T}he interpretation of {G}erman personal and d-pronouns},
  doi       = {10.1515/zfs-2019-2002},
  number    = {2},
  pages     = {155--190},
  volume    = {38},
  journal   = {Zeitschrift für Sprachwissenschaft},
  timestamp = {2016-11-27},
  year      = {2019},
}

@Article{Stevenson::al-94,
  author    = {Stevenson, Rosemary J. and Crawley, Rosalind A. and Kleinman, David},
  title     = {{T}hematic roles, focus and the representation of events},
  doi       = {10.1080/01690969408402130},
  number    = {4},
  pages     = {519--548},
  volume    = {9},
  journal   = {Language and Cognitive Processes},
  keywords  = {pronounResolution, anaphoraResolution},
  timestamp = {2015.12.19},
  year      = {1994},
}

@InCollection{Portele::Bader-20,
  author    = {Portele, Yvonne and Bader, Markus},
  booktitle = {{I}nformation structuring in discourse},
  title     = {{C}oherence and the interpretation of personal and demonstrative pronouns in {G}erman},
  doi       = {10.1163/9789004436725\_003},
  editor    = {Holler, Anke and Suckow, Katja and de la Fuente, Israel},
  pages     = {24--55},
  publisher = {Brill},
  address   = {Leiden},
  timestamp = {2017-09-05},
  year      = {2020},
}

@InCollection{Kaiser::Fedele-19,
  author    = {Kaiser, Elsi and Fedele, Emily},
  booktitle = {{T}he {O}xford handbook of reference},
  title     = {{R}eference resolution: {A} psycholinguistic perspective},
  doi       = {10.1093/oxfordhb/9780199687305.013.15},
  editor    = {Gundel, Jeanette and Abbott, Barbara},
  pages     = {309--336},
  publisher = {Oxford University Press},
  address   = {Oxford},
  year      = {2019},
}

@article{jaeger2010redundancy,
  author    = {Jaeger, T. Florian},
  title     = {Redundancy and reduction: {S}peakers manage syntactic information density},
  number    = {1},
  pages     = {23--62},
  volume    = {61},
  journal   = {Cognitive Psychology},
  year      = {2010},
  doi       = {10.1016/j.cogpsych.2010.02.002},
  ids = {Jaeger-10,jaeger_2010,Jaeger2010}
}

@Article{Rosa::Arnold-17,
  author    = {Rosa, Elise C. and Arnold, Jennifer E.},
  title     = {{P}redictability affects production: {T}hematic roles can affect reference form selection},
  doi       = {10.1016/j.jml.2016.07.007},
  pages     = {43--60},
  volume    = {94},
  journal   = {Journal of Memory and Language},
  timestamp = {2017.12.23},
  year      = {2017},
}

@Article{Kehler::al-08,
  author    = {Kehler, Andrew and Kertz, Laura and Rohde, Hannah and Elman, Jeffrey L.},
  title     = {{C}oherence and coreference revisited},
  doi       = {10.1093/jos/ffm018},
  number    = {1},
  pages     = {1--44},
  volume    = {25},
  journal   = {Journal of Semantics},
  keywords  = {pronounResolution, anaphoraResolution},
  timestamp = {2016.08.13},
  year      = {2008},
}

@Book{Givon-84-book,
  author    = {Givón, Talmy},
  title     = {{S}yntax. {A} functional--typological introduction. ({V}olume {I})},
  address    = {Amstersam},
  publisher = {John Benjamins},
  year      = {1984},
  doi       = {10.1075/z.syn1},
}

@Article{Bittner-19,
  author    = {Bittner, Dagmar},
  title     = {{I}mplicit {C}ausality in younger and older adults},
  doi       = {10.1515/lingvan-2018-0023},
  number    = {s2},
  volume    = {5},
  journal   = {Linguistics Vanguard},
  publisher = {De Gruyter},
  year      = {2019},
}

@Article{Gundel::al-93,
  author     = {Gundel, Jeanette K. and Hedberg, Nancy and Zacharski, Ron},
  title      = {{C}ognitive status and the form of referring expressions in discourse},
  pages      = {274-307},
  volume     = {69},
  endnotekey = {Gundel&al-93},
  journal    = {Language},
  keywords   = {pragmatics},
  year       = {1993},
  doi       = {10.2307/416535},
}

@Article{Asher-04,
  author   = {Asher, Nicholas},
  title    = {{D}iscourse topic},
  pages    = {163-201},
  volume   = {30},
  journal  = {Theoretical Linguistics},
  year     = {2004},
  doi       = {10.1515/thli.2004.30.2-3.163},
}

@InProceedings{Levy::Jaeger-06,
  author    = {Levy, Roger and Jaeger, T. Florian},
  booktitle = {{P}roceedings of the 19th {I}nternational {C}onference on {N}eural {I}nformation {P}rocessing {S}ystems},
  title     = {{S}peakers optimize information density through syntactic reduction},
  pages     = {849--856},
  year      = {2006},
}

@Book{Lambrecht-96-book,
  author    = {Lambrecht, Knud},
  title     = {{I}nformation structure and sentence form: {T}opic, focus, and the mental representations of discourse referents},
  doi       = {10.1017/CBO9780511620607},
  publisher = {Cambridge University Press},
  address   = {Cambridge},
  timestamp = {2016-11-27},
  year      = {1996},
}

@Article{Au-86,
  author    = {Au, Terry Kit-fong},
  title     = {{A} verb is worth a thousand words: {T}he causes and consequences of interpersonal events implicit in language},
  doi       = {10.1016/0749-596x(86)90024-0},
  number    = {1},
  pages     = {104--122},
  volume    = {25},
  journal   = {Journal of Memory and Language},
  timestamp = {2017.12.27},
  year      = {1986},
}

@InProceedings{Jain::al-18,
  author    = {Jain, Ayush and Singh, Vishal and Ranjan, Sidharth and Rajkumar, Rajakrishnan and Agarwal, Sumeet},
  booktitle = {{P}roceedings of the {W}orkshop on {L}inguistic {C}omplexity and {N}atural {L}anguage {P}rocessing},
  title     = {{U}niform information density effects on syntactic choice in {H}indi},
  pages     = {38--48},
  publisher = {Association for Computational Linguistics},
  url       = {https://aclanthology.org/W18-4605},
  address   = {Santa Fe, New-Mexiko},
  year      = {2018},
}

@Article{Ferreira::Dell-00,
  author    = {Ferreira, V. S. and Dell, Gary S.},
  title     = {{E}ffect of ambiguity and lexical availability on syntactic and lexical production},
  pages     = {296--340},
  volume    = {40},
  journal   = {Cognitive Psychology},
  keywords  = {production, accessibility},
  timestamp = {2012.10.26},
  year      = {2000},
  doi       = {10.1006/cogp.1999.0730},
}

@Article{Rohde::Kehler-14,
  author    = {Rohde, Hannah and Kehler, Andrew},
  title     = {{G}rammatical and information-structural influences on pronoun production},
  doi       = {10.1080/01690965.2013.854918},
  number    = {8},
  pages     = {912--927},
  volume    = {29},
  journal   = {Language, Cognition and Neuroscience},
  timestamp = {2017.05.21},
  year      = {2014},
}

@InCollection{Givon-83,
  author    = {Givón, Talmy},
  booktitle = {{T}opic continuity in discourse: {A} quantitative cross-language study},
  title     = {{T}opic continuity in discourse: {A}n introduction},
  editor    = {Givón, Talmy},
  pages     = {1--42},
  publisher = {John Benjamins},
  address   = {Amsterdam},
  year      = {1983},
}

@Article{Arnold-01,
  author    = {Arnold, Jennifer E.},
  title     = {{T}he effect of thematic roles on pronoun use and frequency of reference continuation},
  doi       = {10.1207/S15326950DP3102_02},
  number    = {2},
  pages     = {137--162},
  volume    = {31},
  journal   = {Discourse Processes},
  timestamp = {2017-12-26},
  year      = {2001},
}

@InProceedings{Maurits::al-10,
  author    = {Maurits, Luke and Navarro, Dan and Perfors, Amy},
  booktitle = {{A}dvances in {N}eural {I}nformation {P}rocessing {S}ystems},
  title     = {{W}hy are some word orders more common than others? {A} uniform information density account},
  editor    = {Lafferty, J. and Williams, C. and Shawe-Taylor, J. and Zemel, R. and Culotta, A.},
  publisher = {Curran Associates, Inc.},
  url       = {https://proceedings.neurips.cc/paper/2010/file/0c74b7f78409a4022a2c4c5a5ca3ee19-Paper.pdf},
  volume    = {23},
  year      = {2010},
}

%%% 5 - Philipp

@inproceedings{webanno,
    title = "A Web-based Tool for the Integrated Annotation of Semantic and Syntactic Structures",
    author = "Eckart de Castilho, Richard  and
      Mújdricza-Maydt, Éva  and
      Yimam, Seid Muhie  and
      Hartmann, Silvana  and
      Gurevych, Iryna  and
      Frank, Anette  and
      Biemann, Chris",
    booktitle = "Proceedings of the Workshop on Language Technology Resources and Tools for Digital Humanities ({LT}4{DH})",
    month = dec,
    year = "2016",
    address = "Osaka",
    publisher = "The COLING 2016 Organizing Committee",
    url = "https://www.aclweb.org/anthology/W16-4011",
    pages = "76--84",
    abstract = "We introduce the third major release of WebAnno, a generic web-based annotation tool for distributed teams. New features in this release focus on semantic annotation tasks (e.g. semantic role labelling or event annotation) and allow the tight integration of semantic annotations with syntactic annotations. In particular, we introduce the concept of slot features, a novel constraint mechanism that allows modelling the interaction between semantic and syntactic annotations, as well as a new annotation user interface. The new features were developed and used in an annotation project for semantic roles on German texts. The paper briefly introduces this project and reports on experiences performing annotations with the new tool. On a comparative evaluation, our tool reaches significant speedups over WebAnno 2 for a semantic annotation task.",
}

@misc{politt2023talk,
    author = {Alexander Willich and Katja Politt},
    title={``{D}u hast eh voll den guten {M}usikgeschmack!'' --
{U}nderdetermination and grammaticalization of
{NP}-external intensifying constructions in {G}erman},
    year=2023,
    note={Talk presented at {ICCG12}},
    url={http://tiny.cc/18v7vz},
urldate={2023-11-30}
    }

@phdthesis{fortin2011,
    author={Fortin, Antonio},
    year=2011,
    title={The morphology and semantics of expressive affixes},
    school={Oxford University}
}

@incollection{Fortin2022Jul,
	author = {Fortin, Antonio and Rainer, Franz},
	title = {Evaluative suffixes},
editor={Adam Ledgeway and Martin Maiden},
	booktitle = {The {C}ambridge Handbook of {R}omance Linguistics},
	journal = {Cambridge Core},
	pages = {434--458},
	year = {2022},
	month = jul,
	publisher = {Cambridge University Press},
	address = {Cambridge},
	doi = {10.1017/9781108580410.017}
}



@article{Gutzmann2014Oct,
	author = {Gutzmann, Daniel and Turgay, Katharina},
	title = {Expressive intensifiers and external degree modification},
	journal = {Journal of Comparative Germanic Linguistics},
	volume = {17},
	number = {3},
	pages = {185--228},
	year = {2014},
	month = oct,
	publisher = {Springer Netherlands},
	doi = {10.1007/s10828-014-9069-3}
}

@incollection{schmidt2022,
    author = {Jessica Schmidt},
    year = 2022,
    title = {Do intensifiers lose their expressive force over time?},
    booktitle = {Particles in {G}erman, {E}nglish, and Beyond},
    editor = {Remus Gergel and Ingo Reich and Augustin Speyer},
    publisher = {John Benjamins},
doi={10.1075/slcs.224.03sch},
    address = {Amsterdam}
}


@article{tagliamonte_so_2008,
	title = {So different and pretty cool! {Recycling} intensifiers in {Toronto}, {Canada}},
	volume = {12},
	doi = {10.1017/S1360674308002669},
	number = {2},
	journal = {English Language and Linguistics},
	author = {Tagliamonte, Sali A.},
	month = jul,
	year = {2008},
	pages = {361--394}
}

@incollection{kennedy_adjectives_2013,
	title = {Adjectives},
	url = {https://www.taylorfrancis.com/books/9780203206966},
	urldate = {2021-04-01},
	booktitle = {Routledge {Companion} to {Philosophy} of {Language}},
	publisher = {Routledge},
	author = {Kennedy, Chris},
	month = jun,
	year = {2013},
	doi = {10.4324/9780203206966.ch3_3},
}

@book{bolinger_degree_1972,
	title = {Degree Words},
	publisher = {De Gruyter Mouton},
place={Berlin, Boston},
	author = {Bolinger, Dwight},
doi={10.1515/9783110877786},
	year = {1972},
}

@article{kallulli_syntax_2008,
	title = {The syntax and semantics of indefinite determiner doubling constructions in varieties of {German}},
	volume = {11},
	url = {http://link.springer.com/10.1007/s10828-008-9019-z},
	doi = {10.1007/s10828-008-9019-z},
	language = {en},
	number = {2},
	urldate = {2021-04-01},
	journal = {The Journal of Comparative Germanic Linguistics},
	author = {Kallulli, Dalina and Rothmayr, Antonia},
	month = jul,
	year = {2008},
	pages = {95--136},
}

@article{lenerz_nur_nodate,
	title = {‚{Nur} so‘ – {Strukturaspekte} der {Vergleichskonstruktion}},
	language = {de},
	author = {Lenerz, Jürgen and Lohnstein, Horst},
	pages = {23},
}

@article{morzycki_evaluative_nodate,
	title = {Evaluative {Adverbial} {Modiﬁcation} in the {Adjectival} {Projection}},
	language = {en},
	author = {Morzycki, Marcin},
	pages = {37},
}

@article{van_der_wouden_most_2017,
	title = {A most serious and extraordinary problem. {Intensification} of adjectives in {Dutch}, {German}, and {English}},
	author = {van der Wouden, Ton and Foolen, Ad},
	year = {2017},
}

@phdthesis{kirschbaum_schrecklich_2002,
	title = {Schrecklich nett und voll verrückt: {Muster} der {Adjektiv}-{Intensivierung} im {Deutschen}},
	language = {de},
	school = {Heinrich-Heine-Universität Düsseldorf},
	author = {Kirschbaum, Ilja},
	year = {2002},
}

@article{stratton_adjective_2020,
	title = {Adjective Intensifiers in {German}},
	volume = {32},
	doi = {10.1017/S1470542719000163},
	number = {2},
	journal = {Journal of Germanic Linguistics},
	author = {Stratton, James M.},
	month = jun,
	year = {2020},
	pages = {183--215}
}

@book{morzycki_modification_2016,
	address = {Cambridge},
	title = {Modification},
	url = {http://ebooks.cambridge.org/ref/id/CBO9780511842184},
	language = {en},
	urldate = {2021-01-21},
	publisher = {Cambridge University Press},
	author = {Morzycki, Marcin},
	year = {2016},
	doi = {10.1017/CBO9780511842184},
}

@article{meier_meaning_nodate,
	title = {{THE} {MEANING} {OF} {TOO}, {ENOUGH}, {AND} {SO} . . . {THAT}},
	language = {en},
	author = {Meier, Cécile},
	pages = {39},
}

@article{aurnhammer_evaluating_2019,
	title = {Evaluating information-theoretic measures of word prediction in naturalistic sentence reading},
	language = {en},
	author = {Aurnhammer, Christoph},
	year = {2019},
	pages = {10},
}



@article{beltrama2022,
    author={Beltrama, Andrea},
    title={Just perfect, simply the best: {A}n analysis of emphatic exclusion},
    journal={Linguistics and Philosophy},
    volume=45, 
    pages={321--364},
    year=2022,
    doi={10.1007/s10988-021-09326-x}
}

@incollection{lappin_adjectival_2015,
	address = {Chichester},
	title = {Adjectival {Modification} and {Gradation}},
	language = {en},
	urldate = {2021-01-21},
	booktitle = {The Handbook of Contemporary Semantic Theory},
	publisher = {John Wiley \& Sons, Ltd},
	author = {Lassiter, Daniel},
	editor = {Lappin, Shalom and Fox, Chris},
	month = aug,
	year = {2015},
	doi = {10.1002/9781118882139.ch5},
	pages = {141--167},
}


@article{tribus1961information,
  title={Information theory as the basis for thermostatics and thermodynamics},
  journal = {Journal of Applied Mechanics},
  doi = {10.1115/1.3640461},
  volume = 28,
  number = 1,
  pages = {1--8},
  author={Tribus, Myron},
  year={1961}
}

@article{kennedy_syntax_nodate,
	title = {The {Syntax} and {Semantics} of {Multiple} {Degree} {Modiﬁcation} in {English}},
	language = {en},
	author = {Kennedy, Christopher and McNally, Louise},
	pages = {14},
}

@article{de_vries_evaluative_nodate,
	title = {Evaluative {Degree} {Modification} of {Adjectives} and {Nouns}},
	language = {en},
	author = {de Vries, Hanna},
	pages = {82},
}

@inproceedings{boleda_acquisition_2004,
	address = {Geneva},
	title = {Acquisition of semantic classes for adjectives from distributional evidence},
	doi = {10.3115/1220355.1220516},
	abstract = {In this paper, we present a clustering experiment directed at the acquisition of semantic classes for adjectives in Catalan, using only shallow distributional features.},
	language = {en},
	urldate = {2021-01-21},
	booktitle = {Proceedings of the 20th international conference on {Computational} {Linguistics}  - {COLING} '04},
	publisher = {Association for Computational Linguistics},
	author = {Boleda, Gemma and Badia, Toni and Batlle, Eloi},
	year = {2004},
	pages = {1119--es},
}

@article{venhuizen_semantic_2019,
	title = {Semantic {Entropy} in {Language} {Comprehension}},
	volume = {21},
	url = {https://www.mdpi.com/1099-4300/21/12/1159},
	doi = {10.3390/e21121159},
	language = {en},
	number = {12},
	urldate = {2021-01-21},
	journal = {Entropy},
	author = {Venhuizen, Noortje J. and Crocker, Matthew W. and Brouwer, Harm},
	month = nov,
	year = {2019},
	pages = {1159},
}

@article{richter_ranking_2020,
	title = {Ranking {Dutch} intensifiers: {{A}} usage-based approach},
	volume = {12},
	shorttitle = {Ranking {Dutch} intensifiers},
	url = {https://www.cambridge.org/core/product/identifier/S1866980819000504/type/journal_article},
	doi = {10.1017/langcog.2019.50},
	language = {en},
	number = {2},
	urldate = {2021-01-21},
	journal = {Language and Cognition},
	author = {Richter, Michael and Van Hout, Roeland},
	month = jun,
	year = {2020},
	pages = {343--359},
}

@article{taylor_cloze_1953,
	title = {“{Cloze} {Procedure}”: {A} {New} {Tool} for {Measuring} {Readability}},
	volume = {30},
	shorttitle = {“{Cloze} {Procedure}”},
	url = {http://journals.sagepub.com/doi/10.1177/107769905303000401},
	doi = {10.1177/107769905303000401},
	abstract = {Here is the first comprehensive statement of a research method and its theory which were introduced briefly during a workshop at the 1953 AEJ convention. Included are findings from three pilot studies and two experiments in which “cloze procedure” results are compared with those of two readability formulas.},
	language = {en},
	number = {4},
	urldate = {2021-01-21},
	journal = {Journalism Quarterly},
	author = {Taylor, Wilson L.},
	month = sep,
	year = {1953},
	pages = {415--433},
}

@article{reich_saulecker_nodate,
	title = {Saulecker und supergemütlich!},
	language = {de},
	author = {Reich, Ingo},
	pages = {12},
}

@article{aurnhammer_evaluating_2019-1,
	title = {Evaluating information-theoretic measures of word prediction in naturalistic sentence reading},
	volume = {134},
	url = {https://linkinghub.elsevier.com/retrieve/pii/S0028393219302404},
	doi = {10.1016/j.neuropsychologia.2019.107198},
	abstract = {We review information-theoretic measures of cognitive load during sentence processing that have been used to quantify word prediction effort. Two such measures, surprisal and next-word entropy, suffer from shortcomings when employed for a predictive processing view. We propose a novel metric, lookahead information gain, that can overcome these short-comings. We estimate the different measures using probabilistic language models. Sub­ sequently, we put them to the test by analysing how well the estimated measures predict human processing effort in three data sets of naturalistic sentence reading. Our results replicate the well known effect of surprisal on word reading effort, but do not indicate a role of next-word entropy or lookahead information gain. Our computational results suggest that, in a predictive processing system, the costs of predicting may outweigh the gains. This idea poses a potential limit to the value of a predictive mechanism for the processing of language. The result illustrates the unresolved problem of finding estimations of word-by-word prediction that, first, are truly independent of perceptual processing of the to-be-predicted words, second, are statistically reliable predictors of experimental data, and third, can be derived from more general assumptions about the cognitive processes involved.},
	language = {en},
	urldate = {2021-01-21},
	journal = {Neuropsychologia},
	author = {Aurnhammer, Christoph and Frank, Stefan L.},
	month = nov,
	year = {2019},
	pages = {107198},
}

@article{wolf_schrecklich_nodate,
	title = {Schrecklich nett und voll verrückt},
	language = {de},
	author = {Wolf, Eleonore},
	pages = {212},
}

@article{hale_uncertainty_2006,
	title = {Uncertainty {About} the {Rest} of the {Sentence}},
	volume = {30},
	url = {http://doi.wiley.com/10.1207/s15516709cog0000_64},
	doi = {10.1207/s15516709cog0000_64},
	abstract = {A word-by-word human sentence processing complexity metric is presented. This metric formalizes the intuition that comprehenders have more trouble on words contributing larger amounts of information about the syntactic structure of the sentence as a whole. The formalization is in terms of the conditional entropy of grammatical continuations, given the words that have been heard so far.},
	language = {en},
	number = {4},
	urldate = {2021-01-21},
	journal = {Cognitive Science},
	author = {Hale, John},
	month = jul,
	year = {2006},
	pages = {643--672},
}



@article{claudi_intensifiers_2006,
	title = {Intensifiers of adjectives in {German}},
	volume = {59},
	doi = {10.1524/stuf.2006.59.4.350},
	number = {4},
	journal = {Language Typology and Universals},
	author = {Claudi, Ulrike},
	month = dec,
	year = {2006},
	pages = {350--369},
}

@article{richter_how_nodate,
	title = {How {WIE} ’how’ as {Intensiﬁer} {Co}-occurs with other {Intensiﬁers} in {German} {Sentence}},
	language = {en},
	author = {Richter, Michael and van Hout, Roeland},
	pages = {4}
}

@InProceedings{philipp2022keyword,
    author={Philipp, J. Nathanael and Kölbl, Max and Kyogoku, Yuki and Yousef, Tariq and Richter, Michael},
    editor="Arai, Kohei",
    title="One Step Beyond: {K}eyword Extraction in {G}erman Utilising Surprisal from Topic Contexts",
    booktitle="Intelligent Computing",
    year="2022",
    publisher="Springer International Publishing",
    address="Cham",
    pages="774--786",
    isbn="978-3-031-10464-0",
    doi="10.1007/978-3-031-10464-0_53"
}

@article{philipp2023idioms,
  title={Are idioms surprising?},
  author={Philipp, J. Nathanael and Richter, Michael and Daas, Erik and Kölbl, Max},
  journal={Proceedings of the 19th Conference on Natural Language Processing (KONVENS 2023)},
  year={2023}
}

@article{potts2007expressive,
  title={The expressive dimension},
  author={Potts, Christopher},
  year={2007},
  journal = {Theoretical Linguistics},
doi={10.1515/TL.2007.011},
volume=33,
number=2,
pages={165--198}
}

@article{zadeh1972fuzzy,
  title={A fuzzy-set-theoretic interpretation of linguistic hedges},
  author={Zadeh, Lotfi A},
  year={1972},
  journal = {Journal of Cybernetics},
  volume = 2,
  number = 3,
  pages = {4--34},
  doi = {10.1080/01969727208542910},
  publisher={Taylor \& Francis}
}

@article{scherihou2022,
author = {Scheffler, Tatjana and Richter, Michael and Van Hout, Roeland},
title = {Tracing and classifying {G}erman intensifiers via information theory
}, 
journal = {Language Sciences},
volume = 96,
doi = {10.1016/j.langsci.2022.101535},
year = {2023}
}



@article{schefflerEtal2022register,
   author = "Scheffler, Tatjana and Kern, Lesley-Ann and Seemann, Hannah",
   title = "The medium is not the message: {I}ndividual level register variation in blogs vs. tweets", 
   journal= "Register Studies",
   year = "2022",
   volume = "4",
   number = "2",
   pages = "171--201",
   doi = "10.1075/rs.22009.sch",
   publisher = "John Benjamins"
   }

@inbook{schefflerEtal2023corpus,
    author = {Tatjana Scheffler and Lesley-Ann Kern and Hannah Seemann},
    title = {Individuelle linguistische {V}ariabilität in sozialen {M}edien},
    editor = {M. Kupietz and T. Schmidt}, 
    booktitle= {Neue {E}ntwicklungen in der {K}orpuslandschaft der {G}ermanistik: {B}eiträge zur {IDS}-{M}ethodenmesse 2022},
    series = {Korpuslinguistik und interdisziplinäre {P}erspektiven auf {S}prache ({CLIP}) 11},
    address = {Tübingen},
    publisher = {Narr},
    year = {2023}
}


@article{chekhov2022,
author = {Irmer, Matthias and Lisjak, Amanda and Mueller-Reichau, Olav and Philipp, J. Nathanael and Richter, Michael and Yousrf, Tariq},
title = {Information theory unravels the subtext in Chekhov}, 
journal = {Natural Language Processing Journal},
year = {(in press)}
}



@inproceedings{richter2020proceedings,
  title={Information from topic contexts: {{T}}he prediction of aspectual coding of verbs in Russian},
  author={Richter, Michel and Yousef, Tariq},
  booktitle={Proceedings of the Second Workshop on Computational Research in Linguistic Typology},
  year={2020}
}

@misc{grootendorst2020keybert,
  author       = {Maarten Grootendorst},
  title        = {{{KeyBERT}}: {{Minimal}} keyword extraction with BERT.},
  year         = 2020,
  publisher    = {Zenodo},
  version      = {v0.3.0},
  doi          = {10.5281/zenodo.4461265},
  url          = {10.5281/zenodo.4461265}
}

@misc{Hong2018LDA,
  title = {{LDA} and Topic Modeling},
  author = {Soojung Hong},
  year = {2018},
  url = {https://github.com/SoojungHong/TextMining/wiki/LDA-and-Topic-Modeling},
  note = {Accessed: 2022-10-01}
}

@article{frank2015erp,
  title={The ERP response to the amount of information conveyed by words in sentences},
  author={Frank, Stefan L and Otten, Leun J and Galli, Giulia and Vigliocco, Gabriella},
  journal={Brain and language},
  volume={140},
  pages={1--11},
  year={2015},
  publisher={Elsevier}
}
@phdthesis{heilbron2022getting,
  title={Getting ahead: {{P}}rediction as a window into language, and language as a window into the predictive brain},
  author={Heilbron, Micha},
  year={2022},
  school={[Sl]:[Sn]}
}
@inproceedings{bizzoni-lapshinova-koltunski-2021-measuring,
    title = "Measuring Translationese across Levels of Expertise: {{A}}re Professionals more Surprising than Students?",
    author = "Bizzoni, Yuri  and
      Lapshinova-Koltunski, Ekaterina",
    booktitle = "Proceedings of the 23rd Nordic Conference on Computational Linguistics (NoDaLiDa)",
    month = may # " 31--2 " # jun,
    year = "2021",
    address = "Reykjavik (Online)",
    publisher = {Linköping University Electronic Press},
    url = "https://aclanthology.org/2021.nodalida-main.6",
    pages = "53--63",
}

@inproceedings{rubino-etal-2016-information,
    title = "Information Density and Quality Estimation Features as Translationese Indicators for Human Translation Classification",
    author = "Rubino, Raphael  and
      Lapshinova-Koltunski, Ekaterina  and
      van Genabith, Josef",
    booktitle = "Proceedings of the 2016 Conference of the North {A}merican Chapter of the Association for Computational Linguistics: {{H}}uman Language Technologies",
    month = jun,
    year = "2016",
    address = "San Diego, California",
    publisher = "Association for Computational Linguistics",
    url = "https://aclanthology.org/N16-1110",
    doi = "10.18653/v1/N16-1110",
    pages = "960--970",
}

@article{carnap1952outline,
  title={An outline of a theory of semantic information},
  author={Carnap, Rudolf and Bar-Hillel, Yehoshua and others},
  year={1952},
  publisher={Research Laboratory of Electronics, Massachusetts Institute of Technology}
}
@article{bar1953semantic,
  title={Semantic information},
  author={Bar-Hillel, Yehoshua and Carnap, Rudolf},
  journal={The British Journal for the Philosophy of Science},
  volume={4},
  number={14},
  pages={147--157},
  year={1953},
  publisher={Oxford Academic}
}
@article{brennan2016abstract,
  title={Abstract linguistic structure correlates with temporal activity during naturalistic comprehension},
  author={Brennan, Jonathan R and Stabler, Edward P and Van Wagenen, Sarah E and Luh, Wen-Ming and Hale, John T},
  journal={Brain and language},
  volume={157},
  pages={81--94},
  year={2016},
  publisher={Elsevier}
}
@article{rabovsky2018modelling,
  title={Modelling the N400 brain potential as change in a probabilistic representation of meaning},
  author={Rabovsky, Milena and Hansen, Steven S and McClelland, James L},
  journal={Nature Human Behaviour},
  volume={2},
  number={9},
  pages={693--705},
  year={2018},
  publisher={Nature Publishing Group}
}
@inproceedings{hale2015modeling,
    title = "Modeling f{MRI} time courses with linguistic structure at various grain sizes",
    author = "Hale, John  and
      Lutz, David  and
      Luh, Wen-Ming  and
      Brennan, Jonathan",
    editor = "O{'}Donnell, Tim  and
      van Schijndel, Marten",
    booktitle = "Proceedings of the 6th Workshop on Cognitive Modeling and Computational Linguistics",
    month = jun,
    year = "2015",
    address = "Denver",
    publisher = "Association for Computational Linguistics",
    doi = "10.3115/v1/W15-1110",
    pages = "89--97",
}

@article{hagoort1993syntactic,
  title={The syntactic positive shift (SPS) as an ERP measure of syntactic processing},
  author={Hagoort, Peter and Brown, Colin and Groothusen, Jolanda},
  journal={Language and Cognitive Processes},
  volume={8},
  number={4},
  pages={439--483},
  year={1993},
  publisher={Taylor \& Francis}
}
@article{henderson2016language,
  title={Language structure in the brain: {{A}} fixation-related fMRI study of syntactic surprisal in reading},
  author={Henderson, John M and Choi, Wonil and Lowder, Matthew W and Ferreira, Fernanda},
  journal={Neuroimage},
  volume={132},
  pages={293--300},
  year={2016},
  publisher={Elsevier}
}

@inproceedings{goodkind2018predictive,
  title={Predictive power of word surprisal for reading times is a linear function of language model quality},
  author={Goodkind, Adam and Bicknell, Klinton},
  booktitle={Proceedings of the 8th workshop on cognitive modeling and computational linguistics (CMCL 2018)},
  pages={10--18},
  year={2018}
}
@article{szewczyk2018n400,
  title={The N400 as an index of lexical preactivation and its implications for prediction in language comprehension},
  author={Szewczyk, Jakub M and Schriefers, Herbert},
  journal={Language, Cognition and Neuroscience},
  volume={33},
  number={6},
  pages={665--686},
  year={2018},
  publisher={Taylor \& Francis}
}
@inproceedings{smith2008optimal,
  title={Optimal processing times in reading: {{A}} formal model and empirical investigation},
  author={Smith, Nathaniel J and Levy, Roger},
  booktitle={Proceedings of the Annual Meeting of the Cognitive Science Society},
  volume={30},
  number={30},
  year={2008}
}
@article{delong2005probabilistic,
  title={Probabilistic word pre-activation during language comprehension inferred from electrical brain activity},
  author={DeLong, Katherine A and Urbach, Thomas P and Kutas, Marta},
  journal={Nature neuroscience},
  volume={8},
  number={8},
  pages={1117--1121},
  year={2005},
  publisher={Nature Publishing Group}
}
@article{mohammed2020lsa,
  title={{LSA} \& {LDA} topic modeling classification: {{C}}omparison study on e-books},
  author={Mohammed, Shaymaa H and Al-augby, Salam},
  journal={Indonesian Journal of Electrical Engineering and Computer Science},
  volume={19},
  number={1},
  pages={353--362},
  year={2020},
  publisher={Institute of Advanced Engineering and Science}
}

@article{venhuizen2019semantic,
  title={Semantic entropy in language comprehension},
  author={Venhuizen, Noortje J. and Crocker, Matthew W. and Brouwer, Harm},
  journal={Entropy},
  volume={21},
  number={12},
  pages={1159},
  year={2019},
  publisher={Multidisciplinary Digital Publishing Institute}
}

@book{zipf1949human,
  title={Human behavior and the principle of least effort: {{A}}n introduction to human ecology},
  author={Zipf, George Kingsley},
  year={1949},
  publisher={Addison-Wesley Press}
}

@inproceedings{levy:2018cogsci,
  year = {2018},
  title = {Communicative Efficiency, Uniform Information Density, and the Rational Speech Act Theory},
  pages = {684–689},
  booktitle = {{Proceedings of the 40th Annual Meeting of the Cognitive Science Society}},
  author = {Levy, Roger P.}
}
@article{fenk1980konstanz,
  title={Konstanz im {K}urzzeitged{ä}chtnis -- {K}onstanz im sprachlichen {I}nformationsfluß},
  author={Fenk, August and Fenk, Gertraud},
  journal={Zeitschrift f{ü}r experimentelle und angewandte Psychologie},
  volume={27},
  number={3},
  pages={400--414},
  year={1980}
}
 @incollection{breindl2007intensitatspartikeln,
  title={Intensit{ä}tspartikeln},
  author={Breindl, Eva},
editor={Hoffmann, Ludger},
place={Berlin, New York},
  booktitle={Handbuch der deutschen {W}ortarten},
  pages={397--422},
doi={10.1515/9783110217087.397},
  year={2007},
  publisher={De Gruyter}
}

@inproceedings{richter2019predict,
  year = {2019},
  title = {Predicting default and non-default aspectual coding: {{I}}mpact and density of information feature},
    booktitle = {Proceedings of the {3rd Workshop on Natural Language for Artificial Intelligence co-located with the 18th International Conference of the Italian Association for Artificial Intelligence}},
  author = {Richter, Michael and Yousef, Tariq}
}

@inproceedings{levy2007speakers,
  title={Speakers optimize information density through syntactic reduction},
  author={Levy, Roger and Jaeger, T. Florian},
  editor={B. Schölkopf and J. Platt and T. Hoffman},
  booktitle={Advances in Neural Information Processing Systems 19 ({NeurIPS} 2006)},
  year={2007}
}

@article{improved2016,
  title={Improved TextRank-based Method for Automatic Summarization},
  author={Yu, Shan-shan and Su, Jin-dian and Li, Peng-fei},
  journal={Computer Science},
  volume={43},
  number={6},
  pages={240--247},
  year={2016}
}


@inproceedings{levshina2017communicative,
  title={Communicative efficiency and syntactic predictability: {{A}} cross-linguistic study based on the Universal Dependencies corpora},
  author={Levshina, Natalia},
  booktitle={Proceedings of the NoDaLiDa 2017 Workshop on Universal Dependencies, 22 May, Gothenburg Sweden},
  number={135},
  pages={72--78},
  year={2017},
  organization={Linköping University Electronic Press}
}

@article{collins2014information,
  title={Information density and dependency length as complementary cognitive models},
  author={Collins, Michael Xavier},
  journal={Journal of Psycholinguistic Research},
  volume={43},
  number={5},
  pages={651--681},
  year={2014},
  doi={10.1007/s10936-013-9273-3},
  publisher={Springer}
}

@inproceedings{jain2018uniform,
  title={Uniform information density effects on syntactic choice in Hindi},
  author={Jain, Ayush and Singh, Vishal and Ranjan, Sidharth and Rajkumar, Rajakrishnan and Agarwal, Sumeet},
  booktitle={Proceedings of the Workshop on Linguistic Complexity and Natural Language Processing},
  pages={38--48},
  year={2018}
}

@book{zipf2013psycho,
  title={The psycho-biology of language: {{An}} introduction to dynamic philology},
  author={Zipf, George Kingsley},
  year={2013},
  publisher={Routledge}
}

@article{peters2018dissecting,
  title={Dissecting contextual word embeddings: {{A}}rchitecture and representation},
  author={Peters, Matthew E and Neumann, Mark and Zettlemoyer, Luke and Yih, Wen-tau},
  journal={arXiv preprint arXiv:1808.08949},
  year={2018}
}

@article{devlin2018bert,
  title={Bert: {{P}}re-training of deep bidirectional transformers for language understanding},
  author={Devlin, Jacob and Chang, Ming-Wei and Lee, Kenton and Toutanova, Kristina},
  journal={arXiv preprint arXiv:1810.04805},
  year={2018}
}

@inproceedings{akbik2018contextual,
  title={Contextual string embeddings for sequence labeling},
  author={Akbik, Alan and Blythe, Duncan and Vollgraf, Roland},
  booktitle={Proceedings of the 27th international conference on computational linguistics},
  pages={1638--1649},
  year={2018}
}

@article{miller1956magical,
  title={The magical number seven, plus or minus two: {{Some}} limits on our capacity for processing information.},
  author={Miller, George A},
  journal={Psychological Review},
  volume={63},
  number={2},
  pages={81},
  year={1956},
  publisher={American Psychological Association}
}

@article{venhuizen2019expectation,
  title={Expectation-based comprehension: {{M}}odeling the interaction of world knowledge and linguistic experience},
  author={Venhuizen, Noortje J and Crocker, Matthew W and Brouwer, Harm},
  journal={Discourse Processes},
  volume={56},
  number={3},
  pages={229--255},
  year={2019},
  publisher={Taylor \& Francis}
}

@article{ccano2019keyphrase,
  title={Keyphrase Generation: {{A}} Multi-Aspect Survey},
  author={Çano, Erion and Bojar, Ondřej},
  journal={arXiv preprint arXiv:1910.05059},
  year={2019}
}

@article{zhang2008automatic,
  title={Automatic keyword extraction from documents using conditional random fields},
  author={Zhang, Chengzhi},
  journal={Journal of Computational Information Systems},
  volume={4},
  number={3},
  pages={1169--1180},
  year={2008},
  publisher={Binary Information Press}
}

@inproceedings{zhang2006keyword,
  title={Keyword extraction using support vector machine},
  author={Zhang, Kuo and Xu, Hui and Tang, Jie and Li, Juanzi},
  booktitle={international conference on web-age information management},
  pages={85--96},
  year={2006},
  organization={Springer}
}

@article{shannon1948mathematical,
  title={A mathematical theory of communication},
  author={Shannon, Claude E.},
  journal={The Bell System Technical Journal},
  volume={27},
  number={3},
  pages={379--423},
  year={1948},
  publisher={Nokia Bell Labs}
}

@article{resnik1995using,
  title={Using information content to evaluate semantic similarity in a taxonomy},
  author={Resnik, Philip},
  journal={arXiv preprint cmp-lg/9511007},
  year={1995}
}

@article{hahn2020universals,
  title={Universals of word order reflect optimization of grammars for efficient communication},
  author={Hahn, Michael and Jurafsky, Dan and Futrell, Richard},
  journal={Proceedings of the National Academy of Sciences},
  volume={117},
  number={5},
  pages={2347--2353},
  year={2020},
  publisher={National Acad Sciences}
}

@article{bennett2018extremely,
  title={Extremely costly intensifiers are stronger than quite costly ones},
  author={Bennett, Erin D. and Goodman, Noah D.},
  journal={Cognition},
  volume={178},
  pages={147--161},
  year={2018},
doi={10.1016/j.cognition.2018.05.011},
  publisher={Elsevier}
}

@article{piantadosi2011word,
  title={Word lengths are optimized for efficient communication},
  author={Piantadosi, Steven T and Tily, Harry and Gibson, Edward},
  journal={Proceedings of the National Academy of Sciences},
  volume={108},
  number={9},
  pages={3526--3529},
  year={2011},
  publisher={National Acad Sciences}
}

@article{mahowald2013info,
  title={Info/information theory: {{Speakers}} choose shorter words in predictive contexts},
  author={Mahowald, Kyle and Fedorenko, Evelina and Piantadosi, Steven T and Gibson, Edward},
  journal={Cognition},
  volume={126},
  number={2},
  pages={313--318},
  year={2013},
  publisher={Elsevier}
}

@inproceedings{melamed1997measuring,
  title={Measuring semantic entropy},
  author={Melamed, I Dan},
  booktitle={Tagging Text with Lexical Semantics: {{Why}}, What, and How?},
  year={1997}
}

@article{shannon1951prediction,
  title={Prediction and entropy of printed {{English}}},
  author={Shannon, Claude E},
  journal={Bell system technical journal},
  volume={30},
  number={1},
  pages={50--64},
  year={1951},
  publisher={Wiley Online Library}
}

@article{cherry1951history,
  title={A history of the theory of information},
  author={Cherry, E Colin},
  journal={Proceedings of the IEE-Part III: {{Radio}} and Communication Engineering},
  volume={98},
  number={55},
  pages={383--393},
  year={1951},
  publisher={IET}
}

@inproceedings{bao2011towards,
  title={Towards a theory of semantic communication},
  author={Bao, Jie and Basu, Prithwish and Dean, Mike and Partridge, Craig and Swami, Ananthram and Leland, Will and Hendler, James A},
  booktitle={2011 IEEE Network Science Workshop},
  pages={110--117},
  year={2011},
  organization={IEEE}
}

@inproceedings{zhou2008new,
  title={A new model of information content for semantic similarity in WordNet},
  author={Zhou, Zili and Wang, Yanna and Gu, Junzhong},
  booktitle={2008 Second International Conference on Future Generation Communication and Networking Symposia},
  volume={3},
  pages={85--89},
  year={2008},
  organization={IEEE}
}

@inproceedings{seco2004intrinsic,
  title={An intrinsic information content metric for semantic similarity in WordNet},
  author={Seco, Nuno and Veale, Tony and Hayes, Jer},
  booktitle={Ecai},
  volume={16},
  pages={1089},
  year={2004}
}

@inproceedings{lin1998information,
  title={An information-theoretic definition of similarity.},
  author={Lin, Dekang and others},
  booktitle={Icml},
  volume={98},
  number={1998},
  pages={296--304},
  year={1998}
}

@inproceedings{levy2011integrating,
  title={Integrating surprisal and uncertain-input models in online sentence comprehension: {{Formal}} techniques and empirical results},
  author={Levy, Roger},
  booktitle={Proceedings of the 49th annual meeting of the Association for Computational Linguistics: {{Human}} Language Technologies},
  pages={1055--1065},
  year={2011}
}

@article{expectation2019,
  author = {Noortje J. Venhuizen and Matthew W. Crocker and Harm Brouwer},
  title = {Expectation-based Comprehension: {{Modeling}} the Interaction of World Knowledge and Linguistic Experience},
  journal = {Discourse Processes},
  volume = {56},
  number = {3},
  pages = {229-255},
  year  = {2019},
  publisher = {Routledge},
  doi = {10.1080/0163853X.2018.1448677},
  URL = {10.1080/0163853X.2018.1448677},
  eprint = {10.1080/0163853X.2018.1448677}
}

@incollection{kamp2011discourse,
  title={Discourse representation theory},
  author={Kamp, Hans and Van Genabith, Josef and Reyle, Uwe},
  booktitle={Handbook of philosophical logic},
  pages={125--394},
  year={2011},
  publisher={Springer}
}

@inproceedings{mylonakis2007unsupervised,
  title={Unsupervised estimation for noisy-channel models},
  author={Mylonakis, Markos and Sima'an, Khalil and Hwa, Rebecca},
  booktitle={Proceedings of the 24th international conference on machine learning},
  pages={665--672},
  year={2007}
}

@article{kamp1981theory,
  title={A theory of truth and semantic representation},
  author={Kamp, Hans},
  journal={Formal semantics-the essential readings},
  pages={189--222},
  year={1981}
}

@article{kamp1988discourse,
  title="{Discourse Representation Theory: {{What}} it is and where it ought to go.}",
  author={Kamp, Hans},
  journal={Natural Language at the Computer},
  volume={320},
  number={1},
  pages={84--111},
  year={1988}
}

@inproceedings{gong2001generic,
  title={Generic text summarization using relevance measure and latent semantic analysis},
  author={Gong, Yihong and Liu, Xin},
  booktitle={Proceedings of the 24th annual international ACM SIGIR conference on Research and development in information retrieval},
  pages={19--25},
  year={2001}
}

@article{steinberger2004using,
  title={Using latent semantic analysis in text summarization and summary evaluation},
  author={Steinberger, Josef and Jezek, Karel and others},
  journal={Proc. ISIM},
  volume={4},
  pages={93--100},
  year={2004},
  publisher={Citeseer}
}

@book{dretske1981knowledge,
  title={Knowledge and the Flow of Information},
  author={Dretske, Fred},
  year={1981},
  publisher={MIT Press}
}

@book{wissen2022,
  title={Wissensrohstoff Text: {{Eine}} Einführung in das Text Mining (2. Edition).},
  author={Biemann, Chris and Heyer, Gerhard and Quasthoff, Uwe},
   year={2022},
  publisher={Springer Vieweg}
}
@article{richter2020ranking,
  title={Ranking {D}utch intensifiers: {A} usage-based approach},
  author={Richter, Michael and Van Hout, Roeland},
  journal={Language and Cognition},
  volume={12},
  number={2},
  pages={343--359},
  year={2020},
doi={10.1017/langcog.2019.50},
  publisher={Cambridge University Press}
}
@article{shannon2001mathematical,
  title={A mathematical theory of communication},
  author={Shannon, Claude E.},
  journal={ACM SIGMOBILE mobile computing and communications review},
  volume={5},
  number={1},
  pages={3--55},
  year={1948},
  publisher={ACM},
  address = {New York},
  url={10.1002/j.1538-7305.1948.tb01338.x}
}

@book{ShannonWeaver49,
  author = {Shannon, Claude E. and Weaver, Warren},
  publisher = {University of Illinois Press},
  timestamp = {2017-07-13T17:28:43.000+0200},
  title = {The Mathematical Theory of Communication},
  year = {1949}
}

@conference{koelbl2020keyword,
  author={Max Kölbl and Yuki Kyogoku and J. Nathanael Philipp and Michael Richter and Clemens Rietdorf and Tariq Yousef},
  title={Keyword Extraction in {G}erman: {I}nformation-theory vs. Deep Learning},
  booktitle={Proceedings of the 12th International Conference on Agents and Artificial Intelligence -- Volume 1: {{NLPinAI}}},
  year={2020},
  pages={459-464},
  publisher={SciTePress},
  organization={INSTICC},
  doi={10.5220/0009374704590464},
  isbn={978-989-758-395-7},
  issn={2184-433X}
}

@incollection{koelbl2021semantic,
  title={The Semantic Level of {{S}}hannon Information: {A}re Highly Informative Words Good Keywords? {A} Study on {G}erman},
  booktitle={Natural Language Processing in Artificial Intelligence -- {NLPinAI} 2020},
  author={Kölbl, Max and Kyogoku, Yuki and Philipp, J. Nathanael and Richter, Michael and Rietdorf, Clemens and Yousef, Tariq},
  series={Studies in Computational Intelligence (SCI)},
  year={2021},
  publisher={Springer International Publishing},
  volume={939},
  pages={139--161},
  editor={Roussanka Loukanova},
  isbn="978-3-030-63787-3",
  doi={10.1007/978-3-030-63787-3_5}
}

@ARTICLE{10.3389/frai.2022.801564,
  AUTHOR={Kölbl, Max and Kyogoku, Yuki and Philipp, J. Nathanael and Richter, Michael and Rietdorf, Clements and Yousef, Tariq},
  TITLE={Beyond the Failure of Direct-Matching in Keyword Evaluation: {A} Sketch of a Graph Based Solution},
  JOURNAL={Frontiers in Artificial Intelligence},
  VOLUME={5},
  YEAR={2022},
  doi={https://www.frontiersin.org/article/10.3389/frai.2022.801564},
  ISSN={2624-8212},
  MONTH={3},
}

@inproceedings{hale2001probabilistic,
    title = "A Probabilistic {E}arley Parser as a Psycholinguistic Model",
    author = "Hale, John",
    booktitle = "Proceedings of {NAACL}",
    year = "2001",
    url = "https://aclanthology.org/N01-1021",
}


@inproceedings{jaeger2007speakers,
  title={Speakers optimize information density through syntactic reduction},
  author={Jaeger, T. Florian and Levy, Roger P.},
  booktitle={Advances in neural information processing systems},
  pages={849--856},
  year={2007}
}

@article{levy2008expectation,
  title={Expectation-based syntactic comprehension},
  author={Levy, Roger},
  journal={Cognition},
  volume={106},
  number={3},
  pages={1126--1177},
  year={2008},
  publisher={Elsevier},
  doi={10.1016/j.cognition.2007.05.006}
}

@article{krifka2008basic,
  title={Basic notions of information structure},
  author={Krifka, Manfred},
  journal={Acta Linguistica Hungarica},
  volume={55},
  number={3-4},
  pages={243--276},
  year={2008},
  publisher={Akadémiai Kiadó},
  doi={10.1556/aling.55.2008.3-4.2}
}

@article{bharti2017automatic,
  title={Automatic keyword extraction for text summarization: {{A}} survey},
  author={Bharti, Santosh Kumar and Babu, Korra Sathya},
  journal={arXiv preprint arXiv:1704.03242},
  year={2017}
}

@article{aji2012document,
  title={Document summarization using positive pointwise mutual information},
  author={Aji, Subhanpurno and Kaimal, Ramachandra},
  journal={International Journal of Computer Science \& Information Technology},
  volume={4},
  number={2},
  pages={47},
  year={2012},
  publisher={Academy \& Industry Research Collaboration Center (AIRCC)},
  doi={10.5121/ijcsit.2012.4204}
}

@inproceedings{tomokiyo2003language,
  title={A language model approach to keyphrase extraction},
  author={Tomokiyo, Takashi and Hurst, Matthew},
  booktitle={Proceedings of the ACL 2003 workshop on Multiword expressions: {{Analysis}}, acquisition and treatment},
  pages={33--40},
  year={2003}
}

@inproceedings{huo2014automatic,
  title={Automatic Summarization based on mutual information},
  author={Huo, Hua and Liu, Xing Han},
  booktitle={Applied Mechanics and Materials},
  volume={513},
  pages={1994--1997},
  year={2014},
  organization={Trans Tech Publ},
  doi={10.4028/www.scientific.net/AMM.513-517.1994}
}

@incollection{witten2005kea,
  title={Kea: {{Practical}} automated keyphrase extraction},
  author={Witten, Ian H and Paynter, Gordon W and Frank, Eibe and Gutwin, Carl and Nevill-Manning, Craig G},
  booktitle={Design and Usability of Digital Libraries: {{Case}} Studies in the Asia Pacific},
  pages={129--152},
  year={2005},
  publisher={IGI Global}
}

@inproceedings{mihalcea2004textrank,
  title={Textrank: {{Bringing}} order into text},
  author={Mihalcea, Rada and Tarau, Paul},
  booktitle={Proceedings of the 2004 conference on empirical methods in natural language processing},
  pages={404--411},
  year={2004}
}

@inproceedings{tixier2016graph,
  title={A graph degeneracy-based approach to keyword extraction},
  author={Tixier, Antoine and Malliaros, Fragkiskos and Vazirgiannis, Michalis},
  booktitle={Proceedings of the 2016 conference on empirical methods in natural language processing},
  pages={1860--1870},
  year={2016},
  doi={http://doi.org/10.18653/v1/D16-1191}
}

@article{cohen2008trusses,
  title={Trusses: {{Cohesive}} subgraphs for social network analysis},
  author={Cohen, Jonathan},
  journal={National security agency technical report},
  volume={16},
  pages={3--1},
  year={2008},
  publisher={Citeseer}
}

@ARTICLE{chohen2009computing,
  author={Cohen, Jonathan},
  journal={Computing in Science Engineering},
  title={Graph Twiddling in a MapReduce World},
  year={2009},
  volume={11},
  number={4},
  pages={29-41},
  doi={10.1109/MCSE.2009.120}
}

@article{karttunen1974presupposition,
  title={Presupposition and linguistic context},
  author={Karttunen, Lauri},
  journal={Theoretical linguistics},
  volume={1},
  number={1-3},
  pages={181--194},
  year={1974},
  publisher={Walter de Gruyter},
  address = {Berlin/New York}
}

@inproceedings{stalnaker1977pragmatic,
  title={Pragmatic presuppositions},
  author={Stalnaker, Robert},
  booktitle={Proceedings of the Texas conference on per\~{} formatives, presuppositions, and implicatures},
  pages={135--148},
  address = {Arlington, VA},
  publisher = {{{Center}} for Applied Linguistics},
  year={1977},
  organization={ERIC}
}

@incollection{lewis1979scorekeeping,
  title={Scorekeeping in a language game},
  author={Lewis, David},
  booktitle={Semantics from different points of view},
  pages={172--187},
  year={1979},
  publisher={Springer}
}

@book{firbas1974papers,
  title={Papers on functional sentence perspective},
  author={Firbas, Jan and Daneš, František},
  year={1974},
  publisher={Academia}
}

@book{dik1997theory,
  title={The theory of functional grammar:{{ The}} structure of the clause},
  author={Dik, Simon C},
  year={1997},
  publisher={Walter de Gruyter}
}

@inproceedings{niraula_experiments_2013,
	address = {Berlin, Heidelberg},
	series = {Lecture {Notes} in {Computer} {Science}},
	title = {Experiments with {Semantic} {Similarity} {Measures} {Based} on {LDA} and {LSA}},
	doi = {10.1007/978-3-642-39593-2_17},
	language = {en},
	booktitle = {Statistical {Language} and {Speech} {Processing}},
	publisher = {Springer},
	author = {Niraula, Nobal and Banjade, Rajendra and Ştefănescu, Dan and Rus, Vasile},
	editor = {Dediu, Adrian-Horia and Martín-Vide, Carlos and Mitkov, Ruslan and Truthe, Bianca},
	year = {2013},
	pages = {188--199},
}

@article{griffiths_topics_2007,
	title = {Topics in semantic representation},
	volume = {114},
	doi = {10.1037/0033-295X.114.2.211},
	language = {eng},
	number = {2},
	journal = {Psychological Review},
	author = {Griffiths, Thomas L. and Steyvers, Mark and Tenenbaum, Joshua B.},
	month = apr,
	year = {2007},
	pmid = {17500626},
	pages = {211--244},
}

@article{mohammed_lsa_2020,
	title = {{LSA} \& {LDA} topic modeling classification: {{Comparison}} study on e-books},
	volume = {19},
	shorttitle = {{LSA} \& {LDA} topic modeling classification},
	url = {http://ijeecs.iaescore.com/index.php/IJEECS/article/view/20547},
	doi = {10.11591/ijeecs.v19.i1.pp353-362},
	language = {en},
	number = {1},
	urldate = {2021-05-03},
	journal = {Indonesian Journal of Electrical Engineering and Computer Science},
	author = {Mohammed, Shaymaa H. and Al-augby, Salam},
	month = jul,
	year = {2020},
	note = {Number: 1},
	pages = {353--362},
}

@inproceedings{kalepalli_effective_2020,
	title = {Effective {Comparison} of {LDA} with {LSA} for {Topic} {Modelling}},
	doi = {10.1109/ICICCS48265.2020.9120888},
	booktitle = {2020 4th {International} {Conference} on {Intelligent} {Computing} and {Control} {Systems} ({ICICCS})},
	author = {Kalepalli, Yaswanth and Tasneem, Shaik and Phani Teja, Pasupuleti Durga and Manne, Suneetha},
	month = may,
	year = {2020},
	pages = {1245--1250},
}

@inproceedings{bergamaschi_comparing_2015,
	address = {Cham},
	series = {Lecture {Notes} in {Business} {Information} {Processing}},
	title = {Comparing {LDA} and {LSA} {Topic} {Models} for {Content}-{Based} {Movie} {Recommendation} {Systems}},
	doi = {10.1007/978-3-319-27030-2_16},
	language = {en},
	booktitle = {Web {Information} {Systems} and {Technologies}},
	publisher = {Springer International Publishing},
	author = {Bergamaschi, Sonia and Po, Laura},
	editor = {Monfort, Valérie and Krempels, Karl-Heinz},
	year = {2015},
	pages = {247--263},
}

@article{papadimitriou_latent_2000,
	title = {Latent {Semantic} {Indexing}: {A} {Probabilistic} {Analysis}},
	volume = {61},
	shorttitle = {Latent {Semantic} {Indexing}},
	url = {https://www.sciencedirect.com/science/article/pii/S0022000000917112},
	doi = {10.1006/jcss.2000.1711},
	language = {en},
	number = {2},
	urldate = {2021-05-03},
	journal = {Journal of Computer and System Sciences},
	author = {Papadimitriou, Christos H. and Raghavan, Prabhakar and Tamaki, Hisao and Vempala, Santosh},
	month = oct,
	year = {2000},
	pages = {217--235},
}

@book{anaya_comparing_2011,
	title = {Comparing {Latent} {Dirichlet} {Allocation} and {Latent} {Semantic} {Analysis} as {Classifiers}},
	language = {en},
	urldate = {2021-05-03},
	publisher = {ProQuest LLC},
	author = {Anaya, Leticia H.},
	year = {2011},
}

@article{herrera_statistical_2008,
	title = {Statistical keyword detection in literary corpora},
	volume = {63},
	url = {http://arxiv.org/abs/cs/0701028},
	doi = {10.1140/epjb/e2008-00206-x},
	number = {1},
	urldate = {2021-05-11},
	journal = {The European Physical Journal B},
	author = {Herrera, Juan P. and Pury, Pedro A.},
	month = may,
	year = {2008},
	note = {arXiv: cs/0701028},
	pages = {135--146},
	annote = {Comment: {{Published}} version. 11 pages, 7 figures. SVJour for LaTeX2e},
}

@inproceedings{zhang2016keyphrase,
  title="{Keyphrase extraction using deep recurrent neural networks on Twitter}",
  author={Zhang, Qi and Wang, Yang and Gong, Yeyun and Huang, Xuan-Jing},
  booktitle={Proceedings of the 2016 conference on empirical methods in natural language processing},
  pages={836--845},
  year={2016},
  doi={10.18653/v1/D16-1080}
}

@article{zhang_keywords_2020,
	title = {Keywords extraction with deep neural network model},
	volume = {383},
	url = {https://www.sciencedirect.com/science/article/pii/S092523121931687X},
	doi = {10.1016/j.neucom.2019.11.083},
	language = {en},
	urldate = {2021-05-11},
	journal = {Neurocomputing},
	author = {Zhang, Yu and Tuo, Mingxiang and Yin, Qingyu and Qi, Le and Wang, Xuxiang and Liu, Ting},
	month = mar,
	year = {2020},
	pages = {113--121},
}

@article{blei2003latent,
  title={Latent dirichlet allocation},
  author={Blei, David M. and Ng, Andrew Y. and Jordan, Michael I.},
  journal={Journal of Machine Learning Research},
  volume={3},
  pages={993--1022},
  year={2003}
}

@article{10.1145/2133806.2133826,
    author = {Blei, David M.},
    title = {Probabilistic Topic Models},
    year = {2012},
    issue_date = {April 2012},
    publisher = {Association for Computing Machinery},
    address = {New York},
    volume = {55},
    number = {4},
    doi = {10.1145/2133806.2133826},
    journal = {Commun. ACM},
    month = {apr},
    pages = {77--84},
    numpages = {8}
}

@article{pal2013approach,
  title={An approach to automatic text summarization using simplified lesk algorithm and wordnet},
  author={Pal, Alok Ranjan and Maiti, Projjwal Kumar and Saha, Diganta},
  journal={International Journal of Control Theory \& Computer Modeling},
  volume={3},
  year={2013},
  doi={10.5121/ijctcm.2013.3502}
}

@inproceedings{ozgur2005text,
  title={Text categorization with class-based and corpus-based keyword selection},
  author={Özgür, Arzucan and Özgür, Levent and Güngör, Tunga},
  booktitle={International Symposium on Computer and Information Sciences},
  pages={606--615},
  year={2005},
  organization={Springer},
  doi = {10.1007/11569596_63}
}

@article{marujo2013hourly,
  title={Hourly traffic prediction of news stories},
  author={Marujo, Luís and Bugalho, Miguel and Neto, João Paulo da Silva and Gershman, Anatole and Carbonell, Jaime},
  journal={arXiv preprint arXiv:1306.4608},
  year={2013}
}

@inproceedings{marujo2015automatic,
  title={Automatic keyword extraction on twitter},
  author={Marujo, Luis and Ling, Wang and Trancoso, Isabel and Dyer, Chris and Black, Alan W and Gershman, Anatole and de Matos, David Martins and Neto, Joao P and Carbonell, Jaime G},
  booktitle={Proceedings of the 53rd Annual Meeting of the Association for Computational Linguistics and the 7th International Joint Conference on Natural Language Processing (Volume 2: {{Short}} Papers)},
  pages={637--643},
  year={2015},
  doi={10.3115/v1/P15-2105}
}

@inproceedings{yang2015leveraging,
  title={Leveraging procedural knowledge for task-oriented search},
  author={Yang, Zi and Nyberg, Eric},
  booktitle={Proceedings of the 38th International ACM SIGIR Conference on Research and Development in Information Retrieval},
  pages={513--522},
  year={2015},
  doi={10.1145/2766462.2767744}
}

@inproceedings{liu2013phased,
  title={A phased ranking model for question answering},
  author={Liu, Rui and Nyberg, Eric},
  booktitle={Proceedings of the 22nd ACM international conference on Information \& Knowledge Management},
  pages={79--88},
  year={2013},
  doi={10.1145/2505515.2505678}
}

@article{horch2016article,
  title={On “Article Omission” in German and the “Uniform Information Density Hypothesis”},
  author={Horch, Eva and Reich, Ingo},
  journal={Bochumer Linguistische Arbeitsberichte},
  pages={125},
  year={2016}
}

@inproceedings{celano2018aspect,
  title="{Aspect coding asymmetries of verbs: {{The}} case of Russian}",
  author={Celano, Giuseppe GA and Richter, Michael and Voll, Rebecca and Heyer, Gerhard},
  year={2018},
  booktitle={PROCEEDINGS of the 14th Conference on Natural Language Processing},
  pages={34--39}
}

@inproceedings{richter2019interaction,
  title={Interaction of information content and frequency as predictors of verbs’ lengths},
  author={Richter, Michael and Kyogoku, Yuki and Kölbl, Max},
  booktitle={International Conference on Business Information Systems},
  pages={271--282},
  year={2019},
  organization={Springer},
  doi={10.1007/978-3-030-20485-3}
}

@inproceedings{richter2019estimation,
  title="{Estimation of Average Information Content: {{Comparison}} of Impact of Contexts}",
  author={Richter, Michael and Kyogoku, Yuki and Kölbl, Max},
  booktitle={Proceedings of SAI Intelligent Systems Conference},
  pages={1251--1257},
  year={2019},
  organization={Springer},
  doi={10.1007/978-3-030-29513-4_91}
}

@article{lombardi2005dretske,
  title="{Dretske, Shannon's theory and the interpretation of information}",
  author={Lombardi, Olimpia},
  journal={Synthese},
  volume={144},
  number={1},
  pages={23--39},
  year={2005},
  publisher={JSTOR},
  doi={10.1007/s11229-005-9127-0}
}

@article{lombardi2016shannon,
  title="{What is Shannon information?}",
  author={Lombardi, Olimpia and Holik, Federico and Vanni, Leonardo},
  journal={Synthese},
  volume={193},
  number={7},
  pages={1983--2012},
  year={2016},
  publisher={Springer},
  doi={10.1007/s11229-015-0824-z}
}

@unpublished{rogers2007dretske,
  title="{Is Dretske's Theory of Information Naturalistically Grounded? How emergent communication channels reference an abstracted ontic framework}",
  author={Rogers, Timothy M},
  year={2007},
  note={unpublished},
  url = {https://www.researchgate.net/publication/326561084}
}

@article{foley1987dretske,
  title="{Dretske's "information-theoretic" account of knowledge}",
  author={Foley, Richard},
  journal={Synthese},
  pages={159--184},
  year={1987},
  publisher={JSTOR},
  doi={10.1007/BF00413933}
}

@article{salton1988term,
  title={Term-weighting approaches in automatic text retrieval},
  author={Salton, Gerard and Buckley, Christopher},
  journal={Information processing \& management},
  volume={24},
  number={5},
  pages={513--523},
  year={1988},
  publisher={Elsevier},
  doi={http://doi.org/10.1016/0306-4573(88)90021-0}
}
@inproceedings{ravindra2004multi,
  title={Multi-document automatic text summarization using entropy estimates},
  author={Ravindra, G and Balakrishnan, N and Ramakrishnan, KR},
  booktitle={International Conference on Current Trends in Theory and Practice of Computer Science},
  pages={289--300},
  year={2004},
  organization={Springer}
}
@phdthesis{ravindra2009information,
  title={Information Theoretic Approach To Extractive Text Summarization},
  author={Ravindra, G},
  year={2009},
  school={Supercomputer Education and Research Center, Indian Institute of Science, Banglore}
}

@inproceedings{priva2008using,
  title={Using information content to predict phone deletion},
  author={Priva, Uriel Cohen},
  booktitle={Proceedings of the 27th west coast conference on formal linguistics},
  pages={90--98},
  year={2008},
  organization={Cascadilla Proceedings Project Somerville, MA}
}

@inproceedings{hulth2003improved,
  title={Improved automatic keyword extraction given more linguistic knowledge},
  author={Hulth, Anette},
  booktitle={Proceedings of the 2003 conference on Empirical methods in natural language processing},
  pages={216--223},
  year={2003},
  doi={10.3115/1119355.1119383}
}

@inproceedings{hulth2004enhancing,
  title={Enhancing linguistically oriented automatic keyword extraction},
  author={Hulth, Anette},
  booktitle={Proceedings of Human Language Technology Conference of the North American Chapter of the Association for Computational Linguistics 2004: {{Short}} Papers},
  pages={17--20},
  year={2004},
  doi={10.3115/1613984.1613989}
}

@inproceedings{honnibal2015improved,
  title={An improved non-monotonic transition system for dependency parsing},
  author={Honnibal, Matthew and Johnson, Mark},
  booktitle={Proceedings of the 2015 conference on empirical methods in natural language processing},
  pages={1373--1378},
  year={2015},
  doi={http://doi.org/10.18653/v1/D15-1162}
}

@article{jones1972statistical,
  title={A statistical interpretation of term specificity and its application in retrieval},
  author={Jones, Karen Sparck},
  journal={Journal of documentation},
  year={1972},
  publisher={MCB UP Ltd},
  doi={10.1108/eb026526}
}

@article{bever1970cognitive,
  title={The cognitive basis for linguistic structures},
  author={Bever, Thomas G},
  journal={Cognition and the development of language},
  year={1970},
  publisher={Wiley}
}

@article{stolcke1994efficient,
  title={An efficient probabilistic context-free parsing algorithm that computes prefix probabilities},
  author={Stolcke, Andreas},
  journal={arXiv preprint cmp-lg/9411029},
  year={1994}
}

@article{schofield2016comparing,
  title={Comparing apples to apple: {{The}} effects of stemmers on topic models},
  author={Schofield, Alexandra and Mimno, David},
  journal={Transactions of the Association for Computational Linguistics},
  volume={4},
  pages={287--300},
  year={2016},
  publisher={MIT Press},
  doi={10.1162/tacl_a_00099}
}

@article{may2016analysis,
  title={An Analysis of Lemmatization on Topic Models of Morphologically Rich Language},
  author={May, Chandler and Cotterell, Ryan and Van Durme, Benjamin},
  journal={arXiv preprint arXiv:1608.03995},
  year={2016}
}

@article{cho2014properties,
  title={On the properties of neural machine translation: {{Encoder}}-decoder approaches},
  author={Cho, Kyunghyun and Van Merriënboer, Bart and Bahdanau, Dzmitry and Bengio, Yoshua},
  journal={arXiv preprint arXiv:1409.1259},
  year={2014},
  doi={http://doi.org/10.3115/v1/W14-4012}
}

@article{turney2000learning,
  title={Learning algorithms for keyphrase extraction},
  author={Turney, Peter D},
  journal={Information retrieval},
  volume={2},
  number={4},
  pages={303--336},
  year={2000},
  publisher={Springer},
  doi={10.1023/A:1009976227802}
}

@inproceedings{van1995parlement,
  title={Parlement Européen},
  author={van Dijk, Bureau},
  booktitle={Evaluation des opérations pilotes d’indexation automatique (Convention spécifique no 52556), Rapport d’évalution finale},
  year={1995}
}

@article{vijayarajan2016generic,
  title={A generic framework for ontology-based information retrieval and image retrieval in web data},
  author={Vijayarajan, V and Dinakaran, M and Tejaswin, Priyam and Lohani, Mayank},
  journal={Human-centric Computing and Information Sciences},
  volume={6},
  number={1},
  pages={18},
  year={2016},
  publisher={Springer},
  doi={10.1186/s13673-016-0074-1}
}

@article{frege1879begriffsschrift,
    title = {Begriffsschrift, a formula language, modeled upon that of arithmetic, for pure thought},
    booktitle = {\biberror{Frege and {Gödel}: Two Fundamental Texts in Mathematical Logic}},
    editor = {Jean van Heijenoort},
    publisher = {Harvard University Press},
    address = {Cambridge},
    pages = {1--82},
    doi = {10.4159/harvard.9780674864603.c2},
    year = {1970},
    author={Frege, Gottlob},
    journal={From Frege to Gödel: {{A}} source book in mathematical logic},
    year ={1931},
    pages={1--82},
    year={1879},
    doi={10.4159/harvard.9780674864603.c2}
}

@book{ogden1923meaning,
  title={The Meaning of Meaning: {{A}} Study of the Influence of Language upon Thought and of the Science of Symbolism},
  author={Ogden, Charles Kay and Richards, Ivor Armstrong},
  volume={29},
  year={1923},
  publisher={K. Paul, Trench, Trubner \& Company, Limited},
  doi={10.1038/111566b0}
}

@misc{peirce1932collected,
  title="{Collected Papers of Charles S. Peirce, ed. Hartshorne, Weiss and Burks}",
  author={Peirce, Charles Sanders},
  year={1932},
  publisher={Harvard University Press, Cambridge, MA}
}

@article{sowa1986implementing,
  title={Implementing a semantic interpreter using conceptual graphs},
  author={Sowa, John F and Way, Eileen C},
  journal={IBM Journal of Research and Development},
  volume={30},
  number={1},
  pages={57--69},
  year={1986},
  publisher={IBM},
  doi={10.1147/rd.301.0057}
}

@unpublished{Rietdorf2019Summarisation,
  title={Summarisation by Information Maps. A pilot study},
  author={Rietdorf, Clemens and Kölbl, Max and Kyogoku, Yuki and Richter, Michael},
  year={2019},
  note={submitted},
}

@article{deerwester1990indexing,
  title={Indexing by latent semantic analysis},
  author={Deerwester, Scott and Dumais, Susan T and Furnas, George W and Landauer, Thomas K and Harshman, Richard},
  journal={Journal of the American society for information science},
  volume={41},
  number={6},
  pages={391--407},
  year={1990},
  publisher={Wiley Online Library}
}

%%% 6 TÖNNIS

@article{tbd-variability,
 author = {Tonhauser, Judith and David Beaver and Judith Degen},
 title = {How projective is projective content? {G}radience in projectivity and at-issueness},
 journal = {Journal of Semantics}, 
 volume = 35,
 pages = {495-542},
 doi = {10.1093/jos/ffy007},
 year = {2018}
}

@book{beaver_clark_2008,
  title={Sense and sensitivity: {H}ow focus determines meaning},
  author={Beaver, David I. and Clark, Brady Z.},
  series={{Explorations in Semantics}},
  volume={5},
  editor={Susan Rothstein},
  year={2008},
  publisher={Wiley-Blackwell},
  address="Oxford",
  doi="10.1002/9781444304176"
}

@article{bell_et_al_2003,
  title={{Effects of disfluencies, predictability, and utterance position on word form variation in {{English}} conversation}},
  author={Bell, Alan and Jurafsky, Daniel and Fosler-Lussier, Eric and Girand, Cynthia and Gregory, Michelle and Gildea, Daniel},
  journal={The Journal of the acoustical society of America},
  volume={113},
  number={2},
  pages={1001--1024},
  year={2003},
  publisher={Acoustical Society of America},
  doi={10.1121/1.1534836}
}

@article{buring_kriz_2013,
  title={It's that, and that's it! {E}xhaustivity and homogeneity presuppositions in clefts (and definites)},
  author={Daniel Büring and Manuel Križ},
  journal={Semantics and Pragmatics},
  volume={6},
  number={6},
  pages={1--29},
  year={2013},
  doi={10.3765/sp.6.6}
}



@article{demberg_keller_2008,
title = {Data from eye-tracking corpora as evidence for theories of syntactic processing complexity},
journal = {Cognition},
volume = {109},
number = {2},
pages = {193-210},
year = {2008},
doi = {10.1016/j.cognition.2008.07.008},
author = {Vera Demberg and Frank Keller},
}

@article{destruel_velleman_2014,
  title={Refining contrast: {E}mpirical evidence from the {E}nglish \textit{it}-cleft},
  author={Destruel, Emilie and Velleman, Leah},
  journal={Empirical Issues in Syntax and Semantics},
  volume={10},
  pages={197--214},
  year={2014},
  url = {http://www.cssp.cnrs.fr/eiss10/}
}

@article{destruel_et_al_2019,
  title={It's not what you expected! The surprising nature of cleft alternatives in {French} and {English}},
  author={Destruel, Emilie and Beaver, David I. and Coppock, Elizabeth},
  journal={Frontiers in Psychology},
  volume={10},
  article={1400},
  pages={1--16},
  year={2019},
  publisher={Frontiers},
  doi={10.3389/fpsyg.2019.01400}
}

@inproceedings{deveaugh-geiss_et_al_2015,
	title = {{Contradicting (not-)at-issueness in exclusives and clefts: {{A}}n empirical study}},
	author = {Joseph P. {De Veaugh-Geiss} and Malte Zimmermann and Edgar Onea and Anna-Christina Boell},
	booktitle = {{Semantics and Linguistic Theory (SALT)}},
	volume = {25},
	year = {2015},
	pages = {373--393},
	doi = {10.3765/salt.v25i0.3054}
}


@article{deveaugh-geiss_et_al_2018b,
	title = {That's not quite it: {A}n experimental investigation of (non-)exhaustivity in clefts},
	author = {Joseph P. {De Veaugh-Geiss} and Swantje Tönnis and Edgar Onea and Malte Zimmermann},
	journal = {Semantics and Pragmatics},
	volume = {11},
	year = {2018},
	doi = {10.3765/sp.11.3}
}

@book{fery_2017,  
  title={Intonation and prosodic structure},
  author={Féry, Caroline},
  year={2017},
  publisher={Cambridge University Press},
  doi={10.1017/9781139022064},
  address={Cambridge},
  series={{Key Topics in Phonology}}
}

@incollection{fery_stoel_2006,
  title={Gradient perception of intonation},
  author={Féry, Caroline and Stoel, Ruben},
  booktitle={Gradience in Grammar: {{Generative}} Perspectives},
  publisher={Oxford University Press},
  address={Oxford},
  pages={145--166},
  year={2006},
  doi={10.1093/ACPROF:OSO/9780199274796.003.0008}
}

@inproceedings{fodor_2002,
  title={Prosodic disambiguation in silent reading},
  author={Fodor, Janet Dean},
  booktitle={{North East Linguistic Society (NELS)}},
  volume={32},
  number={1},
  pages={113--132},
  year={2002},
  url={https://scholarworks.umass.edu/nels/vol32/iss1/8}
}


@inproceedings{genzel_charniak_2002,
  title={Entropy rate constancy in text},
  author={Genzel, Dmitriy and Charniak, Eugene},
  booktitle={{40th Annual Meeting of the Association for Computational Linguistics (ACL)}},
  pages={199--206},
  year={2002},
  doi={10.3115/1073083.1073117}
}

@article{gundel_et_al_1993,
  title={Cognitive status and the form of referring expressions in discourse},
  author={Gundel, Jeanette K. and Hedberg, Nancy and Zacharski, Ron},
  journal={Language},
  pages={274--307},
  volume={69},
  number={2},
  year={1993},
  publisher={JSTOR},
  doi ={10.2307/416535}
}

@phdthesis{halvorsen_1978,
  type={{PhD thesis}},
  title={The syntax and semantics of cleft constructions},
  author={Halvorsen, Per-Kristian},
  school={University of Texas},
  year={1978}
}

@inproceedings{horn_1981,
  title={Exhaustiveness and the semantics of clefts},
  author={Horn, Laurence},
  booktitle={{North East Linguistic Society (NELS)}},
  volume={11},
  pages={125--142},
  year={1981},
  url = {https://scholarworks.umass.edu/nels/vol11/iss1/10}
}

@article{kehler_rohde_2017,
  title={Evaluating an expectation-driven question-under-discussion model of discourse interpretation},
  author={Kehler, Andrew and Rohde, Hannah},
  journal={Discourse Processes},
  volume={54},
  number={3},
  pages={219--238},
  year={2017},
  publisher={Taylor \& Francis},
  doi = {10.1080/0163853X.2016.1169069}
}

@article{e.kiss_1998,
  title={Identificational focus versus information focus},
  author={É. Kiss, Katalin},
  journal={Language},
  volume={74},
  number={2},
  pages={245--273},
  year={1998},
  doi={10.1353/lan.1998.0211}
}

@article{krifka_2008,
  title={Basic notions of information structure},
  author={Krifka, Manfred},
  journal={Acta Linguistica Hungarica},
  volume={55},
  number={3--4},
  pages={243--276},
  year={2008},
  publisher={Akadémiai Kiadó},
  url={https://www.jstor.org/stable/26190905}
}

@incollection{krifka_musan_2012,
  title={{Information structure: {O}verview and linguistic issues}},
  author={Krifka, Manfred and Musan, Renate},
  booktitle={The Expression of Information Structure},
  volume={5},
  pages={1--43},
  year={2012},
  publisher={De Gruyter},
  address={Berlin},
  editor={Krifka, Manfred and Musan, Renate},
  doi="10.1515/9783110261608.1"
}

@article{levy_2008,
title = {Expectation-based syntactic comprehension},
journal = {Cognition},
volume = {106},
number = {3},
pages = {1126-1177},
year = {2008},
doi = {10.1016/j.cognition.2007.05.006},
author = {Roger Levy},
}

@inproceedings{levy_jaeger_2007,
  author={Levy, Roger and Jaeger, T. Florian},
  booktitle={{Advances in Neural Information Processing Systems 19: {{The}} 2006 Conference}}, 
  title={Speakers optimize information density through syntactic reduction}, 
  year={2007},
  url={https://ieeexplore.ieee.org/document/6287477},
  pages={849-856}
}

@incollection{onea_2019,
  title={{Exhaustivity in \textit{it}-clefts}},
  author={Onea, Edgar},
  booktitle={The {O}xford Handbook of Experimental Semantics and Pragmatics},
  year={2019},
  publisher={Oxford University Press},
  address={Oxford},
  pages={401--417},
  editor={Chris Cummins and Napoleon Katsos},
  doi={10.1093/oxfordhb/9780198791768.013.17}
}


@inproceedings{percus_1997,
  title={Prying open the cleft},
  author={Percus, Orin},
  booktitle={{North East Linguistic Society (NELS)}},
  volume={27},
  pages={337--352},
  year={1997},
  organization={University of Massachusetts},
  url = {https://scholarworks.umass.edu/nels/vol27/iss1/25 }
}

@incollection{pollard_yasavul_2015,
  title={{Anaphoric \textit{it}-clefts: {{The}} myth of exhaustivity}},
  author={Carl Pollard and Murat Yasavul},
  publisher={The Chicago Linguistic Society},
  booktitle = {Proceedings of the Fiftieth Annual Meeting of the {Chicago Linguistic Society}},
  location = {Chicago},
  editor = {Ross Burkholder and  Carlos Cisneros and  Emily R. Coppess and  Julian Grove and  Emily A. Hanink and  Hilary McMahan and  Cherry Meyer and  Natalia Pavlou and  Özge Sarıgül and  Adam Roth Singerman and  Anqi Zhang},
  pages={381--393},
  year={2015}
}

@article{prince_1978,
  title={A comparison of \textit{wh}-clefts and \textit{it}-clefts in discourse},
  author={Prince, Ellen F.},
  journal={Language},
  volume={54},
  number={4},
  pages={883--906},
  year={1978},
  publisher={JSTOR},
  doi = {10.2307/413238}
}


@book{reinhart_1995,
  title={Interface strategies},
  author={Reinhart, Tanya},
  publisher={OTS working papers in linguistics},
  location = {Utrecht},
  year={1995}
}

@article{roberts_2012,
  title={{Information structure in discourse: {T}owards an integrated formal theory of pragmatics}},
  author={Roberts, Craige},
  journal={Semantics and Pragmatics},
  volume={5},
  Number = {6},
  pages={1--69},
  year={2012},
  doi={10.3765/sp.5.6}
}

@book{rochemont_1986,
  title={Focus in generative grammar},
  author={Rochemont, Michael},
  series={Studies in Generative Linguistic Analysis},
  pages={1--231},
  year={1986},
  publisher={John Benjamins},
  address={Amsterdam},
  doi = {10.1075/sigla.4}
}


@article{shannon_1948,
  title={A mathematical theory of communication},
  author={Shannon, Claude E.},
  journal={The Bell System Technical Journal},
  volume={27},
  number={3},
  pages={379--423},
  year={1948},
  doi={10.1002/j.1538-7305.1948.tb01338.x}
}

@article{simons_et_al_2017,
author = {Mandy Simons and David I. Beaver and Craige Roberts and Judith Tonhauser},
title = {The best question: {E}xplaining the projection behavior of factives},
journal = {Discourse Processes},
volume = {54},
number = {3},
pages = {187--206},
year  = {2017},
publisher = {Routledge},
doi = {10.1080/0163853X.2016.1150660},
eprint = { 
        10.1080/0163853X.2016.1150660
    
}

}

@incollection{szabolcsi_1981,
	editor = {Groenendijk, J. A. G. and Janssen, T. M. V. and Stokhof, M. B. J.},
	publisher = {Mathematisch Centrum},
	author = {Anna Szabolcsi},
	year = {1981},
	title = {The semantics of topic-focus articulation},
	pages = {513--540},
	booktitle = {Formal methods in the study of language},
	address   = {Amsterdam}
}


@article{szendroi_1999,
  title={A stress-driven approach to the syntax of focus},
  author={Szendr{\H{o}}i, Kriszta},
  year={1999},
  journal={UCL Working Papers in Linguistics},
  volume={11},
  pages={545--573}
}

@incollection{tonnis_et_al_2018,
  title={Methodological considerations on testing argument asymmetry in {German} cleft sentences},
  author={Tönnis, Swantje and Fricke, Lea M. and Schreiber, Alexander},
  booktitle={{Grammar and Corpora 2016}},
  editor={Eric Fuß and Marek Konopka and Beata Trawiński and Ulrich H. Waßner},
  publisher={Heidelberg University Publishing},
  address={Heidelberg},
  pages={231--240},
  year={2018},
  doi={10.17885/heiup.361.c4703}
}

@phdthesis{tonnis_2021,
  title={German \textit{“es”}-clefts in discourse: {A} question-based analysis involving expectedness},
  author={Tönnis, Swantje},
  year={2021},
  school={Graz University}
}

@inproceedings{tonnis_tonhauser_2022,
author={Swantje Tönnis and Judith Tonhauser},
title={{German clefts address unexpected questions}},
year={2022},
booktitle={{Semantics and Linguistic Theory (SALT)}},
volume={32},
pages={661--684},
editor={John R. Starr and Juhyae Kim and Burak Öney},
doi={10.3765/salt.v1i0.5359}
}

@inproceedings{asr_demberg_2015,
    title = {{Uniform Surprisal at the level of discourse relations: {N}egation markers and discourse connective omission}},
    author = "Fatemeh Torabi Asr and Vera Demberg",
    booktitle = "The 11th International Conference on Computational Semantics",
    month = {4},
    year = "2015",
    address = "London",
    publisher = "Association for Computational Linguistics",
    url = "https://aclanthology.org/W15-0117",
    pages = "118--128",
}

@inproceedings{asr_demberg_2012,
    title = "Implicitness of Discourse Relations",
    author = "Fatemeh Torabi Asr and Vera Demberg",
    booktitle = "{COLING} 2012",
    month = dec,
    year = "2012",
    address = "Mumbai",
    publisher = "The COLING 2012 Organizing Committee",
    url = "https://aclanthology.org/C12-1163",
    pages = "2669--2684",
}

@inproceedings{velleman_et_al_2012,
  title={\textit{It}-clefts are {IT} (inquiry terminating) constructions},
  author={Velleman, Leah and Beaver, David I. and Destruel, Emilie and Bumford, Dylan and Onea, Edgar and Coppock, Liz},
  booktitle={{Semantics and Linguistic Theory (SALT)}},
  volume={22},
  pages={441--460},
  year={2012},
  doi = {10.3765/salt.v22i0.2640}
}


@inproceedings{westera_rohde_2019,
title={{Asking between the lines: {E}licitation of evoked questions in text}},
author={Matthijs Westera and Hannah Rohde},
pages={397--406},
booktitle={{The 22$^{nd}$ Amsterdam Colloquium}},
year={2019},
url = {https://archive.illc.uva.nl/AC/AC2019/Proceedings/index.html}
}

%%%% 7 - REKSNES

@Manual{RCoreTeam,
    title = {R: {{A}} language and environment for statistical computing},
    author = {{R Core Team}},
    organization = {R Foundation for Statistical Computing},
    address = {Vienna},
    year = {2022},
    url = {https://www.R-project.org/}
}

@misc{Prolific,
    author = {Prolific},
    year = {2023},
    url = {https://www.prolific.com},
    location = {London, UK}
}

@book{Agresti2003,
    author = {Agresti, Alan},
    address = {Somerset},
    edition = {2},
    publisher = {Wiley},
    series = {Wiley Series in Probability and Statistics},  
    title = {Categorical Data Analysis},
    volume = {482},
    year = {2003}
}

@article{AlbuEtAl2023,
    author = {Albu, Elena and Dudschig, Carolin and Warren, Tessa and Kaup, Barbara},
    address = {LONDON},
    journal = {Quarterly Journal of Experimental Psychology},
    pages = {17470218231158109},
    publisher = {Sage},
    title = {Does negation influence the choice of sentence continuations? {E}vidence from a four-choice cloze task},
    year = {2023},
    doi = {10.1177/17470218231158109}
}

@article{AltarribaEtAl1996,
    author = {Altarriba, Jeanette and Kroll, Judith F. and Sholl, Alexandra and Rayner, Keith},
    journal = {Memory \& Cognition},
    number = {4},
    pages = {477-492},
    publisher = {Psychonomic Soc Inc},
    title = {The influence of lexical and conceptual constraints on reading mixed-language sentences: {Evidence} from eye fixations and naming times},
    volume = {24},
    year = {1996},
    doi = {10.3758/BF03200936}
}


@article{BarrTily2013,
    author = {Barr, Dale J. and Levy, Roger and Scheepers, Christoph and Tily, Harry J.},
    journal = {Journal of memory and language},
    number = {3},
    pages = {255-278},
    publisher = {Elsevier Inc},
    title = {Random effects structure for confirmatory hypothesis testing: {K}eep it maximal},
    volume = {68}, 
    year = {2013},
    doi = {10.1016/j.jml.2012.11.001}
}

@article{BatesWalker2015,
    author = {Bates, Douglas and Mächler, Martin and Bolker, Ben M. and Walker, Steve C.},
    journal = {Journal of statistical software},
    number = {1},
    pages = {1-48},
    publisher = {Journal Statistical Software},
    title = {Fitting linear mixed-effects models using lme4},
    volume = {67},
    year = {2015},
    doi = {10.18637/jss.v067.i01}
}

@article{BorghiCimatti2010,
    title = {Embodied cognition and beyond: {Acting} and sensing the body},
    journal = {Neuropsychologia},
    volume = {48},
    number = {3},
    pages = {763-773},
    year = {2010},
    doi = {10.1016/j.neuropsychologia.2009.10.029},
    author = {Borghi, Anna M. and Cimatti, Felice}
}

@article{BrownDell1987,
    author = {Brown, Paula M. and Dell, Gary S.},
    journal = {Cognitive Psychology},
    pages = {441-472},
    title = {Adapting production to comprehension: {T}he explicit mention of instruments},
    volume = {19},
    year = {1987},
    doi = {10.1016/0010-0285(87)90015-6}
}

@article{CaiPickering2022,
    author = {Cai, Zhenguang G. and Zhao, Nan and Pickering, Martin J.},
    journal = {Cognition},
    pages = {105101},
    publisher = {Elsevier B.V},
    title = {How do people interpret implausible sentences?},
    volume = {225},
    year = {2022},
    doi = {10.1016/j.cognition.2022.105101}
}

@article{CreelTanenhaus2008,
    author = {Creel, Sarah C. and Aslin, Richard N. and Tanenhaus, Michael K.},
    journal = {Cognition},
    pages = {633–664},
    title = {Heeding the voice of experience: {The} role of talker variation in lexical access},
    volume = {106},
    year = {2008},
    doi = {10.1016/j.cognition.2007.03.013}
}

@incollection{DaviesArnold2019,
    author = {Davies, Catherine and Arnold, Jennifer E.},
    editor = {Cummins, Chris and Katsos, Napoleon},
    pages = {474-493},
    booktitle = {The {O}xford handbook of experimental semantics and pragmatics},
    address = {Oxford},
    publisher = {Oxford University Press},
    title = {Reference and informativeness: {How} context shapes referential choice},
    year = {2019},
    doi = {10.1093/oxfordhb/9780198791768.013.6}
}

@article{DaviesEtAl2022,
    author = {Davies, Catherine and Porretta, Vincent and Koleva, Kremena and Klepousniotou, Ekaterini},
    journal = {Journal of Psycholinguistic Research},
    number = {5},
    pages = {933-955},
    publisher = {Springer US},
    title = {Speaker-Specific Cues Influence Semantic Disambiguation},
    volume = {51},
    year = {2022},
    doi = {10.1007/s10936-022-09852-0}
}

@article{DegenEtAl2020,
    author = {Degen, Judith and Hawkins, Robert D. and Graf, Caroline and Kreiss, Elisa and Goodman, Noah D.},
    journal = {Psychological Review},
    number = {4},
    pages = {591-621},
    publisher = {American Psychological Association},
    title = {When Redundancy Is Useful: {A} {B}ayesian Approach to ``Overinformative'' Referring Expressions},
    volume = {127},
    year = {2020},
    doi = {10.1037/rev0000186}
}

@article{FoyGerrig2014,
    author = {Foy, Jeffrey E. and Gerrig, Richard J.},
    journal = {Memory \& Cognition},
    number = {8},
    pages = {1250–1259},
    title = {Flying to {N}everland: {How} readers tacitly judge norms during comprehension},
    volume = {42},
    year = {2014},
    doi = {10.3758/s13421-014-0436-8}
}

@article{GoodmanFrank2016,
    author = {Goodman, Noah D. and Frank, Michael C.},
    journal = {Trends in Cognitive Sciences},
    volume = {11},
    pages = {818–829},
    title = {Pragmatic language interpretation as probabilistic inference},
    volume = {20},
    year = {2016},
    doi = {10.1016/j.tics.2016.08.005}
}

@incollection{Grice1975,
    author = {Grice, Herbert Paul},
    title = {Logic and Conversation},
    editor = {Cole, Peter and Morgan, Jerry L.},
    pages = {41-58},
    booktitle = {Syntax and semantics: {S}peech acts},
    publisher = {Academic Press},
    location = {New York},
    year = {1975}
}

@incollection{GrodnerSedivy2011,
    author = {Grodner, Daniel and Sedivy, Julie C.},
    booktitle = {The Processing and Acquisition of Reference},
    editor = {Gibson, Edward A. and Pearlmutter, Neal J.},
    address = {Cambridge},
    publisher = {The MIT Press},
    pages = {239-272},
    title = {The effect of speaker-specific information on pragmatic inferences},
    year = {2011},
    doi = {10.7551/mitpress/9780262015127.003.0010}
}

@article{HayEtAl2006,
    author = {Hay, Jennifer and Nolan, Aaron and Drager, Katie},
    journal = {Linguistic review},
    number = {3},
    pages = {351-379},
    publisher = {Walter de Gruyter},
    title = {From fush to feesh: {Exemplar} priming in speech perception},
    volume = {23},
    year = {2006},
    doi = {10.1515/TLR.2006.014}
}

@article{HayDrager2010,
    author = {Hay, Jennifer and Drager, Katie},
    journal = {Linguistics},
    number = {4},
    pages = {865–892},
    title = {Stuffed toys and speech perception},
    volume = {48},
    year = {2010},
    doi = {10.1515/ling.2010.027}
}

@article{Jaeger2008,
    author = {Jaeger, T. Florian},
    journal = {Journal of Memory and Language},
    number = {4},
    pages = {434–446},
    title = {Categorical data analysis: {A}way from {ANOVA}s (transformation or not) and towards logit mixed models},
    volume = {59},
    year = {2008},
    doi = {10.1016/j.jml.2007.11.007}
}

@article{KamideHaywood2003,
    author = {Kamide, Yuki and Altmann, Gerry T. M. and Haywood, Sarah L.},
    journal = {Journal of Memory and Language},
    number = {1},
    pages = {133-156},
    publisher = {Elsevier Inc},
    title = {The time-course of prediction in incremental sentence processing: {Evidence} from anticipatory eye movements},
    volume = {49},
    year = {2003},
    doi = {10.1016/S0749-596X(03)00023-8}
}

@article{KleinschmidtJaeger2015,
    author = {Kleinschmidt, Dave F. and Jaeger, T. Florian},
    journal = {Psychological Review},
    number = {2},
    pages = {148-203},
    title = {Robust Speech Perception: {Recognize} the Familiar, Generalize to the Similar, and Adapt to the Novel},
    volume = {122},
    year = {2015},
    doi = {10.1037/a0038695}
}

@article{Kravtchenko2014,
    year = {2014},
    author = {Kravtchenko, Ekaterina},
    publisher = {eScholarship, University of California},
    journal = {Proceedings of the annual meeting of the {Cognitive Science Society}},
    pages = {785-790},
    volume = {36},
    title = {Predictability and syntactic production: {Evidence} from subject omission in {Russian}}
}

@article{KravtchenkoDemberg2022,
    author = {Kravtchenko, Ekaterina and Demberg, Vera},
    journal = {Cognition},
    pages = {105159},
    publisher = {Elsevier B.V},
    title = {Informationally redundant utterances elicit pragmatic inferences},
    volume = {225},
    year = {2022},
    doi = {10.1016/j.cognition.2022.105159}
}

@article{KreissDegen2020,
    author = {Kreiss, Elisa and Degen, Judith},
    journal = {Proceedings of the 42nd Annual Conference of the Cognitive Science Society},
    pages = {259–265},
    title = {Production expectations modulate contrastive inference},
    year = {2020}
}

@article{KuperbergJaeger2016,
    author = {Kuperberg, Gina R. and Jaeger, T. Florian},
    journal = {Language, Cognition and Neuroscience},
    volume = {31},
    pages = {32-59},
    title = {What do we mean by prediction in language comprehension?},
    issue = {1},
    year = {2016},
    doi = {10.1080/23273798.2015.1102299}
}

@article{KutasHillyard1980,
    author = {Kutas, Marta and Hillyard, Steven A.},
    journal = {Science},
    pages = {203-205},
    title = {Reading senseless sentences: {Brain} potentials reflect semantic incongruity},
    volume = {207},
    year = {1980},
    doi = {10.1126/science.7350657}
}

@article{LemkeSchäferEtAl2021,
    author = {Lemke, Robin and Schäfer, Lisa and Reich, Ingo},
    title = {Modeling the predictive potential of extralinguistic context with script knowledge: {The} case of fragments},
    journal = {PLoS ONE},
    volume = {16},
    issue = {2},
    year = {2021},
    doi = {10.1371/journal.pone.0246255}
}

@article{LemkeReichEtAl2021,
    publisher = {Frontiers Media Sa},
    title = {Predictable Words Are More Likely to Be Omitted in Fragments: {Evidence} From Production Data},
    volume = {12},
    year = {2021},
    author = {Lemke, Robin and Reich, Ingo and Schäfer, Lisa and Drenhaus, Heiner},
    address = {Lausanne},
    journal = {Frontiers in {P}sychology},
    pages = {662125-662125},
    doi = {10.3389/fpsyg.2021.662125}
}

@inproceedings{LevyJaeger2007,
    year = {2007},
    booktitle = {Advances in Neural Information Processing Systems},
    author = {Levy, Roger and Jaeger, T. Florian},
    pages = {849-856},
    title = {Speakers optimize information density through syntactic reduction},
    address = {Cambridge},
    publisher = {The MIT Press},
    year = {2007},
    doi = {10.7551/mitpress/7503.003.0111},
editor={ Schölkopf,Bernhard and  Platt, John and Hofmann, Thomas}}

@article{LockridgeBrennan2002,
    author = {Lockridge, Calion B. and Brennan, Susan E.},
    journal = {Psychonomic Bulletin \& Review},
    pages = {550–557},
    title = {Addressees’ needs influence speakers’ early syntactic choices},
    volume = {9},
    year = {2002},
    doi = {10.3758/BF03196312}
}

@article{MarksMiller1964,
    author = {Marks, Lawrence E. and Miller, George A.},
    journal = {Journal of Verbal Learning and Verbal Behavior},
    pages = {1–5},
    title = {The role of semantic and syntactic constraints in the memorization of {E}nglish sentences},
    volume = {3},
    year = {1964},
    doi = {10.1016/S0022-5371(64)80052-9}
}

@article{MitchellVanDeemter2013,
    author = {Mitchell, Margaret and Reiter, Ehud and Van Deemter, Kees},
    journal = {Proceedings of the Annual Meeting of the Cognitive Science Society},
    volume = {35},
    pages = {3062-3067},
    publisher = {eScholarship, University of California},
    title = {Typicality and Object Reference},
    year = {2013}
}

@article{Morris1994,
    author = {Morris, Robin K.},
    journal = {Journal of Experimental Psychology: {L}earning, Memory \& Cognition},
    pages = {92-103},
    title = {Lexical and message-level sentence context effects on fixation times in reading},
    volume = {20},
    year = {1994},
    doi = {10.1037/0278-7393.20.1.92}
}

@article{NieuwlandVanBerkum2006,
    author = {Nieuwland, Mante S. and Van Berkum, Jos J. A.},
    journal = {Journal of Cognitive Neuroscience},
    number = {7},
    pages = {1098–1111},
    title = {When peanuts fall in love: {N}400 evidence for the power of discourse},
    volume = {18},
    year = {2006},
    doi = {10.1162/jocn.2006.18.7.1098}
}

@article{PogueTanenhaus2016,
    author = {Pogue, Amanda and Kurumada, Chigusa and Tanenhaus, Michael K.},
    journal = {Frontiers in Psychology},
    pages = {2035-2035},
    publisher = {Frontiers Media Sa},
    title = {Talker-specific generalization of pragmatic inferences based on under- and over-informative prenominal adjective use},
    volume = {6},
    year = {2016},
    doi = {10.3389/fpsyg.2015.02035}
}

@article{RohdeLucas2021,
    author = {Rohde, Hannah and Futrell, Richard and Lucas, Christopher G.},
    journal = {Cognition},
    pages = {104491},
    publisher = {Elsevier B.V},
    title = {What's new? {A} comprehension bias in favor of informativity},
    volume = {209},
    year = {2021},
    doi = {10.1016/j.cognition.2020.104491}
}

@article{RohdeFranke2022,
    author = {Rohde, Hannah and Hoek, Jet and Keshev, Maayan and Franke, Michael},
    journal = {Open {M}ind},
    pages = {118-131},
    publisher = {MIT Press},
    title = {This Better Be Interesting: {A} Speaker’s Decision to Speak Cues Listeners to Expect Informative Content},
    volume = {6},
    year = {2022},
    doi = {10.1162/opmi_a_00058}
}

@article{RubioFernandez2016,
    author = {Rubio-Fernández, Paula},
    journal = {Frontiers in Psychology},
    volume = {7},
    issue = {153},
    title = {How redundant are redundant color adjectives? {A}n efficiency-based analysis of color overspecification},
    year = {2016},
    doi = {10.3389/fpsyg.2016.00153}
}

@article{RyskinBrown‐Schmidt2019,
    author = {Ryskin, Rachel and Kurumada, Chigusa and Brown‐Schmidt, Sarah},
    journal = {Cognitive Science},
    number = {8},
    pages = {e12769},
    publisher = {Wiley},
    title = {Information Integration in Modulation of Pragmatic Inferences During Online Language Comprehension},
    volume = {43},
    year = {2019},
    doi = {10.1111/cogs.12769}
}

@article{SchäferEtAl2021,
    publisher = {Frontiers Media Sa},
    title = {The Role of {UID} for the Usage of Verb Phrase Ellipsis: {Psycholinguistic} Evidence From Length and Context Effects},
    volume = {12},
    year = {2021},
    author = {Schäfer, Lisa and Lemke, Robin and Drenhaus, Heiner and Reich, Ingo},
    address = {Lausanne},
    journal = {Frontiers in {P}sychology},
    language = {eng},
    pages = {661087-661087},
    doi = {10.3389/fpsyg.2021.661087}
}

@article{SchusterDegen2020,
    title = {I know what you're probably going to say: {Listener} adaptation to variable use of uncertainty expressions},
    author = {Schuster, Sebastian and Degen, Judith},
    journal = {Cognition}, 
    volume = {203}, 
    pages = {104285},
    year = {2020},
    doi = {10.1016/j.cognition.2020.104285}
}

@article{Sedivy2003,
    author = {Sedivy, Julie C.},
    journal = {Journal of Psycholinguistic Research},
    pages = {3-23},
    title = {Pragmatic versus form-based accounts of referential contrast: {Evidence} for effects of informativity expectations},
    volume = {32},
    year = {2003},
    doi = {10.1023/A:1021928914454}
}

@article{StevensonKleinman1994,
    author = {Stevenson, Rosemary J. and Crawley, Rosalind A. and Kleinman, David},
    publisher = {HCRC Publications, University of Edinburgh},
    journal = {Language and Cognitive Processes},
    number = {4},
    volume = {9},
    title = {Thematic roles, focus and the representation of events},
    pages = {519-548},
    year = {1994},
    doi = {10.1080/01690969408402130}
}

@article{Taylor1953,
    author = {Taylor, Wilson L.},
    journal = {Journalism Quarterly},
    number = {4},
    pages = {415-433},
    title = {“{C}loze procedure”: {A} new tool for measuring readability},
    volume = {30},
    year = {1953},
    doi = {10.1177/107769905303000401}
}

@article{TroyerKutas2020,
    author = {Troyer, Melissa and Kutas, Marta},
    journal = {Language, Cognition \& Neuroscience},
    number = {5},
    pages = {641-657},
    title = {Harry {P}otter and the {C}hamber of {W}hat?: {T}he impact of what individuals know on word processing during reading},
    volume = {35},
    year = {2020},
    doi = {10.1080/23273798.2018.1503309}
}

@article{VenhuizenBrouwer2019,
    author = {Venhuizen, Noortje J. and Crocker, Matthew W. and Brouwer, Harm},
    journal = {Discourse Processes},
    number = {3},
    pages = {229-255},
    publisher = {Taylor & Francis},
    title = {Expectation-based Comprehension: {Modeling} the Interaction of World Knowledge and Linguistic Experience},
    volume = {56},
    year = {2019},
    doi = {10.1080/0163853X.2018.1448677}
}

@article{WarrenMcConnell2007,
    author = {Warren, Tessa and McConnell, Kerry},
    address = {Austin},
    journal = {Psychonomic Bulletin \& Review},
    number = {4},
    pages = {770-775},
    publisher = {Psychonomic Soc Inc},
    title = {Investigating effects of selectional restriction violations and plausibility violation severity on eye-movements in reading},
    volume = {14},
    year = {2007},
    doi = {10.3758/BF03196835}
}

% 8 Yuen


@article{Anderson1991,
    author = {Anderson, Anne and Miles Bader and Ellen Bard and Elizabeth Boyle and Gwyneth Doherty and Simon Garrod and Stephen Isard and Jacqueline Kowtko and Jan McAllister and Jim Miller and Catherine Sotillo and Henry Thompson and Regina Weinert},
    journal = {Language and Speech},
    volume = {34},
    number = {4},
    pages = {351-366},
    year = {1991},
    title = {The {HCRC} Map Task Corpus},
    doi = {10.1177/002383099103400404}
%    address = {},
%    publisher = {}
}

@inproceedings{Andreeva2020,
    author = {Andreeva, Bistra and Bernd Möbius and James Whang},
    booktitle = {Proceedings in 10th {I}nternational {C}onference on {S}peech {P}rosody},
    pages = {146-150},
    year = {2020},
    title = {Effects of surprisal and boundary strength on phrase-final lengthening},
    doi = {10.21437/SpeechProsody.2020}
%   volume = {},
%   number = {},
%    address = {},
%    publisher = {}
}

@article{Arnon2013,
    author = {Arnon, Inbal and Uriel Cohen-Priva},
    journal = {Language and Speech},
    volume = {56},
    number = {3},
    pages = {349-371},
    year = {2013},
    title = {More than words: {T}he effect of multi-word frequency and constituency on phonetic duration},
    doi = {10.1177/0023830913484891}
%    address = {},
%    publisher = {}
}

@article{Aylett2006,
    author = {Aylett, Matthew and Alice Turk},
    journal = {Journal of the Acoustical Society of America},
    volume = {119},
    number = {5},
    pages = {3048-3058},
    year = {2006},
    title = {Language redundancy predicts syllabic duration and the spectral characteristics of vocalic syllable nuclei},
    doi = {10.1121/1.2188331}
%    address = {},
%    publisher = {}
}

@article{Baker2009,
    author = {Baker, Rachel and Ann Bradlow},
    journal = {Language and Speech},
    volume = {52},
    number = {4},
    pages = {391-413},
    year = {2009},
    title = {Variability in word duration as a function of probability, speech style and prosody},
    doi = {10.1177/0023830909336575}
%    address = {},
%    publisher = {}
}

@article{Bates2015,
    author = {Bates, Douglas and Martin Mächler and Ben Bolker and Steve Walker},
    journal = {Journal of Statistical Software},
    volume = {67},
    number = {},
    pages = {1-48},
    year = {2015},
    title = {{F}itting {L}inear {M}ixed-{E}ffects {M}odels Using lme4},
    doi = {10.18637/jss.v067.i01}
%    address = {},
%    publisher = {}
}

@article{Baroni2009,
    author = {Baroni, Marco and Silvia Bernardini and Adriano Ferraresi and Eros Zanchetta},
    journal = {Language Resources and Evaluation},
    volume = {43},
    number = {3},
    pages = {209-226},
    year = {2009},
    title = {The {W}a{C}ky {W}ide {W}eb: {A} collection of very large linguistically processed web-crawled corpora},
    doi = {10.1007/s10579-009-9081-4}
%    address = {},
%    publisher = {}
}

@article{Brandt2021,
    author = {Brandt, Erika and Bernd Möbius and Bistra Andreeva},
    journal = {Frontiers in Communication},
    volume = {6},
    number = {},
    pages = {},
    year = {2021},
    title = {Dynamic formant trajectories in {G}erman read speech: {I}mpact of predictability and prominence},
    doi = {10.3389/fcomm.2021.643528}
%    address = {},
%    publisher = {}
}

@article{Cohen2017,
    author = {Cohen-Priva, Uriel},
    journal = {Cognition},
    volume = {160},
    number = {},
    pages = {27-34},
    year = {2017},
    title = {Not so fast: {F}ast speech correlates with lower lexical and structural information},
    doi = {10.1016/j.cognition.2016.12.002}
%    address = {},
%    publisher = {}
}

@article{Cooper1985,
    author = {Cooper, William and Stephen Eady and Pamela Mueller},
    journal = {Journal of the Acoustical Society of America},
    volume = {77},
    number = {},
    pages = {2142-2155},
    year = {1985},
    title = {Acoustical aspects of contrastive stress in question-answer contexts},
    doi = {10.1121/1.392372}
%    address = {},
%    publisher = {}
}

@inproceedings{Cruttenden1993,
    author = {Cruttenden, Alan},
    booktitle = {Working Papers},
    volume = {41},
    number = {},
    pages = {16-19},
    year = {1993},
    title = {The de-accenting and re-accenting of repeated lexical items},
    publisher = {Department of Linguistics and Phonetics},
    address = {Lund},
     url = {https://journals.lub.lu.se/LWPL/article/download/17147/15524/}
}

@incollection{Cruttenden2006,
    title = {The de-accenting of given information: {A} cognitive universal?},
    author = {Cruttenden, Alan},
    booktitle = {{P}ragmatic {O}rganization of {D}iscourse in the {L}anguages of {E}urope},
    editor = {Giuliano Bernini and Marcia Schwartz},
    pages = {311-356},
    publisher = {Mouton de Gruyter},
    year = {2006},
    address = {Berlin},
    doi = {10.1515/9783110892222.311}
    %    series = {Trends in Linguistics},
}

@incollection{Eckart2012,
    author = {Eckart, Kerstin and Arndt Riester and Katrin Schweitzer},
    title = {A discourse information radio news database for linguistic analysis.},
    booktitle = {{L}inked data in linguistics: {{R}}epresenting and connecting language data and language metadata},
    pages = {65-75},
    publisher = {Springer-Verlag Berlin},
    editor = {C. Chiarcos and S. Nordhoff and S. Hellmann},
    address = {Heidelberg},
    year = {2012},
    doi = {10.1007/978-3-642-28249-2_7}
}
@article{Fowler1987,
    author = {Fowler, Carol and Jonathan Housum},
    journal = {Journal of Memory and Language},
    volume = {26},
    number = {},
    pages = {489-504},
    year = {1987},
    title = {Talkers’ signalling of “new” and “old” words in speech and listeners’ perception and use of the distinction},
    doi = {10.1016/0749-596X(87)90136-7}
%    address = {},
%    publisher = {}
}

@article{Gahl2008,
    author = {Gahl, Susanne},
    journal = {Language},
    volume = {84},
    number = {3},
    pages = {474-496},
    year = {2008},
    title = {Time and thyme are not homophones: {T}he effect of lemma frequency on word duration in spontaneous speech},
    doi = {10.1353/lan.0.0035}
%    address = {},
%    publisher = {}
}

@article{Hale2016,
    author = {Hale, John},
    journal = {Language and Linguistic Compass},
    volume = {10},
    number = {9},
    pages = {397-412},
    year = {2016},
    title = {Information-theoretical complexity metrics},
    doi = {10.1111/lnc3.12196}
%    address = {},
%    publisher = {}
}

@article{Ibrahim2022,
    author = {Ibrahim, Omnia and Ivan Yuen and Marjolein van Os and Bistra Andreeva and Bernd Möbius},
    journal = {Journal of the Acoustical Society of America},
    volume = {152},
    number = {2},
    pages = {911-920},
    year = {2022},
    title = {The combined effects of contextual predictability and noise on the acoustic realization of {G}erman syllables},
    doi = {10.1121/10.0013413}
%    address = {},
%    publisher = {}
}

@article{Lam2010,
    author = {Lam, Tuan and Duane Watson},
    journal = {Memory and Cognition},
    volume = {38},
    number = {},
    pages = {1137-1146},
    year = {2010},
    title = {Repetition is easy: {W}hy repeated referents have reduced performance},
    doi = {10.3758/MC.38.8.1137}
%    address = {},
%    publisher = {}
}

@article{Malisz2018,
    author = {Malisz, Zofia and Erika Brandt and Bernd Möbius and Mi Oh Yoon and Bistra Andreeva},
    journal = {Frontiers in Communication},
    volume = {3},
    number = {25},
    pages = {},
    year = {2018},
    title = {Dimensions of segmental variability: {I}nteractions of prosody and surprisal in six languages},
    doi = {10.3389/fcomm.2018.00025}
%    address = {},
%    publisher = {}
}

@inproceedings{Mayer1995,
    author = {Mayer, Jörg},
    booktitle = {University of {S}tuggart {T}echnical {R}eport},
    volume = {},
    number = {},
    pages = {},
    year = {1995},
    title = {Transcription of {G}erman intonation: {The} {S}tuggart system},
    publisher = {Institute of {N}atural {L}anguage {P}rocessing},
    url = {www.ims.uni-stuttgart.de/documents/arbeitsgruppen/ehemalig/ep-dogil/STGTsystem.pdf}
%    address = {},
%    publisher = {}
}

@Manual{Mohler2000,
    author = {Möhler, Gregor and Antje Schweitzer and Mark Breitenbücher and Martin Barbisch},
    organization = {University of Stuggart: {I}nstitut für Maschinelle Sprachverarbeitung (IMS)},
    volume = {},
    number = {},
    pages = {},
    year = {2000},
    title = {IMS German Festival (version 1.2-os)}
}

@article{Piantadosi2011,
    author = {Piantadosi, Steven and Harry Tily and Edward Gibson},
    journal = {Proceedings of the National Academy of Sciences},
    volume = {108},
    number = {9},
    pages = {3526-3529},
    year = {2011},
    title = {Word lengths are optimized for efficient communication},
    doi = {10.1073/pnas.1012551108}
%    address = {},
%    publisher = {}
}


@misc{R2022,
    author = {R Core, Team},
    organization = {R Foundation for Statistical Computing, Vienna},
    volume = {},
    number = {},
    pages = {},
    year = {2022},
    title = {R: {A} Language and Environment for Statistical Computing}
%    address = {},
%    publisher = {}
}

@article{Seyfarth2014,
    author = {Seyfarth, Scott},
    journal = {Cognition},
    volume = {133},
    number = {},
    pages = {140-155},
    year = {2014},
    title = {Word informativity influences acoustic duration: {E}ffects of contextual predictability on lexical representation},
    doi = {10.1016/j.cognition.2014.06.013}
%    address = {},
%    publisher = {}
}

@inproceedings{Stolcke2002,
    author = {Stolcke, Andreas},
    booktitle = {Proceedings of Interspeech},
    volume = {2},
    number = {},
    pages = {901-904},
    year = {2002},
    title = {{SRILM} – an extensible language modeling toolkit},
    address = {Denver},
    doi ={10.21437/ICSLP.2002-303}
}

@article{Swerts2002,
    author = {Swerts, Marc and Emiel Krahmer and Cinzia Avesani},
    journal = {Journal of Phonetics},
    volume = {30},
    number = {4},
    pages = {629-654},
    year = {2002},
    title = {Prosodic marking of information status in {D}utch and {I}talian: {A} comparative analysis},
    doi ={10.1006/jpho.2002.0178}
}

@article{Turk1999,
    author = {Turk, Alice and Laurence White},
    journal = {Journal of Phonetics},
    volume = {27},
    number = {2},
    pages = {171-206},
    year = {1999},
    title = {Structural influences on accentual lengthening},
    doi ={10.1006/jpho.1999.0093}
}

@inproceedings{vanSon2003,
    author = {van Son, Rob and Louis Pols},
    booktitle = {Proceedings of the 8th {C}onference on {S}peech {C}ommunication and {T}echnology, {E}urospeech},
    volume = {},
    number = {},
    pages = {},
    year = {2003},
    title = {Information structure and efficiency in speech production},
    doi = {10.21437/Eurospeech.2003-63},
    address = {Geneva}
}

@article{Watson2004,
    author = {Watson, Duane and Edward Gibson},
    journal = {Language and Cognitive Processes},
    volume = {19},
    number = {},
    pages = {713-755},
    year = {2004},
    title = {The relationship between intonational phrasing and syntactic structure in language production},
    doi = {10.1080/01690960444000070}
}

@article{Wightman1992,
    author = {Wightman, Colin and Stefanie Shattuck-Hufnagel and Mari Ostendorf and Patti Price},
    journal = {Journal of the Acoustical Society of America},
    volume = {91},
    number = {3},
    pages = {1707-1717},
    year = {1992},
    title = {Segmental durations in the vicinity of prosodic phrase boundaries},
    doi = {10.1121/1.402450}
}

@article{Witten1991,
    author = {Witten, Ian and Tim Bell},
    journal = {IEEE Transactions on Information Theory},
    volume = {37},
    number = {4},
    pages = {1085-1094},
    year = {1991},
    title = {The zero-frequency problem: {E}stimating the probabilities of novel events in adaptive text compression},
    doi = {10.1109/18.87000}
}

@article{WesterbeekEtAl2015,
    author = {Westerbeek, Hans and Koolen, Ruud and Maes, Alfons},
    title = {Stored object knowledge and the production of referring expressions: {The} case of color typicality},
    volume = {6},
    journal = {Frontiers in Psychology},
    year = {2015},
    doi = {10.3389/fpsyg.2015.00935}
}

@article{YildirimJaeger2016,
    author = {Yildirim, Ilker and Degen, Judith and Tanenhaus, Michael K. and Jaeger, T. Florian},
    journal = {Journal of Memory and Language},
    pages = {128-143},
    publisher = {Elsevier Inc},
    title = {Talker-specificity and adaptation in quantifier interpretation},
    volume = {87},
    year = {2016},
    doi = {10.1016/j.jml.2015.08.003}
}

