@book{langsci-current-book, editor = {Berit Gehrke and Denisa Lenertov√° and Roland Meyer and Daria Seres and Luka Szucsich and Joanna Zaleska}, title = {{Advances in formal Slavic linguistics 2022}}, year = {2025}, series = {Open Slavic Linguistics}, number = {10}, location = {Berlin}, publisher = {Language Science Press}, options = {dataonly=true} } 
