@book{langsci-current-book, editor = {James McElvenny}, title = {{Interviews in the history of linguistics}}, subtitle = {{Volume I}},year = {2022}, series = {History and Philosophy of the Language Sciences}, number = {6}, location = {Berlin}, publisher = {Language Science Press}, options = {dataonly=true} } 
