@BOOK{Hjelmslev1943,
    author = {Hjelmslev, Louis},
    year = {1943},
    title = {Omkring sprogteoriens grundlæggelse},
    address = {København},
    publisher = {Luno},
%    note = {Englisch als \citet{Hjelmslev1961}}
}

@BOOK{Hjelmslev1961,
    author = {Hjelmslev, Louis},
    year = {1961},
    title = {Prolegomena to a theory of language},
    address = {Madison, WI},
    edition = {2},
    publisher = {University of Wisconsin Press}
}
 
@BOOK{Bech1951,
    author = {Bech, Gunnar},
    year = {1951},
    title = {Grundzüge der {Entwicklungsgeschichte} der hochdeutschen {Modalverba}},
    address = {København},
    series = {Historisk-filologiske Meddelelser 32/6},
    publisher = {Munksgaard}
}

@BOOK{Bech1955,
    author = {Bech, Gunnar},
    year = {1955},
    title = {Studien über das deutsche {Verbum} infinitum},
    address = {København},
    series = {Historisk-filologiske Meddelelser 35/2},
    publisher = {Munksgaard}
}

@BOOK{Bech1957,
    author = {Bech, Gunnar},
    year = {1957},
    title = {Studien über das deutsche {Verbum} infinitum, 2},
    address = {København},
   series = {Historisk-filologiske Meddelelser 36/6},
    publisher = {Munksgaard}
}

@ARTICLE{Bach1962,
    author = {Bach, Emmon},
    year = {1955},
    title = {The order of elements in a {Transformational Grammar} of {German}},
    doi = {10.2307/410785},
    journal = {Language},
    volume = {38},
    number = {3},
    pages = {263-269}
}

@BOOK{Bierwisch1963,
    author = {Bierwisch, Manfred},
    year = {1963},
    title = {Grammatik des deutschen {Verbs}},
    address = {Berlin},
    series = {Studia grammatica 2},
    publisher = {Akademie-Verlag}
}

@ARTICLE{Bierwisch1966,
    author = {Bierwisch, Manfred},
    year = {1966},
    title = {Strukturalismus: {Geschichte}, {Methoden}, {Probleme}},
    doi = {10.2307/410785},
    journal = {Kursbuch},
    volume = {5},
    pages = {77-152},
    url = {https://www.leibniz-zas.de/fileadmin/media/Dokumente/Personen/Bierwisch/Bierwisch_Strukturalismus_8MB.pdf}
}

@ARTICLE{Bierwisch1967,
    author = {Bierwisch, Manfred},
    year = {1967},
    title = {Some semantic universals of {German} adjectivals},
    journal = {Foundations of Language},
    volume = {3},
    number = {1},
    url = {https://www.jstor.org/stable/25000255},
    pages = {1-36}
}

@INCOLLECTION{Bierwisch1987,
    author = {Manfred Bierwisch},
    year = {1987},
    title = {Semantik der {Graduierung}},
    booktitle = {Grammatische und konzeptuelle {Aspekte} von {Dimensionsadjektiven}},
    editor = {Manfred Bierwisch and Ewald Lang},
    pages = {91-286},
    address = {Berlin},
    publisher = {Akademie-Verlag},
    series = {Studia grammatica 26/27}
}

@INCOLLECTION{Bierwisch1988,
    author = {Manfred Bierwisch},
    year = {1988},
    title = {On the grammar of local prepositions},
    booktitle = {Syntax, {Semantik} und {Lexikon}},
    editor = {Manfred Bierwisch and Wolfgang Motsch and Ilse Zimmermann},
    pages = {1-65},
    address = {Berlin},
    publisher = {Akademie-Verlag},
    series = {Studia grammatica 29}
}

@ARTICLE{Bierwisch1990,
    author = {Bierwisch, Manfred},
    year = {1990},
    title = {Event nominalizations: {Proposals} and problems},
    journal = {Acta Linguistica Hungarica},
    volume = {40},
    number = {1/2},
    pages = {19-84},
    url = {https://www.jstor.org/stable/44306682}
}

@INCOLLECTION{Bierwisch2009,
    author = {Manfred Bierwisch},
    year = {2009},
    title = {Nominalization -- lexical and syntactic aspects},
    booktitle = {Quantification, definiteness, and nominalization},
    editor = {Anastasia Giannakidou and Monika Rathert},
    pages = {281-319},
    address = {Oxford},
    publisher = {Oxford University Press},
    series = {Oxford studies in theoretical linguistics 24}
}

@BOOK{Chomsky1957,
    author = {Chomsky, Noam},
    year = {1957},
    title = {Syntactic structures},
    address = {s'Gravenhage},
    series = {Janua linguarum: series minor 4},
    doi = {10.1515/9783112316009},
    publisher = {Mouton}
}

@BOOK{Chomsky1965,
    author = {Chomsky, Noam},
    year = {1965},
    title = {Aspects of the theory of syntax},
    address = {Cambridge, MA},
    publisher = {MIT Press}
}

@INCOLLECTION{Chomsky1970,
    author = {Chomsky, Noam},
    year = {1970},
    title = {Remarks on nominalization},
    booktitle = {Readings in {English} {Transformational Grammar}},
    editor = {Jacobs, Roderick A. and Rosenbaum, Peter S.},
    pages = {184-221},
    address = {Waltham, MA},
    publisher = {Ginn}
}

@BOOK{Chomsky1981,
    author = {Chomsky, Noam},
    year = {1981},
    title = {Lectures on {Government and Binding}},
    address = {Dordrecht},
    publisher = {Foris},
    doi = {10.1515/9783110884166},
    series = {Studies in Generative Grammar 9}
}

@BOOK{ChomskyHalle1968,
    author = {Chomsky, Noam and Moris Halle},
    year = {1968},
    title = {The sound patterns of {English}},
    address = {New York, NY},
    publisher = {Harper and Row},
    series = {Studies in language}
}

@MISC{Fourquet1959,
    author = {Fourquet, Jean},
    year = {1959},
    title = {La construction de la phrase allemande},
    address = {Paris},
    note = {Mimeographiert}
}

@INCOLLECTION{Goede1987,
    author = {Goede, Karin},
    year = {1987},
    title = {Spracherwerb und {Quantitätsurteile}},
    booktitle = {Grammatische und konzeptuelle {Aspekte} von {Dimensionsadjektiven}},
    editor = {Manfred Bierwisch and Ewald Lang},
    pages = {575-600},
    address = {Berlin},
    series = {Studia grammatica 26/27},
    publisher = {Akademie-Verlag}
}

@INCOLLECTION{Jakobson1932,
    author = {Jakobson, Roman},
    year = {1932},
    title = {Zur {Struktur} des russischen {Verbums}},
    booktitle = {Charisteria. {Guilelemo} {Mathesio} quinquagenario. A discipulis et Circuli Linguistici {Pragiensis} sodalibus oblata},
    pages = {74-84},
    address = {Prag},
    doi = {10.1515/9783110873269.3},
    publisher = {Cercle Linguistique de Prague. Reprinted in: \textit{Selected writings} II, 1971. The Hague, Paris: Mouton, 3--15}
}

@ARTICLE{Jakobson1936,
    author = {Jakobson, Roman},
    year = {1936},
    title = {Beitrag zur allgemeinen {Kasuslehre}: {Gesamtbedeutungen} der russischen {Kasus}},
    journal = {Travaux du Cercle Linguistique de Prague},
    volume = {6},
    pages = {240-288}
}

@BOOK{Jakobson1941,
    author = {Jakobson, Roman},
    year = {1941},
    title = {Kindersprache, {Aphasie} und allgemeine {Lautgesetze}},
    address = {Uppsala},
    publisher = {Almqvist \& Wiksell},
    series = {Språkvetenskapliga Sällskapets i Uppsala förhandlinger}
}

@INCOLLECTION{Lang1987,
    author = {Lang, Ewald},
    year = {1987},
    title = {Semantik der {Dimensionsauszeichnung} räumlicher {Objekte}},
    booktitle = {Grammatische und konzeptuelle {Aspekte} von {Dimensionsadjektiven}},
    editor = {Manfred Bierwisch and Ewald Lang},
    pages = {287-458},
    address = {Berlin},
    series = {Studia grammatica 26/27},
    publisher = {Akademie-Verlag}
}

@ARTICLE{Szabolcsi1983,
    author = {Szabolcsi, Anna},
    year = {1983},
    title = {The possessor that ran away from home},
    journal = {The Linguistic Review},
    volume = {3},
    number = {1},
    pages = {89-102},
    doi = {10.1515/tlir.1983.3.1.89}
}

@INCOLLECTION{Zimmermann1987,
    author = {Zimmermann, Ilse},
    year = {1987},
    title = {Zur {Syntax} von {Komparativkonstruktionen}},
    booktitle = {Grammatische und konzeptuelle {Aspekte} von {Dimensionsadjektiven}},
    editor = {Manfred Bierwisch and Ewald Lang},
    pages = {29-90},
    address = {Berlin},
    series = {Studia grammatica 26/27},
    publisher = {Akademie-Verlag}
}

@INCOLLECTION{Zimmermann1988,
    author = {Zimmermann, Ilse},
    year = {1988},
    title = {Die substantivische {Verwendung} von {Adjektiven} und {Partizipien}},
    booktitle = {Syntax, {Semantik} und {Lexikon}},
    editor = {Manfred Bierwisch and Wolfgang Motsch and Ilse Zimmermann},
    pages = {279-307},
    address = {Berlin},
    publisher = {Akademie-Verlag},
    series = {Studia grammatica 29}
}

@INCOLLECTION{Zimmermann1991a,
    author = {Zimmermann, Ilse},
    year = {1991},
    title = {Die {Syntax} der {Substantivgruppe}: {Weiterentwicklungen} der {X-bar-Theorie}},
    booktitle = {Syntax und {Semantik} der {Substantivgruppe}},
    editor = {Ilse Zimmermann},
    pages = {1-32},
    address = {Berlin},
    publisher = {Akademie-Verlag},
    series = {Studia grammatica 33}
}

@INCOLLECTION{Zimmermann1991b,
    author = {Zimmermann, Ilse},
    year = {1991},
    title = {The ``subject'' in noun phrases},
    booktitle = {Syntax und {Semantik} der {Substantivgruppe}},
    editor = {Ilse Zimmermann},
    pages = {33-68},
    address = {Berlin},
    publisher = {Akademie-Verlag},
    series = {Studia grammatica 33}
}

@BOOK{BierwischLang1987,
    author = {},
    editor = {Manfred Bierwisch and Lang, Ewald},
    year = {1987},
    title = {Grammatische und konzeptuelle {Aspekte} von {Dimensionsadjektiven}},
    address = {Berlin},
    publisher = {Akademie-Verlag},
    series = {Studia grammatica 26/27}
}

@BOOK{BierwischLang1963,
    author = {Manfred Bierwisch},
    year = {1963},
    title = {Grammatik des deutschen {Verbs}},
    address = {Berlin},
    publisher = {Akademie-Verlag},
    series = {Studia grammatica 2}
}

@BOOK{Motsch1964,
    author = {Motsch, Wolfgang},
    year = {1964},
    title = {Syntax des deutschen {Adjektivs}},
    address = {Berlin},
    publisher = {Akademie-Verlag},
    series = {Studia grammatica 3}
}

@ARTICLE{Zimmermann1967,
    author = {Zimmermann, Ilse},
    year = {1967},
    title = {Der {Parallelismus} verbaler und substantivischer {Konstruktionen} in der russischen {Sprache} der {Gegenwart}},
    journal = {Zeitschrift für Slawistik},
    volume = {12},
    doi = {10.1524/slaw.1967.12.1.746},
    number = {5},
    pages = {744-755}
}