% Encoding: UTF-8

@InCollection{Grosjean2001,
  author    = {Grosjean, François},
  title     = {{T}he bilingual's language modes},
  booktitle = {{O}ne Mind, Two Languages: {B}ilingual Language Processing.},
  publisher = {Routledge},
  year      = {2001},
  editor    = {Nicol, Janet},
  pages     = {1-22},
}


@Article{ForkerSubmitteda,
  author  = {Forker, Diana},
  title   = {Code-switching in the {C}aucasus},
  journal = {International Journal of Bilingualism},
  year    = {Accepted},
}

@Article{ForkerLTSanzhi,
  author  = {Forker, Diana},
  title   = {Spatial deixis and insubordination in {S}anzhi},
  journal = {Linguistic Typology},
  year    = {Accepted},
}

@Book{Forker.Gadzhimuradov2017,
  title   = {{S}anzhinskie skazki i rasskazy.},
  year    = {2017},
  author  = {Forker, Diana and Gadzhimuradov, Gadzhimurad},
  address = {Makhachkala},
}

@Book{Kibrik1996,
  title     = {{G}odoberi},
  publisher = {Lincom Europa},
  year      = {1996},
  author    = {Kibrik, Alexandr E.},
  address   = {Munich},
}

@Book{Korjakov2006,
  title     = {{A}tlas kavkazskix jazykov [{A}n atlas of the {C}aucasian languages]},
  publisher = {RAN},
  year      = {2006},
  author    = {Korjakov, Jury},
  address   = {Moscow},
}

@Book{Abdullaev1954,
  title     = {{G}rammatika darginskogo jazyka: {F}onetika i morfologija [{A} grammar of {D}argi: Phonetics and morphology]},
  publisher = {DFAN SSSR, Institut istorii, jazyka i literatury},
  year      = {1954},
  author    = {Abdullaev, Said},
  address   = {Makhachkala},
}

@Book{Grenoble2003,
  title     = {{L}anguage policy in the {S}oviet {U}nion},
  publisher = {Kluwer},
  year      = {2003},
  author    = {Grenoble, Leonore},
  address   = {Dordrecht},
}

@Book{Magomedov1999,
  title     = {{D}argincy v dagestanskom istoričeskom processe. [The {D}argi people in the historical process of {D}aghestan]},
  publisher = {Dag. Knižn. Iz.},
  year      = {1999},
  author    = {Magomedov, Rasul M.},
  volume    = {1},
  address   = {Makhachkala},
}

@Book{Uslar1892,
  title   = {{È}tnografia {K}avkaza, vol. 5: {X}jurkilinskij dialekt [The ethnography of the {C}aucasus, vol. 5: The {X}jurkili dialect]},
  year    = {1892},
  author  = {Uslar, Peter K.},
  volume  = {5},
  address = {Tiflis},
}

@Book{Gasanova1971,
  title     = {{O}čerki darginskoj dialektologii [Essays on {D}argic dialectology]},
  publisher = {DFAN SSSR, Institut istorii, jazyka i literatury},
  year      = {1971},
  author    = {Gasanova, Saida Magomedovna},
  address   = {Makhachkala},
}

@InCollection{Museav2002,
  author    = {Musaev, Magomed-Said M.},
  title     = {{D}arginskij jazyk [The {D}argi language]},
  booktitle = {Gosudarstvennye i titul’nye jazyki Rossii},
  publisher = {Academia},
  year      = {2002},
  editor    = {Neroznak, Vladimir Petrovich},
  pages     = {83-95},
  address   = {Moscow},
}

@Article{Korjakov.Sumbatova2007,
  author  = {Korjakov, Jury and Sumbatova, Nina},
  title   = {{D}arginskie jazyki [{D}argi languages]},
  journal = {Bol’šaja rossijskaja ènciklopedija},
  year    = {2007},
  volume  = {8},
}

@Book{Gigineishvili1977,
  title     = {{S}ravnitel’naja fonetika dagestanskix jazykov [{C}omparative phonetics of the {D}aghestanian languages]},
  publisher = {Tbilisi University Press},
  year      = {1977},
  author    = {Gigineishvili, B. K.},
  address   = {Tbilisi},
}

@Book{Haspelmath1993,
  title     = {{A} grammar of {L}ezgian},
  publisher = {Mouton de Gruyter},
  year      = {1993},
  author    = {Haspelmath, Martin},
  address   = {Berlin},
}

@Article{vandenBerg2005,
  author  = {{van den Berg}, Helma},
  title   = {The {E}ast {C}aucasian language family},
  journal = {Lingua},
  year    = {2005},
  number  = {115},
  pages   = {147-190},
}

@InCollection{Sumbatova2009,
  author    = {Sumbatova, Nina},
  title     = {{C}onstituent questions and argument-focus constructions: some data from the {N}orth-{C}aucasian languages},
  booktitle = {{F}orm and function in language research. {P}apers in honour of {C}hristian {L}ehmann},
  publisher = {Mouton de Gruyter},
  year      = {2009},
  editor    = {Helmbrecht, Johannes},
  pages     = {313-328},
  address   = {Berlin},
}

@InCollection{Forker.Belyaev2016,
  author    = {Forker, Diana and Belyaev, Oleg},
  title     = {{W}ord order and focus particles in {N}akh-{D}aghestanian languages},
  booktitle = {Information Structuring of Spoken Language from a Cross-linguistic Perspective},
  publisher = {De Gruyter Mouton},
  year      = {2016},
  editor    = {Fernandez-Vest, M. M. Jocelyne and {Van Valin}, Robert},
  pages     = {239-262},
  address   = {Berlin},
}

@InCollection{Kalinina.Sumbatova2007,
  author    = {Kalinina, Elena and Sumbatova, Nina},
  title     = {{C}lause structure and verbal forms in {N}akh-{D}aghestanian},
  booktitle = {Finiteness: Theoretical and empirical foundations},
  publisher = {Oxford University Press},
  year      = {2007},
  editor    = {Nikolaeva, Irina},
  pages     = {183-249},
  address   = {Oxford},
}

@Article{Ganenkov2010,
  author  = {Ganenkov, Dmitry},
  title   = {Topological relations in {D}aghestanian languages},
  journal = {Linguistics},
  year    = {2010},
  volume  = {48},
  number  = {5},
  pages   = {1011-1041},
}

@InCollection{Serdobolskaya2009,
  author    = {Serdobolskaya, Natalia},
  title     = {{T}owards the typology of raising: {A} functional approach},
  booktitle = {{N}ew Challenges in Typology: {T}ranscending the Borders and Refining the Distinctions},
  publisher = {Mouton de Gruyter},
  year      = {2009},
  editor    = {Epps, Patience and Arkhipov, Alexandre},
  pages     = {269-294},
  address   = {Berlin},
}

@Misc{Serdobolskaya2010,
  author    = {Serdobolskaya, Natalia},
  title     = {Backward control in connection with the principles of the binding theory (based on the data of {Q}unqi {D}argwa). Paper presented at the conference {S}yntax of the {W}orld's languages {IV}},
  year      = {2010},
  address   = {Lyon},
}

@Article{Magometov1983,
  author  = {Magometov, Aleksandr Amarovich},
  title   = {{K} istorii izučenija dialektov darginskogo jazyka [On the history of the study of {D}argic dialects].},
  journal = {Annual of Ibero-Caucasian linguistics},
  year    = {1983},
  volume  = {10},
  pages   = {273-293},
}

@Book{Temirbulatova2005,
  title     = {{X}ajdakskij dialect darginskogo jazyka},
  publisher = {IJaLI DNC RAN},
  year      = {2005},
  author    = {Temirbulatova, Sapijakhanum M.},
  address   = {Makhachkala},
}

@Book{Abdullaev1950,
  title     = {{U}rus mezla-dargan mezla slovar’ (Russko-darginskij slovar’) [{R}ussian-{D}argi dictionary]},
  publisher = {DFAN SSSR, Institut istorii, jazyka i literatury},
  year      = {1950},
  author    = {Abdullaev, Said},
  address   = {Makhachkala},
}

@Book{Gasanova1961,
  title     = {{G}lagol v darginskom jazyke [The verb in {D}argi]},
  publisher = {DFAN SSSR, Institut istorii, jazyka i literatury},
  year      = {1961},
  author    = {Gasanova, Saida Magomedovna},
  address   = {Makhachkala},
}

@Book{Abdullaev1961,
  title     = {{K}ategorija padeža v darginskom jazyke [{T}he category of case in {D}argi]},
  publisher = {DFAN SSSR, Institut istorii, jazyka i literatury},
  year      = {1961},
  author    = {Abdullaev, Zapir G.},
  address   = {Makhachkala},
}

@Book{Abdullaev1969,
  title     = {{S}ub“ektnoe-obъektnye i predikativnye kategorii v darginskom jazyke [{S}ubject-object and predicative categories in {D}argi].},
  publisher = {DagUčPedgIz},
  year      = {1969},
  author    = {Abdullaev, Zapir G.},
  address   = {Makhachkala},
}

@Book{Abdullaev1971,
  title     = {{O}čerki po sintaksis darginskogo jazyka [{E}ssays on the syntax of {D}argi].},
  publisher = {Nauka},
  year      = {1971},
  author    = {Abdullaev, Zapir G.},
  address   = {Moscow},
}

@Book{Abdullaev1986,
  title     = {{P}roblemy èrgativnosti darginskogo jazyka [{P}roblems of ergativity in {D}argi].},
  publisher = {Nauka},
  year      = {1986},
  author    = {Abdullaev, Zapir G.},
  address   = {Moscow},
}

@Book{Abdullaev1993,
  title     = {{D}arginskij jazyk, 3 vol. I Fonetika, II Morfologija, III Slovoobrazovanie [{T}he {D}argi language, 3 vol., I Phonetics, II Morphology, III Word formation]},
  publisher = {Nauka},
  year      = {1993},
  author    = {Abdullaev, Zapir G.},
  address   = {Moscow},
}

@InCollection{Musaev1975,
  author    = {Musaev, Magomed-Said M.},
  title     = {{Č}iragskij dialect darginskogo jazyka [The {C}hirag dialect of {D}argi]},
  booktitle = {Voprosi russkogo i dagestanskogo jazykoznanija},
  year      = {1975},
  pages     = {144-161},
  address   = {Makhachkala},
}

@Book{Musaev1978,
  title     = {{L}eksika darginskogo jazyka [The {D}argi lexicon]},
  publisher = {DGU},
  year      = {1978},
  author    = {Musaev, Magomed-Said M.},
  address   = {Makhachkala},
}

@Book{Musaev1980a,
  title   = {{S}istema glagol’nogo slovoizmenenija darginskogo jazyka [{T}he system of the verbal inflection].},
  year    = {1980},
  author  = {Musaev, Magomed-Said M.},
  address = {Makhachkala},
}

@Book{Musaev1980b,
  title   = {{P}adežnij sostav darginskogo jazyka [The case inventory of {D}argi]},
  year    = {1980},
  author  = {Musaev, Magomed-Said M.},
  address = {Makhachkala},
}

@Book{Musaev1983,
  title     = {{S}lovoizmenitel’nye naklonenija darginskogo jazyka (vremja i naklonenie) [{V}erbal inflection in {D}argi (tense and mood)]},
  publisher = {DGU},
  year      = {1983},
  author    = {Musaev, Magomed-Said M.},
  address   = {Makhachkala},
}

@Book{Musaev1984,
  title     = {{P}adeznyj sostav darginskogo jazyka: (istorija mestnych padezej)},
  publisher = {Dagucpedgiz},
  year      = {1984},
  author    = {Musaev, Magomed-Said M.},
}

@Book{Kadibagomedov1998,
  title     = {{S}ixinskij dialect darginskogo jazyka. (fonetičeskaja sistema) [The {S}ixi dialect of {D}argi (The phonetic system)].},
  publisher = {DC RAN},
  year      = {1998},
  author    = {Kadibagomedov, Amirbek A.},
  address   = {Makhachkala},
}

@Book{Magometov1963,
  title     = {{K}ubačinskij jazyk [The {K}ubachi language]},
  publisher = {Izd. AN Gruz SSR},
  year      = {1963},
  author    = {Magometov, Aleksandr Amarovich},
  address   = {Tbilisi},
}

@Book{Jusupov2005,
  title     = {{R}ussko-darginskij slovar’ [{R}ussian-{D}argi dictionary]},
  publisher = {Jupiter},
  year      = {2005},
  author    = {Jusupov, Khizri A.},
  address   = {Makhachkala},
}

@Book{Jusupov2009,
  title   = {{R}ussko-darginskij školnyj slovar’ [{A} {R}ussian-{D}argi school dictionary]},
  year    = {2009},
  author  = {Jusupov, Khizri A.},
  address = {Makhachkala},
}

@Book{Mutalov1992,
  title     = {{I}carinskij dialekt darginskogo jazyka [The {I}cari dialect of the {D}argi language]},
  publisher = {DSU},
  year      = {1992},
  author    = {Mutalov, Rasul},
  address   = {Makhachkala},
}

@Book{Mutalov2002,
  title     = {{G}lagol darginskogo jazyka [The verb in the {D}argi language]},
  publisher = {DSU},
  year      = {2002},
  author    = {Mutalov, Rasul},
  address   = {Makhachkala},
}

@InCollection{Mutalov2018,
  author    = {Mutalov, Rasul},
  title     = {{T}he tense / aspect system of {S}tandard {D}argwa},
  booktitle = {{T}he semantics of verbal categories in {N}akh-{D}aghestanian languages: {T}ense, aspect, evidentiality, mood and modality},
  publisher = {Brill},
  year      = {2018},
  editor    = {Forker, Diana and Maisak, Timur},
  pages     = {49-79},
  address   = {Leiden, Boston},
}

@Article{vandenBerg1999,
  author  = {{van den Berg}, Helma},
  title   = {{G}ender and person agreement in {A}kusha {D}argi},
  journal = {Folia Linguistica},
  year    = {1999},
  number  = {33},
  pages   = {153-168},
}

@Book{Sumbatova.Mutalov2003,
  title     = {{A} grammar of {I}cari {D}argi},
  publisher = {Lincom Europa},
  year      = {2003},
  author    = {Sumbatova, Nina and Mutalov, Rasul},
  address   = {Munich},
}

@Book{Sumbatova.Lander2014,
  title     = {Darginskij Govor Seleniya {T}anty: Grammatičeskij Očerk, Voprosy Sintaksisa},
  publisher = {Jazyku Slavyanskoy Kultury},
  year      = {2014},
  author    = {Sumbatova, Nina and Lander, Yury},
  address   = {Moscow},
}

@Article{Sumbatova2010,
  author  = {Sumbatova, Nina},
  title   = {Svjazki v darginskom jazyke: oppozicii i treblenie},
  journal = {Voprosy jazykoznanija},
  year    = {2010},
  volume  = {5},
  pages   = {44-62},
}

@InCollection{Sumbatova2011,
  author    = {Sumbatova, Nina},
  title     = {{P}erson hierarchies and the problem of person marker origin in {D}argwa: {F}acts and diachronic problems},
  booktitle = {{T}ense, aspect, modality and finiteness in {E}ast {C}aucasian languages},
  publisher = {Brockmeyer},
  year      = {2011},
  editor    = {Authier, Gilles and Maisak, Timur},
  pages     = {131-160},
  address   = {Bochum},
}

@PhdThesis{Sumbatova2013,
  author = {Sumbatova, Nina},
  title  = {{T}ipologi{\v{c}}eskoe i diaxroni{\v{c}}eskoe issledovanie morfosintaksisa: (na primere jazykov darginskoj gruppy)},
  school = {RGGU},
  year   = {2013},
}

@InCollection{Lander2008,
  author    = {Lander, Yury},
  title     = {{N}estandartnoe množestvennoe čislo v tantinskom darginskom [{N}on-standard plural in {T}anty {D}argi]},
  booktitle = {Kavkazskiejazyki: genetičeskie, tipologičeskie i areal’nye svjazi},
  publisher = {IJaLI DNC RAN},
  year      = {2008},
  editor    = {Magomedov, M. I.},
  pages     = {241-245},
  address   = {Makhachkala},
}

@Article{Lander2010,
  author  = {Lander, Yury},
  title   = {{O} raznyx morfologijax: tantynskie darginskie lokativnye formy [{O}n different morphologies: {T}anti {D}argi locative forms]},
  journal = {Bjulleten’ Obšč’estva vostokovedov},
  year    = {2010},
}

@Article{Forker2016a,
  author  = {Forker, Diana},
  title   = {{F}loating agreement and information structure: The case of {S}anzhi},
  journal = {Studies in Language},
  year    = {2016},
  volume  = {40},
  pages   = {1-25},
}

@Article{Forker2014,
  author  = {Forker, Diana},
  title   = {{A}re there subject anaphors?},
  journal = {Linguistic Typology},
  year    = {2014},
  volume  = {18},
  pages   = {51-81},
}

@Book{Schilling1949,
  title     = {{K}ubačincy i ix kul’tura [The {K}ubachi people and their culture]},
  publisher = {Iz. AN SSSR},
  year      = {1949},
  author    = {Schilling, E. M.},
  address   = {Moscow, Leningrad},
}

@Book{Gadzieva.etal1967,
  title     = {{M}aterial’naja kul’tura dargincev [{T}he material culture of the {D}argi]},
  publisher = {DFAN SSSR Institut istorii, jazyka i literatury},
  year      = {1967},
  author    = {Gadžieva, O. Š. and Osmanova,M.O. and Pašaeva, A. G.},
  address   = {Makhachkala},
}

@Misc{Nichols2007,
  author       = {Nichols, Johanna},
  title        = {{H}ead gender/source gender in {N}akh-{D}aghestanian: {S}ynchrony and typology. {P}aper presented at the {C}onference on the languages of the {C}aucasus},
  year         = {2007},
  organization = {MPI EVA Leipzig},
}

@InCollection{Schulze2003,
  author    = {Schulze, Wolfgang},
  title     = {{T}he Diachrony of Demonstrative Pronouns in {E}ast {C}aucasian},
  booktitle = {{C}urrent Trends in {C}aucasian, {E}ast {E}uropean, and {}Inner {A}sian Linguistics: {P}apers in honor of {H}oward {I}. {A}ronson},
  publisher = {Benjamins},
  year      = {2003},
  editor    = {Holisky, {Dee Ann} and Tuite, Kevin},
  pages     = {291-348},
  address   = {Amsterdam},
}

@Article{SanRoqueEtAl2012,
  author  = {San Roque, Lila and Gawne, Lauren and Hoenigman, Darja and Miller, Julia C. and Rumsey, Alan and Spronck, Stef and Carroll, Alice and Evans, Nicholas},
  title   = {{G}etting the story straight: {L}anguage fieldwork using a narrative problem-solving task},
  journal = {Language documentation and conservation},
  year    = {2012},
  number  = {6},
  pages   = {135-174},
}

@Book{vandenBerg2001,
  title     = {{D}argi folktales: oral stories from the {C}aucasus and an introduction to {D}argi grammar},
  publisher = {Research School of Asian, African and Amerindian Studies (CNWS), Universiteit Leiden},
  year      = {2001},
  author    = {{van den Berg}, Helma},
  address   = {Leiden},
}

@Book{Abdullaev2014,
  title     = {{S}ovremenij darginskij jazyk},
  publisher = {IJaLi DNC RAN},
  year      = {2014},
  author    = {Zapir G. Abdullaev and A.A. Abdulsalamov and M.-S.M. Musaev and S.M. Temirbulatova},
  address   = {Makhachkala},
}

@Article{Forker2016b,
  author  = {Forker, Diana},
  title   = {{T}owards a typology for additive markers},
  journal = {Lingua},
  year    = {2016},
  volume  = {180},
  pages   = {69-100},
}

@Article{Tatevosov2001,
  author  = {Tatevosov, Sergei},
  title   = {{F}rom resultatives to evidentials: {M}ultiple uses of the perfect in {N}akh-{D}aghestanian languages},
  journal = {Journal of Pragmatics},
  year    = {2001},
  volume  = {33},
  pages   = {443-464},
}

@Article{Lander2014,
  author  = {Lander, Yury},
  title   = {{M}odifier incorporation in {D}argwa nominals},
  journal = {Working Papers in Linguistics. Higher School of Economics},
  year    = {2014},
}

@Book{Forker2013a,
  title     = {{A} grammar of {H}inuq},
  publisher = {De Gruyter Mouton},
  year      = {2013},
  author    = {Forker, Diana},
  address   = {Berlin},
  isbn      = {9783110303766},
}

@Misc{Daniel2015,
  author    = {Daniel, Michael},
  title     = {{P}erson in {A}rchi revisited, with parallels from {D}argwa and {N}akh. Paper presented at the conference {L}anguages in {D}aghestan},
  year      = {2015},
  address   = {Chicago},
}

@InCollection{Tatevosov2005,
  author    = {Tatevosov, Sergei},
  title     = {{F}rom habituals to futures},
  booktitle = {{P}erspectives on aspect},
  publisher = {Springer},
  year      = {2005},
  editor    = {Henk Verkuyl and {de Swart}, Henriette and {van Hout}, Angeliek},
  pages     = {181-197},
  address   = {Dordrecht},
}

@Article{Haspelmath1998,
  author  = {Haspelmath, Martin},
  title   = {{T}he semantic development of old presents: {N}ew futures and subjunctives without grammaticalization},
  journal = {Diachronica},
  year    = {1998},
  volume  = {15},
  pages   = {29--62},
}

@Article{vandenBerg2003,
  author  = {{van den Berg}, Helma},
  title   = {{S}patial prefixes in {D}argi ({E}ast {C}aucasian)},
  journal = {Acta Linguistics Hungarica},
  year    = {2003},
  volume  = {50},
  number  = {1-2},
  pages   = {201-225},
}

@Article{Tatevosov2000,
  author  = {Maisak, Timur and Tatevosov, Sergei},
  title   = {{P}rostranstvo govoryaschego v kategoriyah grammatiki, ili chego nelzya skazat’ o sebe samom [{T}he space of the speaker in grammar categories, or what cannot be said about oneself]},
  journal = {Voprosy Yazykoznaniya},
  year    = {2000},
  volume  = {5},
  pages   = {68-80},
}

@InCollection{Nichols2003,
  author    = {Nichols, Johanna},
  title     = {{D}iversity and stability in language},
  booktitle = {The Handbook of Historical Linguistics},
  publisher = {Blackwell},
  year      = {2003},
  editor    = {Joseph, Brian D. and Janda, Richard D.},
  pages     = {283-310},
  address   = {Oxford},
}

@InCollection{Ganenkov2007,
  author    = {Ganenkov, Dmitry},
  title     = {{G}lagoly peremeščenija v vode: južnoslavjanskie jazyki},
  booktitle = {Glagoly dviženija v vode: leksičeskaja tipologija},
  publisher = {Indrik},
  year      = {2007},
  editor    = {Maisak, Timur and Rakhilina, Ekaterina},
  pages     = {286-305},
  address   = {Moscow},
}

@Misc{Lander2016,
  author       = {Lander, Yury},
  title        = {Looking for a hierarchical structure in Tanti Dargwa NPs},
  howpublished = {Presentation at the Workshop on Nakh-Daghestanian languages, University of Bamberg. April 15-16, 2016},
  year         = {2016},
}

@Misc{Kustova2015,
  author       = {Kustova, Marina},
  title        = {{G}eneral converbs in {M}ehweb},
  howpublished = {{H}igher School of {E}conomics {R}esearch {P}aper No. {WP} {BRP} 29/{LNG}/2015},
  year         = {2015},
}

@InCollection{Evans2007,
  author    = {Evans, Nicholas},
  title     = {{I}nsubordination and its uses},
  booktitle = {{F}initeness: {T}heoretical and Empirical Foundations},
  publisher = {Oxford University Press},
  year      = {2007},
  editor    = {Nikolaeva, Irina},
  pages     = {366-431},
  address   = {Oxford},
}

@InCollection{KustovaMS,
  author    = {Kustova, Marina},
  title     = {{G}eneral converbs in {M}ehweb},
  booktitle = {{M}ehweb: {S}elected essays on phonology, morphology and syntax},
  publisher = {Language Science Press},
  year      = {In Press},
  editor    = {Daniel, Michael, Dmitry Ganenkov, and Nina Dobrushina},
  pages     = {184-195},
  address   = {Berlin},
}

@InCollection{Comrie.Forker.Khalilova2012,
  author    = {Comrie, Bernard and Forker, Diana and Khalilova, Zaira},
  title     = {{A}dverbial clauses in the {T}sezic languages},
  booktitle = {{C}lause-combining in cross-linguistic perspective},
  publisher = {de Gruyter},
  year      = {2012},
  editor    = {Diessel, Holger and Gast, Volker},
  address   = {Berlin},
}

@InCollection{Belyaev2012,
  author    = {Belyaev, Oleg},
  title     = {{A}spektual’no-temporala’naja sistema aštynskogo darginskogo [{T}ense and aspect in {A}shti {D}argwa]},
  booktitle = {{I}ssledovanija po teorii grammatiki. Vol. 6. Tipologija aspektual’niyx sistem i kategorij ({A}cta {L}inguistica {P}etropolitana. {V}ol. VIII)},
  publisher = {Nauka},
  year      = {2012},
  editor    = {Plungian, Vladimir},
  pages     = {181-227},
  address   = {St. Petersburg},
}

@Misc{Belyaev2010,
  author    = {Belyaev, Oleg},
  title     = {{C}oordination and subordination in {D}argi languages ({I}cari, {Q}unqi and {A}shti). Paper presented at the conference {S}yntax of the {W}orld's languages {IV}},
  year      = {2010},
  address   = {Lyon},
}

@InCollection{Kazenin.Testelets2004,
  author    = {Kazenin, Konstantin and Testelets, Yakov G.},
  title     = {{W}here coordination meets subordination: {C}onverb constructions in {T}sakhur ({D}aghestanian)},
  booktitle = {{C}oordinating {C}onstructions},
  publisher = {Benjamins},
  year      = {2004},
  editor    = {Haspelmath, Martin},
  pages     = {227--240},
  address   = {Amsterdam},
}

@InCollection{Haspelmath1995,
  author    = {Haspelmath, Martin},
  title     = {{T}he converb as a cross-linguistically valid category},
  booktitle = {{C}onverbs in cross-linguistic perspective},
  publisher = {Mouton de Gruyter},
  year      = {1995},
  editor    = {Haspelmath, Martin and König, Ekkehard},
  pages     = {1--55},
  address   = {Berlin},
}

@Article{Forker2013b,
  author  = {Forker, Diana},
  title   = {{M}icrotypology and the {T}sezic languages: {A} case study of syntactic properties of converbal clauses},
  journal = {SKY Journal of Linguistics},
  year    = {2013},
  volume  = {26},
  pages   = {21-40},
}

@InCollection{Creissels2010,
  author    = {Creissels, Denis},
  title     = {{S}pecialized converbs and adverbial subordination in {A}xaxdərə {A}khvakh},
  booktitle = {{C}lause linking and clause hierarchy: {S}yntax and pragmatics},
  publisher = {Benjamins},
  year      = {2010},
  editor    = {Bril, Isabelle},
  address   = {Amsterdam},
}

@InCollection{Bickel2010,
  author    = {Bickel, Balthasar},
  title     = {{C}apturing particulars and universals in clause linkage: {A} multivariate analysis},
  booktitle = {{C}lause linking and clause hierarchy: {S}yntax and pragmatics},
  publisher = {Benjamins},
  year      = {2010},
  editor    = {Bril, Isabelle},
  pages     = {51--101},
  address   = {Amsterdam},
}

@InCollection{Langacker1969,
  author    = {Langacker, Ronald},
  title     = {{P}ronominalization and the chain of command},
  booktitle = {{M}odern studies in {E}nglish: {R}eadings in {T}ransformational {G}rammar},
  publisher = {Prentice Hall},
  year      = {1969},
  editor    = {Reibel, David and Schane, Sanford},
  pages     = {160--200},
  address   = {Englewood Cliffs NJ},
}

@PhdThesis{Reinhart1976,
  author = {Reinhart, Tanya},
  title  = {The Syntactic Domain of Anaphora},
  school = {MIT},
  year   = {1976},
}

@Article{Mithun2008,
  author  = {Mithun, Marianne},
  title   = {{E}xtension of Dependency Beyond the Sentence},
  journal = {Language},
  year    = {2008},
  volume  = {81},
  pages   = {69-119},
}

@Article{Helmbrecht1996,
  author  = {Helmbrecht, Johannes},
  title   = {{T}he syntax of personal agreement in {E}ast {C}aucasian languages},
  journal = {Sprachtypologie und Universalienforschung},
  year    = {1996},
  volume  = {49},
  pages   = {127--148},
}

@Unpublished{Schulze2007,
  author  = {Schulze, Wolfgang},
  title   = {{T}he {L}ak {L}anguage},
  year    = {2007},
  address = {Munich},
}

@InCollection{Chumakina.Kibort.Corbett2007,
  author    = {Chumakina, Marina and Kibort, Anna and Corbett, Greville G.},
  title     = {{D}etermining a language's feature inventory: person in {A}rchi},
  booktitle = {Endangered Languages. [Linguistische Berichte, Sonderheft 14]},
  publisher = {Helmut Buske},
  year      = {2007},
  editor    = {Austin, Peter K. and Simpson, Andrew},
  pages     = {143-172},
  address   = {Hamburg},
}

@Book{Corbett2012,
  title     = {{F}eatures},
  publisher = {Cambridge Universty Press},
  year      = {2012},
  author    = {Corbett, Greville G.},
  address   = {Cambridge},
  isbn      = {1107661080},
  keywords  = {Ling{\"u}{\'i}stica;Gram{\'a}tica comparada y general;Grammar, Comparative and general},
}

@Misc{Polinsky.etal2009,
  author    = {Gagliardi, Anne and Lidz, Jeff and Polinsky, Maria},
  title     = {{T}he acquisition of noun classes in {T}sez. Paper presented at the conference {BUCLD} 34},
  year      = {2009},
}

@InCollection{Belyaev2016,
  author    = {Belyaev, Oleg},
  title     = {{E}rgative gender agreement in {D}argwa “backward control” or feature sharing?},
  booktitle = {{P}roceedings of the {J}oint 2016 Conference on {H}ead-driven {P}hrase {S}tructure {G}rammar and {L}exical {F}unctional {G}rammar, {P}olish {A}cademy of {S}ciences, {W}arsaw, {P}oland},
  publisher = {CSLI},
  year      = {2016},
  editor    = {Doug Arnold and Miriam Butt and Berthold Crysmann and Tracy Holloway King and Stefan Müller},
  pages     = {83-103},
  address   = {Stanford},
}

@InCollection{Belyaev2017a,
  author    = {Belyaev, Oleg},
  title     = {{I}nformation Structure Conditions on the Agreement Controller in {D}argwa},
  booktitle = {{P}roceedings of the {LFG}’17 Conference, {U}niversity of {K}onstanz},
  publisher = {CSLI},
  year      = {2017},
  editor    = {Butt, Miriam and Tracy Holloway King},
  pages     = {66-82},
  address   = {Stanford},
}

@Article{Belyaev2017b,
  author  = {Belyaev, Oleg},
  title   = {{S}oglasovanie svjazki po klassu v kubačinskom i aštynskom darginskom kak raznovidnost’ proksimativno-obviativnoj sistemy [{C}opula gender agreement in {K}ubachi and {A}shti {D}argwa as a proximate-obviative system]},
  journal = {Linguistica Petropolitana},
  year    = {2017},
  volume  = {13},
  number  = {1},
  pages   = {508-535},
}

@Article{Forker2012a,
  author  = {Forker, Diana},
  title   = {{T}he {B}i-absolutive construction in {N}akh-{D}aghestanian},
  journal = {Folia Linguistica},
  year    = {2012},
  volume  = {46},
  pages   = {75-108},
}

@Article{Gagliardietal.2014,
  author  = {Gagliardi, Annie and Goncalves, Michael and Polinsky, Maria and Radkevich, Nina},
  title   = {{T}he biabsolutive construction in {L}ak and {T}sez},
  journal = {Lingua},
  year    = {2014},
  volume  = {150},
  pages   = {137-179},
}

@InCollection{Kazenin1998,
  author    = {Kazenin, Konstantin},
  title     = {{O}n patient demontion in {L}ak},
  booktitle = {Typology of verbal categories},
  publisher = {Niemeyer},
  year      = {1998},
  editor    = {Kulikov, Leonid and Vater, Heinz},
  pages     = {95-115},
  address   = {Tübingen},
}

@InCollection{Kazenin.Testelec1999,
  author    = {Kazenin, Konstantin and Testelets, Yakov G.},
  title     = {{P}orjadok slov i struktura sostavljajuschix [{W}ord order and constituent structure]},
  booktitle = {{E}lementy tsaxurskogo yazyka v tipologicheskom osveschenii [{S}tudies in {T}sakhur: a typological perspective]},
  publisher = {Nasledie},
  year      = {1999},
  editor    = {Kibrik, Alexandr E.},
  pages     = {293-346},
  address   = {Moscow},
}

@InCollection{Kazenin2001,
  author    = {Kazenin, Konstantin},
  title     = {{U}men’šenie perexodnosti: {B}inominativnaja konstrukcija},
  booktitle = {Bagvalinskij jazyk},
  publisher = {Nasledie},
  year      = {2001},
  editor    = {Kibrik, Alexandr E.},
  pages     = {394-399},
  address   = {Moscow},
}

@Article{Polinsky.Potsdam2002,
  author  = {Polinsky, Maria and Eric Potsdam},
  title   = {{B}ackward {C}ontrol},
  journal = {Linguistic Inquiry},
  year    = {2002},
  volume  = {33},
  pages   = {245-282},
}

@Article{Polinsky.Potsdam2006,
  author  = {Polinsky, Maria and Eric Potsdam},
  title   = {{E}xpanding the scope of control and raising},
  journal = {Syntax},
  year    = {2006},
  volume  = {9},
  number  = {2},
  pages   = {171--192},
}

@InCollection{Bickel2011,
  author    = {Bickel, Balthasar},
  title     = {{M}ultivariate typology and field linguistics: {A} case study on detransitivization in {K}iranti ({S}ino-{T}ibetan)},
  booktitle = {{P}roceedings of {C}onference on {L}anguage {D}ocumentation and {L}inguistic {T}heory 3},
  publisher = {SOAS},
  year      = {2011},
  editor    = {Austin, Peter K. and Bond, Oliver and Nathan, David and Marten, Lutz},
  pages     = {3--13},
  address   = {London},
}

@InCollection{Bickel2015,
  author    = {Bickel, Balthasar},
  title     = {{D}istributional {T}ypology: {S}tatistical inquiries into the dynamics of linguistic diversity},
  booktitle = {{O}xford handbook of linguistic analysis, 2nd edition},
  publisher = {Oxford University Press},
  year      = {2015},
  editor    = {Heine, Bernd and Narrog, Heiko},
  pages     = {901--923},
  address   = {Oxford},
}

@InCollection{Belyaev2013,
  author    = {Belyaev, Oleg},
  title     = {{O}ptimal agreement at m-structure: {P}erson in {D}argwa},
  booktitle = {{P}roceedings of the {LFG}13 {C}onference},
  publisher = {CSLI},
  year      = {2013},
  editor    = {Butt, Miriam and King, Tracy Holloway},
  pages     = {90-110},
  address   = {Stanford},
}

@Article{Hengeveld1989,
  author  = {Hengeveld, Kees},
  title   = {{L}ayers and {O}perators in {F}unctional {G}rammar},
  journal = {Journal of Linguistics},
  year    = {1989},
  volume  = {25},
  pages   = {127--157},
}

@Book{Dik1997,
  title     = {{T}he theory of functional grammar. {P}art 2: {C}omplex and derived constructions},
  publisher = {Mouton de Gruyter},
  year      = {1997},
  author    = {Dik, Simon. C.},
  editor    = {Hengeveld, Kees},
  volume    = {21},
  address   = {Berlin},
  isbn      = {3110218372},
  keywords  = {Functionalism (Linguistics);LANGUAGE ARTS {and} DISCIPLINES / Grammar {and} Punctuation;LANGUAGE ARTS {and} DISCIPLINES / Linguistics / Syntax},
}

@InCollection{Dixon2006,
  author    = {Dixon, R. M. W.},
  title     = {{C}omplement clauses and complementation strategies in typological perspective},
  booktitle = {{C}omplementation},
  publisher = {Oxford University Press},
  year      = {2006},
  editor    = {Dixon, R. M. W. and Aikhenvald, Alexandra Y.},
  pages     = {1--48},
  address   = {Oxford},
}

@InCollection{ForkerSubmittedb,
  author    = {Forker, Diana},
  title     = {{R}eported speech constructions in {S}anzhi {D}argwa and their extension to other areas of grammar},
  booktitle = {{T}he syntax of pragmatics: {A}ddressing, adding, signaling},
  publisher = {Benjamins},
  year      = {Accepted},
  editor    = {Noel Aziz, Patrizia and Sonnenhauser, Barbara},
  address   = {Amsterdam},
}

@Article{Polinsky.Potsdam2001,
  author  = {Polinsky, Maria and Eric Potsdam},
  title   = {{L}ong-distance agreement and topic in {T}sez},
  journal = {Natural Language and Linguistic Theory},
  year    = {2001},
  volume  = {19},
  pages   = {583--646},
}

@InCollection{Polinsky2003,
  author    = {Polinsky, Maria and Comrie, Bernard},
  title     = {{C}onstraints on reflexivization in {T}sez},
  booktitle = {{C}urrent trends in {C}aucasian, {E}ast {E}uropean and {I}nner {A}sian linguistics},
  publisher = {Benjamins},
  year      = {2003},
  editor    = {Holisky, Dee Ann and Tuite, Kevin},
  pages     = {265--289},
  address   = {Amsterdam},
}

@InCollection{Testelec1998a,
  author    = {Testelets, Yakov G.},
  title     = {{W}ord order in {D}aghestanian languages},
  booktitle = {{C}onstituent order in the languages of {E}urope},
  publisher = {Mouton de Gruyter},
  year      = {1998},
  editor    = {Siewierska, Anna},
  pages     = {257--280},
  address   = {Berlin},
}

@InCollection{Creissels2013,
  author    = {Creissels, Denis},
  title     = {{F}loating genitives and possessive framing in {N}orthern {A}khvakh},
  booktitle = {{T}he genitive},
  publisher = {Benjamins},
  year      = {2013},
  editor    = {Anne Carlier and Jean-Christophe Verstraete},
  pages     = {333--354},
  address   = {Amsterdam},
  isbn      = {9789027228154},
}

@Article{Shibatani1994,
  author   = {Shibatani, Masayoshi},
  title    = {{A}n integrational approach to possessor raising, ethical datives and adversative passives},
  journal  = {Proceedings of the 20th Annual Meeting of the Berkeley Linguistics Society},
  year     = {1994},
  pages    = {461--486},
  keywords = {diathesis;grammatical relations},
}

@Article{Serzhant2016,
  author  = {Seržant, Ilja A.},
  title   = {{E}xternal possession and constructions that may have it},
  journal = {STUF},
  year    = {2016},
  volume  = {69},
  pages   = {131-169},
}

@InCollection{Komen2014,
  author    = {Komen, Erwin R.},
  title     = {{C}hechen extraposition as an information ordering strategy},
  booktitle = {{I}nformation structure and reference tracking in complex sentences},
  publisher = {Benjamins},
  year      = {2014},
  editor    = {{van Gijn}, Rik and Hammond, Jeremy and Matić, Dejan and {van Putten}, Saskia and Galucio, Ana Vilacy},
  pages     = {99--126},
  address   = {Amsterdam},
}

@InCollection{Diketal1981,
  author    = {Dik, Simon C. and Hoffmann, Maria E. and Jong, Jan R. de and Sie, Ing Dijang and Stroomer, Harry J. and Vries, Lourens de},
  title     = {{O}n the typology of focus phenomena},
  booktitle = {{P}erspectives on functional grammar},
  publisher = {Foris},
  year      = {1981},
  editor    = {Teun Hoekstra and Harry van der Hulst and Michael Moortgat},
  pages     = {41--74},
  address   = {Dordrecht},
  isbn      = {90-70176-27-0},
}

@InCollection{Vallduvi.Vilkuna1998,
  author    = {Vallduv{\'i}, Enric and Vilkuna, Maria},
  title     = {{O}n rheme and kontrast},
  booktitle = {{S}yntax and semantics},
  publisher = {Academic Press},
  year      = {1998},
  editor    = {Culicover, Peter W. and McNally, Louise},
  pages     = {79--106},
  address   = {New York},
  isbn      = {0126135290},
}

@InCollection{Neeleman.etal2009,
  author    = {Neeleman, Ad and Titov, Elena and {van den Koot}, Hans and Vermeulen, Reiko},
  title     = {{A} syntactic typology of topic, focus and contrast},
  booktitle = {{A}lternatives to cartography},
  publisher = {de Gruyter},
  year      = {2009},
  editor    = {{van Craenenbroeck}, Jeroen},
  volume    = {100},
  pages     = {15--51},
  address   = {Berlin},
  isbn      = {978-3-11-020603-6},
}

@Article{Malchukov2004,
  author  = {Malchukov, Andrej L.},
  title   = {{T}owards a semantic typology of adversative and contrast marking},
  journal = {Journal of Semantics},
  year    = {2004},
  volume  = {21},
  pages   = {177--198},
  urldate = {11/27/2014},
}

@Article{Izutsu2008,
  author  = {Izutsu, Mitsuko Narita},
  title   = {{C}ontrast, concessive, and corrective: {T}oward a comprehensive study of opposition relations},
  journal = {Journal of Pragmatics},
  year    = {2008},
  volume  = {40},
  pages   = {646--675},
  issn    = {0378-2166},
  doi     = {\url{10.1016/j.pragma.2007.07.001}},
  urldate = {11/27/2014},
}

@Article{Repp2010,
  author  = {Repp, Sophie},
  title   = {{D}efining `contrast' as an information-structural notion in grammar},
  journal = {Lingua},
  year    = {2010},
  volume  = {120},
  pages   = {1333--1345},
  doi     = {\url{10.1016/j.lingua.2009.04.006}},
  urldate = {11/27/2014},
}

@InCollection{Testelec1998b,
  author    = {Testelets, Yakov G.},
  title     = {{W}ord order in {K}artvelian languages},
  booktitle = {{C}onstituent order in the languages of {E}urope},
  publisher = {Mouton de Gruyter},
  year      = {1998},
  editor    = {Siewierska, Anna},
  pages     = {235--256},
  address   = {Berlin},
}

@InCollection{Testelets.1998c,
  author    = {Testelets, Yakov G.},
  title     = {{W}ord order variation in some {S}{O}{V} languages of {E}urope},
  booktitle = {{C}onstituent order in the languages of {E}urope},
  publisher = {Mouton de Gruyter},
  year      = {1998},
  editor    = {Siewierska, Anna},
  pages     = {649--679},
  address   = {Berlin},
}

@InCollection{Harris2001,
  author    = {Harris, Alice C.},
  title     = {{F}ocus and universal principles governing simplification of cleft structures},
  booktitle = {{G}rammatical relations in change},
  publisher = {Benjamins},
  year      = {2001},
  editor    = {Faarlund, Jan Terje},
  pages     = {159--170},
  address   = {Amsterdam},
  isbn      = {9789027298041},
}

@Book{Harris2002,
  title     = {{E}ndoclitics and the origins of {U}di morphosyntax},
  publisher = {Oxford University Press},
  year      = {2002},
  author    = {Harris, Alice C.},
  address   = {Oxford},
  keywords  = {Phonology;word;Nakh-Daghestanian languages},
}

@Article{Kazenin2002,
  author  = {Kazenin, Konstantin},
  title   = {{F}ocus in {D}aghestanian word order typology},
  journal = {Linguistic Typology},
  year    = {2002},
  volume  = {6},
  pages   = {289--316},
}

@InCollection{Xajdakov1986,
  author    = {Xajdakov, Said M.},
  title     = {{L}ogi{\v{c}}eskoe udarenie i {\v{c}}lenenie predlo{\v{z}}enij (dagestanskie dannye)},
  booktitle = {{A}ktual'nye problemy dagestansko-naxskogo jazykoznanija},
  publisher = {Dagestaiskij filial akademii nauk SSSR},
  year      = {1986},
  editor    = {Klimov, Georgij A.},
  address   = {Makhachkala},
}

@Article{Lambrecht2001,
  author  = {Lambrecht, Knud},
  title   = {{A} framework for the analysis of cleft constructions},
  journal = {Linguistics},
  year    = {2001},
  volume  = {39},
  pages   = {463--516},
  urldate = {11/27/2014},
}

@Misc{Maisak2010,
  author    = {Maisak, Timur},
  title     = {{P}redicate topicalization in {E}ast {C}aucasian languages. Paper presented at the conference {S}yntax of the {W}orld's languages {IV}},
  year      = {2010},
  address   = {Lyon},
}

@Article{ForkerSubmittedc,
  author  = {Forker, Diana},
  title   = {{M}ore than just a modal particle: The enclitic =q'al in {S}anzhi {D}argwa},
  journal = {{F}unctions of Language},
  year    = {Accepted},
}

@Article{Matras1998,
  author  = {Matras, Yaron},
  title   = {{U}tterance modifiers and universals of grammatical borrowing},
  journal = {Linguistics},
  year    = {1998},
  volume  = {36},
  pages   = {281--331},
}

@InCollection{vandenBerg2004,
  author    = {{van den Berg}, Helma},
  title     = {{C}oordinating constructions in {D}aghestanian},
  booktitle = {{C}oordinating constructions},
  publisher = {Benjamins},
  year      = {2004},
  editor    = {Haspelmath, Martin},
  pages     = {197-226},
  address   = {Amsterdam},
}

@Article{Forker2013c,
  author  = {Forker, Diana},
  title   = {{I}nterrogative particles in {N}akh-{D}aghestanian languages},
  journal = {Rice Working Papers in Linguistics},
  year    = {2013},
  pages   = {1-17},
}

@Article{Uegaki2018,
  author  = {Uegaki, Wataru},
  title   = {{A} unified semantics for the {J}apanese {Q}-particle ka in indefinites, questions and disjunctions},
  journal = {Glossa: a journal of general linguistics},
  year    = {2018},
  volume  = {3},
  number  = {1},
  pages   = {1--45},
}

@Book{Slade2011,
  title   = {{F}ormal and philological inquiries into the nature of interrogatives, indefinites, disjunction, and focus in {S}inhala and other languages: {D}octoral {D}issertaion},
  year    = {2011},
  author  = {Slade, Benjamin Martin},
  address = {Urbana and Illinois},
}

@Book{Holmberg2015,
  title     = {{T}he syntax of yes and no},
  publisher = {Oxford University Press},
  year      = {2015},
  author    = {Holmberg, Anders},
  address   = {Oxford},
}

@Article{Dixon2008,
  author  = {Dixon, R. M. W.},
  title   = {{C}omparative constructions},
  journal = {Studies in Language},
  year    = {2008},
  volume  = {32},
  number  = {4},
  pages   = {787--817},
}

@Article{König.Gast2006,
  author  = {König, Ekkehard and Gast, Volker},
  title   = {{F}ocused assertion of identity: {A} typology of intensifiers},
  journal = {Linguistic Typology},
  year    = {2006},
  volume  = {10},
  pages   = {223--276},
  doi     = {\url{10.1515/LINGTY.2006.008}},
  urldate = {11/27/2014},
}

@Misc{Daniel.Lander2010,
  author    = {Daniel, Michael and Lander, Yury},
  title     = {{A} girl of word, meat of a ram, and a life of longing. {O}n peculiar cases of relativization in {E}ast {C}aucasian {L}anguages. Paper presented at the conference {S}yntax of the {W}orld's languages {IV}},
  year      = {2010},
  address   = {Lyon},
}

@InCollection{Daniel.Lander2008,
  author    = {Daniel, Michael and Lander, Yury},
  title     = {O nekotoryx osobennostjax otnositel’noj konstrukcii v dagestanskix jazykax. [{O}n some peculiarities of the relative clause construction in {D}aghestanian languages]},
  booktitle = {Kavkazskie jazyki:genetičeskie, tipologičeskie i areal’nye svjazi},
  year      = {2008},
  editor    = {Magomedov, Magomed I.},
  address   = {Makhachkala},
}

@InCollection{Comrie.Forker.KhalilovaInPressb,
  author    = {Comrie, Bernard and Forker, Diana and Khalilova, Zaira},
  title     = {{A}ffective constructions in {T}sezic languages},
  booktitle = {Non-canonically case-marked subjects within and across languages and language families: The Reykjavík-Eyjafjallajökull papers},
  publisher = {Benjamins},
  year      = {In Press},
  editor    = {Barðdal, Jóhanna and Carey, Stephen Mark and Eythórsson, Thórhallur and Pat-El, Na'ama},
  address   = {Amsterdam},
}

@Book{Pustet2005,
  title     = {{C}opulas: {U}niversals in the categorization of the lexicon},
  publisher = {Oxford University Press},
  year      = {2005},
  author    = {Pustet, Regina},
  address   = {Oxford},
  isbn      = {9780199258505},
  keywords  = {Classifiers (Linguistics);Lexical grammar;Semantics, Comparative;Grammar, Comparative and general;Parts of speech;Semantics;Kopula;Semantisches Merkmal;Sprachliche Universalien},
}

@Book{Dixon2010,
  title     = {{B}asic linguistic theory {V}ol. 2: {G}rammatical topics},
  publisher = {Oxford University Press},
  year      = {2010},
  author    = {Dixon, R. M. W.},
  address   = {Oxford},
}

@InProceedings{Curnow2000,
  author    = {Curnow, Timothy J.},
  title     = {{T}owards a cross-linguistic typology of copula constructions},
  booktitle = {{P}roceedings of the 1999 conference of the {A}ustralian {L}inguistic {S}ociety},
  year      = {2000},
  editor    = {Henderson, John},
}

@InProceedings{Bickel.etal2015,
  author    = {Bickel, Balthasar and Witzlack-Makarevich, Alena and Choudhary, Kamal Kumar and Schlesewsky, Matthias and Bornkessel-Schlesewsky, Ina and Smith, Kenny},
  title     = {{T}he Neurophysiology of Language Processing Shapes the Evolution of Grammar: {E}vidence from Case Marking},
  booktitle = {PloS one},
  year      = {2015},
}

@InCollection{Forker2019,
  author    = {Forker, Diana},
  title     = {{G}rammatical relations in {S}anzhi {D}argwa},
  booktitle = {Handbook of grammatical relations},
  publisher = {Benjamins},
  year      = {2019},
  editor    = {Bickel, Balthasar and Witzlack-Makarevich, Alena},
  address   = {Amsterdam},
}

@Article{Nichols1980,
  author  = {Nichols, Johanna},
  title   = {{C}ontrol and ergativity in {C}hechen},
  journal = {Chicago Linguistic Society},
  year    = {1980},
  volume  = {16},
  pages   = {259--268},
}

@Article{Crisp1983,
  author  = {Crisp, Simon},
  title   = {{S}ubject marking in some languages of {D}aghestan},
  journal = {Paper in Linguistics},
  year    = {1983},
  volume  = {16},
  pages   = {203--216},
}

@Article{Comrie.etal2011,
  author  = {Comrie, Bernard and Forker, Diana and Khalilova, Zaira},
  title   = {{A}lignment typology, reflexives, and reciprocals in {T}sezic languages},
  journal = {Proceedings of the 37th Annual Meeting of the Berkeley Linguistics Society},
  year    = {2011},
  volume  = {37},
  pages   = {32--51},
}

@Article{Kibrik1997,
  author  = {Kibrik, Aleksandr E.},
  title   = {{B}eyond subject and object: towards a comprehensive relational typology},
  journal = {Linguistic Typology},
  year    = {1997},
  volume  = {1},
  pages   = {279--346},
}

@Book{Kibrik2003,
  title     = {{K}onstanty i peremennye jazyka [{C}onstants and variables of language]},
  publisher = {Aletheia},
  year      = {2003},
  author    = {Kibrik, Aleksandr E.},
  address   = {St. Petersburg},
}

@InCollection{Kibrik1985,
  author    = {Kibrik, Alexandr E.},
  title     = {{T}oward a typology of ergativity},
  booktitle = {{G}rammar inside and outside the clause},
  publisher = {Cambridge University Press},
  year      = {1985},
  editor    = {Nichols, Johanna and Woodbury, Anthony},
  pages     = {268–324},
  address   = {Cambridge},
}

@Book{Foley.vanValin1984,
  title     = {{F}unctional syntax and universal grammar},
  publisher = {Cambridge University Press},
  year      = {1984},
  author    = {Foley, William A. and {van Valin}, Robert D.},
  address   = {Cambridge},
}

@Book{Dixon1994,
  title     = {{E}rgativity},
  publisher = {Cambridge University Press},
  year      = {1994},
  author    = {Dixon, R. M. W.},
  address   = {Cambridge},
}

@InCollection{Comrie.vandenBerg2006,
  author    = {Comrie, Bernard and {van den Berg}, Helma},
  title     = {{E}xperiencer constructions in {D}aghestanian languages},
  booktitle = {{S}emantic role universals and argument linking: theoretical, typological and psycholinguistic perspectives},
  publisher = {Mouton de Gruyter},
  year      = {2006},
  editor    = {Bornkessel, Ina and Schlesewsky, Matthias and Comrie, Bernard and Friederici, Angela D.},
  pages     = {127--154},
  address   = {Berlin},
}

@InCollection{Ganenkov2006,
  author    = {Ganenkov, Dmitry},
  title     = {{E}xperiencer coding in {N}akh-{D}aghestanian},
  booktitle = {{C}ase, {V}alency and {T}ransitivity},
  publisher = {Benjamins},
  year      = {2006},
  editor    = {Kulikov, Leonid and Malchukov, Andrej and {de Swart}, Peter},
  volume    = {77},
  series    = {Studies in Language Companion Series},
  pages     = {179--202},
  address   = {Amsterdam},
}

@Book{Khalilova2009,
  title     = {{A} grammar of {K}hwarshi},
  publisher = {LOT},
  year      = {2009},
  author    = {Khalilova, Zaira},
  address   = {Utrecht},
}

@InCollection{Ganenkov2013,
  author    = {Ganenkov, Dmitry},
  title     = {{D}iachrony of experiencer subject marking},
  booktitle = {{T}he diachronic typology of non-canonical subjects},
  publisher = {Benjamins},
  year      = {2013},
  editor    = {Ser{\v{z}}ant, Ilja A. and Kulikov, Leonid},
  pages     = {231--256},
  address   = {Amsterdam},
  isbn      = {9789027271303},
}

@InCollection{Polinsky2005,
  author    = {Polinsky, Maria},
  title     = {{A}ntipassive constructions},
  booktitle = {{T}he world atlas of language structures},
  publisher = {Oxford University Press},
  year      = {2005},
  editor    = {Haspelmath, Martin and Dryer, Matthew S. and Gil, David and Comrie, Bernard},
  pages     = {438--441},
  address   = {Oxford},
}

@Unpublished{vandenBerg2003b,
  author  = {{van den Berg}, Helma},
  title   = {{A}ntipassive constructions in {N}akh-{D}aghestanian languages},
  year    = {2003},
  address = {Leipzig},
}

@Article{Tatevosov2011,
  author  = {Tatevosov, Sergei},
  title   = {{D}etelicization and argument suppression: {E}vidence from {G}odoberi},
  journal = {Linguistics},
  year    = {2011},
  volume  = {49},
  pages   = {135--174},
  doi     = {\url{10.1515/LING.2011.004}},
  urldate = {11/3/2014},
}

@InCollection{ComrieEtAlXXXX,
  author    = {Comrie, Bernard and Forker, Diana and Khalilova, Zaira},
  title     = {{A}ntipassives in {N}akh-{D}aghestanian Languages: {E}xploring the Margins of a Construction},
  booktitle = {The multifaceted aspects of Antipassive},
  publisher = {Benjamins},
  year      = {Forthcoming},
  editor    = {Janic, Katarzyna and Witzlack-Makarevich, Alena and Creissels, Denis},
  address   = {Amsterdam},
}

@InCollection{Kulikov2011,
  author    = {Kulikov, Leonid},
  title     = {{V}oice typology},
  booktitle = {{T}he {O}xford Handbook of {L}inguistic {T}ypology},
  publisher = {Oxford University Press},
  year      = {2011},
}

@Article{Shaxbanov2009,
  author  = {Šaxbanov, Marko},
  title   = {{P}erepis’ 2010 i nacional’nyj vopros v {D}agestane [{T}he 2010 census and the national question in {D}aghestan]},
  journal = {Novoe delo},
  year    = {2009},
  volume  = {33},
  pages   = {24-25},
}

@InCollection{Forker2012b,
  author    = {Forker, Diana},
  title     = {{S}patial relations in {H}inuq and {B}ezhta},
  booktitle = {{S}pace and time across languages, disciplines, and cultures},
  publisher = {Benjamins},
  year      = {2012},
  editor    = {Filipovi{\'c}, Luna and Jaszczolt, Kasia M.},
  pages     = {15--34},
  address   = {Amsterdam},
}

@InCollection{Creissels2012,
  author    = {Creissels, Denis},
  title     = {{E}xternal agreement in the converbal construction of {N}orthern {A}khvakh},
  booktitle = {Clause Linkage in Cross-linguistic Perspective},
  publisher = {Mouton de Gruyter},
  year      = {2012},
  editor    = {Diessel, Holger and Gast, Volker},
}

@InCollection{Chumakina2014,
  author    = {Chumakina, Marina},
  title     = {{S}emantičeskoe soglasovanie v arčinskom jazyke},
  booktitle = {Jazyk. Konstanty. Peremennye},
  publisher = {Aleteja},
  year      = {2014},
  editor    = {Daniel, Michael and Plungian, Vladimir A. and Ljutikova, Ekatarina A.},
  pages     = {454-470},
  address   = {Sankt-Petersburg},
}

@InCollection{Forker2016c,
  author    = {Forker, Diana},
  title     = {{C}omplementizers in {H}inuq},
  booktitle = {{S}emantic functions of complementizers in {E}uropean languages},
  publisher = {de Gruyter},
  year      = {2016},
  editor    = {Boye, Kasper and Kehayov, Petar},
  address   = {Berlin},
}

@Article{Komen2007,
  author  = {Komen, Erwin R.},
  title   = {The Chechen vowel inventory},
  journal = {Leiden Papers in Linguistics},
  year    = {2007},
  volume  = {4},
  pages   = {33-60},
}

@Comment{jabref-meta: databaseType:bibtex;}

