% Encoding: UTF-8

@InCollection{Grosjean2001,
  author    = {Grosjean, François},
  title     = {{{T}}he bilingual's language modes},
  booktitle = {{{O}}ne Mind, Two Languages: {{B}}ilingual Language Processing.},
  publisher = {Routledge},
  year      = {2001},
  editor    = {Nicol, Janet},
  pages     = {1--22},
  address   = {London},
}


@Article{ForkerSubmitteda,
  author  = {Forker, Diana},
  title   = {{{S}}anzhi–{{R}}ussian code switching and the {{M}}atrix {{L}}anguage {{F}}rame model},
  journal = {International Journal of Bilingualism},
  year    = {2018},
  volume  = {23},
  pages   = {1448--1468}
}

@Article{ForkerLTSanzhi,
  author  = {Forker, Diana},
  title   = {{{E}}levation as a category of grammar: {{S}}anzhi {{D}}argwa and beyond},
  journal = {Linguistic Typology},
  year    = {2019},
  volume  = {23},
  pages   = {59--106},
}

@Book{Forker.Gadzhimuradov2017,
  title   = {{{S}}anžinskie skazki i rasskazy \emph{[{{S}}anzhi tales and narratives]}},
  year    = {2017},
  author  = {Forker, Diana and Gadzhimuradov, Gadzhimurad},
  address = {Makhachkala},
}

@Book{Kibrik1996,
  title     = {{{G}}odoberi},
  publisher = {Lincom},
  year      = {1996},
  author    = {Kibrik, Aleksandr E.},
  address   = {Munich},
}

@Book{Korjakov2006,
  title     = {{{A}}tlas kavkazskix jazykov \emph{[{{A}}n atlas of the {{C}}aucasian languages]}},
  publisher = {RAN},
  year      = {2006},
  author    = {Koryakov, Yuri},
  address   = {Moscow},
}

@Book{Abdullaev1954,
  title     = {{{G}}rammatika darginskogo jazyka: {{F}}onetika i morfologija \emph{[{{A}} grammar of {{D}}argwa: {{P}}honetics and morphology]}},
  publisher = {DFAN SSSR, Institut istorii, jazyka i literatury},
  year      = {1954},
  author    = {Abdullaev, Said},
  address   = {Makhachkala},
}

@Book{Grenoble2003,
  title     = {{{L}}anguage policy in the {{S}}oviet {{U}}nion},
  publisher = {Kluwer},
  year      = {2003},
  author    = {Grenoble, Leonore},
  address   = {Dordrecht},
}

@Book{Magomedov1999,
  title     = {{{D}}argincy v dagestanskom istoričeskom processe. \emph{[{{T}}he {{D}}argwa people in the historical process of {{D}}agestan]}},
  publisher = {Dag. Knižn. Iz.},
  year      = {1999},
  author    = {Magomedov, Rasul M.},
  address   = {Makhachkala},
}

@Book{Uslar1892,
  title   = {{È}tnografia {{K}}avkaza, vol. 5: {{X}}jurkilinskij dialekt \emph{[{{T}}he ethnography of the {{C}}aucasus, vol. 5: {{T}}he {{K}}hjurkili dialect]}},
  year    = {1892},
  author  = {Uslar, Peter K.},
  address = {Tiflis},
}

@Book{Gasanova1971,
  title     = {{{O}}čerki darginskoj dialektologii \emph{[{{E}}ssays on {{D}}argwa dialectology]}},
  publisher = {DFAN SSSR, Institut istorii, jazyka i literatury},
  year      = {1971},
  author    = {Gasanova, Saida M.},
  address   = {Makhachkala},
}

@InCollection{Museav2002,
  author    = {Musaev, Magomed-Said M.},
  title     = {{{D}}arginskij jazyk [{{T}}he {{D}}argwa language]},
  booktitle = {Gosudarstvennye i titul’nye jazyki Rossii \emph{[State and titular languages of Russia]}},
  publisher = {Academia},
  year      = {2002},
  editor    = {Neroznak, Vladimir P.},
  pages     = {83--95},
  address   = {Moscow},
}

@Article{Korjakov.Sumbatova2007,
  author  = {Koryakov, Yuri and Sumbatova, Nina},
  title   = {{{D}}arginskie jazyki [{{D}}argwa languages]},
  journal = {Bol’šaja rossijskaja ènciklopedija},
  year    = {2007},
  volume  = {8},
}

@Book{Gigineishvili1977,
  title     = {{{S}}ravnitel’naja fonetika dagestanskix jazykov \emph{[{{C}}omparative phonetics of the {{D}}aghestanian languages]}},
  publisher = {Tbilisi University Press},
  year      = {1977},
  author    = {Gigineishvili, B. K.},
  address   = {Tbilisi},
}

@Book{Haspelmath1993,
  title     = {{{A}} grammar of {{L}}ezgian},
  publisher = {de Gruyter},
  year      = {1993},
  author    = {Haspelmath, Martin},
  address   = {Berlin},
}

@Book{Wixman1980,
  title     = {{{L}}anguage aspects of ethnic patterns and processes in the {{N}}orth {{C}}aucasus},
  publisher = {Department of Geography, University of Chicago},
  year      = {1980},
  author    = {Wixman, Ronald},
  address   = {Chicago},
}


@Article{vandenBerg2005,
  author  = {{van den Berg}, Helma},
  title   = {The {{E}}ast {{C}}aucasian language family},
  journal = {Lingua},
  year    = {2005},
  volume  = {115},
  pages   = {147--190},
}

@InCollection{Sumbatova2009,
  author    = {Sumbatova, Nina},
  title     = {{{C}}onstituent questions and argument-focus constructions: {{S}}ome data from the {{N}}orth-{{C}}aucasian languages},
  booktitle = {{{F}}orm and function in language research. {{P}}apers in honour of {{C}}hristian {{L}}ehmann},
  publisher = {de Gruyter},
  year      = {2009},
  editor    = {Helmbrecht, Johannes},
  pages     = {313--328},
  address   = {Berlin},
}

@InCollection{Sumbatova2014,
  author    = {Sumbatova, Nina},
  title     = {{{V}} poiskax podležaščego: {{K}}ontrol' klassnogo soglasovanija i priznaki grammatičeskogo prioriteta v darginskom jazyke [{{I}}n search of the subject: {{C}}ontrol of class agreement and grammatical indications for priority in {{D}}argwa]},
  booktitle = {Jazyk. {{K}}onstanty. {{P}}eremennye. \emph{[{{L}}anguages. {{C}}onstants. {{V}}ariables.]}},
  publisher = {Aleteja},
  year      = {2014},
  editor    = {Daniel, Michael and Plungian, Vladimir and Lyutikova, Ekatarina A.},
  pages     = {499--517},
  address   = {St. Petersburg},
}

@Article{Sumbatova2017,
  author  = {Sumbatova, Nina},
  title   = {{{P}}redikaty i ix absoljutivnye argumenty v tantynskom dialekte darginskogo jazyka [{{P}}redicates and their absolutive arguments in the {{T}}anti dialect of {{D}}argwa]},
  journal = {Acta Linguistica Petropolitana},
  year    = {2017},
  volume  = {13},
  pages   = {786--827}
}

@InCollection{Forker.Belyaev2016,
  author    = {Forker, Diana and Belyaev, Oleg},
  title     = {{{W}}ord order and focus particles in {{N}}akh-{{D}}aghestanian languages},
  booktitle = {Information Structuring of Spoken Language from a Cross-linguistic Perspective},
  publisher = {de Gruyter},
  year      = {2016},
  editor    = {Fernandez-Vest, M. M. Jocelyne and {Van Valin}, Robert},
  pages     = {239--262},
  address   = {Berlin},
}

@InCollection{Kalinina.Sumbatova2007,
  author    = {Kalinina, Elena and Sumbatova, Nina},
  title     = {{{C}}lause structure and verbal forms in {{N}}akh-{{D}}aghestanian},
  booktitle = {Finiteness: {{T}}heoretical and empirical foundations},
  publisher = {Oxford University Press},
  year      = {2007},
  editor    = {Nikolaeva, Irina},
  pages     = {183--249},
  address   = {Oxford},
}

@Article{Ganenkov2010,
  author  = {Ganenkov, Dmitry},
  title   = {Topological relations in {{D}}aghestanian languages},
  journal = {Linguistics},
  year    = {2010},
  volume  = {48},
  pages   = {1011--1041},
}

@InCollection{Serdobolskaya2009,
  author    = {Serdobolskaya, Natalia},
  title     = {{{T}}owards the typology of raising: {{A}} functional approach},
  booktitle = {{{N}}ew Challenges in Typology: {{T}}ranscending the Borders and Refining the Distinctions},
  publisher = {de Gruyter},
  year      = {2009},
  editor    = {Epps, Patience and Arkhipov, Alexandre},
  pages     = {269--294},
  address   = {Berlin},
}

@Misc{Serdobolskaya2010,
  author  = {Serdobolskaya, Natalia},
  title   = {\emph{{{B}}ackward control in connection with the principles of the binding theory (based on the data of {{Q}}unqi {{D}}argwa). ({{P}}aper presented at the conference {{S}}yntax of the {{W}}orld's languages {IV}, {{L}}yon, 23--26 {{S}}eptember 2010)}},
  year    = {2010},
}

@Article{Magometov1983,
  author  = {Magometov, Aleksandr A.},
  title   = {{{K}} istorii izučenija dialektov darginskogo jazyka [{{O}}n the history of the study of {{D}}argwa dialects].},
  journal = {Annual of Ibero-Caucasian {{L}}inguistics},
  year    = {1983},
  volume  = {10},
  pages   = {273--293},
}

@Book{Temirbulatova2005,
  title     = {{{X}}ajdakskij dialect darginskogo jazyka \emph{[{{T}}he {{K}}hajtag dialect of {{D}}argwa]}},
  publisher = {IJaLI DNC RAN},
  year      = {2005},
  author    = {Temirbulatova, Sapijakhanum M.},
  address   = {Makhachkala},
}

@Book{Abdullaev1950,
  title     = {{{U}}rus mezla-dargan mezla slovar' ({{R}}ussko-{{D}}arginskij slovar') \emph{[{{R}}ussian-{{D}}argwa dictionary]}},
  publisher = {DFAN SSSR, Institut istorii, jazyka i literatury},
  year      = {1950},
  author    = {Abdullaev, Said},
  address   = {Makhachkala},
}

@Book{Gasanova1961,
  title     = {{{G}}lagol v darginskom jazyke \emph{[{{T}}he verb in {{D}}argwa]}},
  publisher = {DFAN SSSR, Institut istorii, jazyka i literatury},
  year      = {1961},
  author    = {Gasanova, Saida M.},
  address   = {Makhachkala},
}

@Book{Abdullaev1961,
  title     = {{{K}}ategorija padeža v darginskom jazyke \emph{[{{T}}he category of case in {{D}}argwa]}},
  publisher = {DFAN SSSR, Institut istorii, jazyka i literatury},
  year      = {1961},
  author    = {Abdullaev, Zapir G.},
  address   = {Makhachkala},
}

@Book{Abdullaev1969,
  title     = {{{S}}ub'ektnoe-ob'ektnye i predikativnye kategorii v darginskom jazyke \emph{[{{S}}ubject-object and predicative categories in {{D}}argwa]}},
  publisher = {DagUčPedgIz},
  year      = {1969},
  author    = {Abdullaev, Zapir G.},
  address   = {Makhachkala},
}

@Book{Abdullaev1971,
  title     = {{{O}}čerki po sintaksis darginskogo jazyka \emph{[{{E}}ssays on the syntax of {{D}}argwa]}.},
  publisher = {Nauka},
  year      = {1971},
  author    = {Abdullaev, Zapir G.},
  address   = {Moscow},
}

@Book{Abdullaev1986,
  title     = {{{P}}roblemy èrgativnosti darginskogo jazyka \emph{[{{P}}roblems of ergativity in {{D}}argwa]}.},
  publisher = {Nauka},
  year      = {1986},
  author    = {Abdullaev, Zapir G.},
  address   = {Moscow},
}

@Book{Abdullaev1993,
  title     = {{{D}}arginskij jazyk, 3 vol. {{I}} Fonetika, {II} Morfologija, {III} Slovoobrazovanie \emph{[{{T}}he {{D}}argwa language, 3 vol. {{I}} Phonetics, {II} Morphology, {III} Word formation]}},
  publisher = {Nauka},
  year      = {1993},
  author    = {Abdullaev, Zapir G.},
  address   = {Moscow},
}

@Book{AbdullaevEtAl2014,
  title     = {Sovremennij darginskij jazyk \emph{[{{M}}odern {{D}}argwa]}},
  publisher = {IJaLI DNC RAN},
  year      = {2014},
  author    = {Abdullaev, Zapir G. and Abdusalamov, {A.A.} and Musaev, {Magomed-Said M.} and Temirbulatova, {Sapijakhanum M.}},
  address   = {Makhachkala},
}


@InCollection{Musaev1975,
  author    = {Musaev, Magomed-Said M.},
  title     = {{Č}iragskij dialect darginskogo jazyka [{{T}}he {{C}}hirag dialect of {{D}}argwa]},
  booktitle = {Voprosi russkogo i dagestanskogo jazykoznanija},
  year      = {1975},
  pages     = {144--161},
  address   = {Makhachkala},
}

@Book{Musaev1978,
  title     = {{{L}}eksika darginskogo jazyka \emph{[{{T}}he lexical inventory of {{D}}argwa]}},
  publisher = {DSU},
  year      = {1978},
  author    = {Musaev, Magomed-Said M.},
  address   = {Makhachkala},
}

@Book{Musaev1980a,
  title   = {{{S}}istema glagol’nogo slovoizmenenija darginskogo jazyka \emph{[{{T}}he system of verbal inflection in {{D}}argwa]}.},
  year    = {1980},
  author  = {Musaev, Magomed-Said M.},
  address = {Makhachkala},
}

@Book{Musaev1980b,
  title   = {{{P}}adežnij sostav darginskogo jazyka \emph{[{{T}}he case inventory of {{D}}argwa]}},
  year    = {1984},
  publisher = {DagUčPedgIz},
  author  = {Musaev, Magomed-Said M.},
  address = {Makhachkala},
}

@Book{Musaev1983,
  title     = {{{S}}lovoizmenitel’nye naklonenija darginskogo jazyka (vremja i naklonenie) \emph{[{{V}}erbal inflection in {{D}}argwa (tense and mood)]}},
  publisher = {DSU},
  year      = {1983},
  author    = {Musaev, Magomed-Said M.},
  address   = {Makhachkala},
}

@Book{Kadibagomedov1998,
  title     = {{{S}}ixinskij dialect darginskogo jazyka. (fonetičeskaja sistema) \emph{[{{T}}he {{S}}ikhi dialect of {{D}}argwa (The phonetic system)].}},
  publisher = {IJaLI DNC RAN},
  year      = {1998},
  author    = {Kadibagomedov, Amirbek A.},
  address   = {Makhachkala},
}

@Book{Magometov1963,
  title     = {{{K}}ubačinskij jazyk \emph{[{{T}}he {{K}}ubachi language]}},
  publisher = {Izd. AN Gruz. SSR},
  year      = {1963},
  author    = {Magometov, Aleksandr A.},
  address   = {Tbilisi},
}

@Book{Jusupov2005,
  title     = {{{R}}ussko-darginskij slovar’ \emph{[{{R}}ussian-{{D}}argwa dictionary]}},
  publisher = {Jupiter},
  year      = {2005},
  author    = {Jusupov, Khizri A.},
  address   = {Makhachkala},
}

@Book{Jusupov2009,
  title   = {{{R}}ussko-darginskij škol’nyj slovar’ \emph{[{{R}}ussian-{{D}}argwa school dictionary]}},
  year    = {2009},
  author  = {Jusupov, Khizri A.},
  address = {Makhachkala},
}

@Book{Mutalov1992,
  title     = {{{I}}carinskij dialekt darginskogo jazyka \emph{[{{T}}he {{I}}cari dialect of the {{D}}argwa language]}},
  publisher = {DSU},
  year      = {1992},
  author    = {Mutalov, Rasul},
  address   = {Makhachkala},
}

@Book{Mutalov2002,
  title     = {{{G}}lagol darginskogo jazyka \emph{[{{T}}he verb in the {{D}}argwa language]}},
  publisher = {DSU},
  year      = {2002},
  author    = {Mutalov, Rasul},
  address   = {Makhachkala},
}

@InCollection{Mutalov2018,
  author    = {Mutalov, Rasul},
  title     = {{{T}}he tense / aspect system of {{S}}tandard {{D}}argwa},
  booktitle = {{{T}}he semantics of verbal categories in {{N}}akh-{{D}}aghestanian languages: {{T}}ense, aspect, evidentiality, mood and modality},
  publisher = {Brill},
  year      = {2018},
  editor    = {Forker, Diana and Maisak, Timur},
  pages     = {49--79},
  address   = {Leiden},
}

@Article{vandenBerg1999,
  author  = {{van den Berg}, Helma},
  title   = {{{G}}ender and person agreement in {{A}}kusha {{D}}argi},
  journal = {Folia Linguistica},
  year    = {1999},
  volume  = {33},
  pages   = {153--168},
}

@Book{Sumbatova.Mutalov2003,
  title     = {{{A}} grammar of {{I}}cari {{D}}argi},
  publisher = {Lincom},
  year      = {2003},
  author    = {Sumbatova, Nina and Mutalov, Rasul},
  address   = {Munich},
}

@Book{Sumbatova.Lander2014,
  title     = {Darginskij Govor Selenija {{T}}anty: {{G}}rammatičeskij očerk, Voprosy Sintaksisa \emph{[{{T}}he {{D}}argwa dialect of the village of {{T}}anti: {{G}}rammar sketch, syntactic topics]}},
  publisher = {Jazyki slavjanskoj kul'tury},
  year      = {2014},
  author    = {Sumbatova, Nina and Lander, Yury},
  address   = {Moscow},
}

@Article{Sumbatova2010,
  author  = {Sumbatova, Nina},
  title   = {Svjazki v darginskom jazyke: {{O}}ppozicii i upotreblenie [{{C}}opulas in {{D}}argwa: {{O}}ppositions and use]},
  journal = {Voprosy jazykoznanija},
  year    = {2010},
  volume  = {5},
  pages   = {44--62},
}

@InCollection{Sumbatova2011,
  author    = {Sumbatova, Nina},
  title     = {{{P}}erson hierarchies and the problem of person marker origin in {{D}}argwa: {{F}}acts and diachronic problems},
  booktitle = {{{T}}ense, aspect, modality and finiteness in {{E}}ast {{C}}aucasian languages},
  publisher = {Brockmeyer},
  year      = {2011},
  editor    = {Authier, Gilles and Maisak, Timur},
  pages     = {131--160},
  address   = {Bochum},
}

@InCollection{Haig2014,
  author    = {Haig, Geoffrey},
  title     = {{{V}}erb-{{G}}oal ({{V}}{{G}}) word order in {{K}}urdish and {{N}}eo-{{A}}ramaic: {{T}}ypological and areal considerations},
  booktitle = {{{N}}eo-{{A}}ramaic and its linguistic context},
  publisher = {Gorgias Press},
  year      = {2015},
  editor    = {Khan, Geoffrey and Napiorkowska, Lidia},
  pages     = {419--437},
  address   = {Piscataway},
}

@InCollection{Kalinina2011,
  author    = {Kalinina, Elena},
  title     = {{{E}}xclamative clauses in the languages of the {{N}}orth {{C}}aucasus and the problem of finiteness},
  booktitle = {{{T}}ense, aspect, modality and finiteness in {{E}}ast {{C}}aucasian languages},
  publisher = {Brockmeyer},
  year      = {2011},
  editor    = {Authier, Gilles and Maisak, Timur},
  pages     = {161--201},
  address   = {Bochum},
}

@PhdThesis{Sumbatova2013,
  author = {Sumbatova, Nina},
  title  = {{{T}}ipologi{\v{c}}eskoe i diaxroni{\v{c}}eskoe issledovanie morfosintaksisa (na primere jazykov darginskoj gruppy) \emph{[{{T}}ypological and diachronic morphosyntactic investigations (exemplified by the {{D}}argwa languages)]. {{M}}oscow: {RSUH}.}},
  year   = {2013},
}

@InCollection{Lander2008,
  author    = {Lander, Yury},
  title     = {{{N}}estandartnoe množestvennoe čislo v tantinskom darginskom [{{N}}on-standard plural in {{T}}anti {{D}}argwa]},
  booktitle = {Kavkazskie jazyki: {{G}}enetičeskie, tipologičeskie i areal’nye svjazi \emph{[{{C}}aucasian languages: {{G}}enetic, typological and areal connections]}},
  publisher = {IJaLI DNC RAN},
  year      = {2008},
  editor    = {Magomedov, M. I.},
  pages     = {241--245},
  address   = {Makhachkala},
}

@Article{Lander2010,
  author  = {Lander, Yury},
  title   = {{{O}} raznyx morfologijax: {{T}}antynskie darginskie lokativnye formy [{{O}}n different morphologies: {{T}}anti {{D}}argwa locative forms]},
  journal = {Bjulleten’ obščestva vostokovedov},
  pages   = {139--161},
  volume  = {17},
  year    = {2010},
}

@Article{Forker2016a,
  author  = {Forker, Diana},
  title   = {{{F}}loating agreement and information structure: {{T}}he case of {{S}}anzhi {{D}}argwa},
  journal = {Studies in Language},
  year    = {2016},
  volume  = {40},
  pages   = {1--25},
}

@Article{Forker2014,
  author  = {Forker, Diana},
  title   = {{{A}}re there subject anaphors?},
  journal = {Linguistic Typology},
  year    = {2014},
  volume  = {18},
  pages   = {51--81},
}

@Book{Schilling1949,
  title     = {{{K}}ubačincy i ix kul’tura \emph{[{{T}}he {{K}}ubachi people and their culture]}},
  publisher = {Iz. AN SSSR},
  year      = {1949},
  author    = {Schilling, E. M.},
  address   = {Moscow},
}

@Book{Gadzieva.etal1967,
  title     = {{{M}}aterial’naja kul’tura dargincev \emph{[{{T}}he material culture of the {{D}}argwa people]}},
  publisher = {DFAN SSSR Institut istorii, jazyka i literatury},
  year      = {1967},
  author    = {Gadžieva, O. Š. and Osmanova, M. O. and Pašaeva, A. G.},
  address   = {Makhachkala},
}

@Misc{Nichols2007,
  author       = {Nichols, Johanna},
  title        = {\emph{{{H}}ead gender/source gender in {{N}}akh-{{D}}aghestanian: {{S}}ynchrony and typology. ({{P}}aper presented at the conference on the languages of the {{C}}aucasus, Leipzig, 8. December 2007)}},
  year         = {2007},
}

@InCollection{Schulze2003,
  author    = {Schulze, Wolfgang},
  title     = {{{T}}he Diachrony of Demonstrative Pronouns in {{E}}ast {{C}}aucasian},
  booktitle = {{{C}}urrent Trends in {{C}}aucasian, {{E}}ast {{E}}uropean, and {}Inner {{A}}sian Linguistics: {{P}}apers in honor of {{H}}oward {{I}}. {{A}}ronson},
  publisher = {Benjamins},
  year      = {2003},
  editor    = {Holisky, {Dee Ann} and Tuite, Kevin},
  pages     = {291--348},
  address   = {Amsterdam},
}

@Article{SanRoqueEtAl2012,
  author  = {San Roque, Lila and Gawne, Lauren and Hoenigman, Darja and Miller, Julia C. and Rumsey, Alan and Spronck, Stef and Carroll, Alice and Evans, Nicholas},
  title   = {{{G}}etting the story straight: {{L}}anguage fieldwork using a narrative problem-solving task},
  journal = {Language documentation and conservation},
  year    = {2012},
  volume  = {6},
  pages   = {135--174},
}

@Book{vandenBerg2001,
  title     = {{{D}}argi folktales: {{O}}ral stories from the {{C}}aucasus and an introduction to {{D}}argi grammar},
  publisher = {CNWS},
  year      = {2001},
  author    = {{van den Berg}, Helma},
  address   = {Leiden},
}

@Article{Forker2016b,
  author  = {Forker, Diana},
  title   = {{{T}}owards a typology for additive markers},
  journal = {Lingua},
  year    = {2016},
  volume  = {180},
  pages   = {69--100},
}

@Article{Tatevosov2001,
  author  = {Tatevosov, Sergei},
  title   = {{{F}}rom resultatives to evidentials: {{M}}ultiple uses of the perfect in {{N}}akh-{{D}}aghestanian languages},
  journal = {Journal of Pragmatics},
  year    = {2001},
  volume  = {33},
  pages   = {443--464},
}

@Article{Lander2014,
  author  = {Lander, Yury},
  title   = {{{M}}odifier incorporation in {{D}}argwa nominals},
  howpublished = {{{H}}igher {{S}}chool of {{E}}conomics. {{W}}orking {{P}}aper {{S}}eries {{L}}ingusitics. {WP} {BRP} 12/{LNG}/2014},
  year    = {2014},
}

@Book{Forker2013a,
  title     = {{{A}} grammar of {{H}}inuq},
  publisher = {de Gruyter},
  year      = {2013},
  author    = {Forker, Diana},
  address   = {Berlin},
  isbn      = {9783110303766},
}

@Misc{Daniel2015,
  author = {Daniel, Michael},
  title  = {\emph{{{P}}erson in {{A}}rchi revisited, with parallels from {{D}}argwa and {{N}}akh. ({{P}}aper presented at the conference {{L}}anguages in {{D}}aghestan, {{C}}hicago, 15. {{M}}ay 2015)}},
  year   = {2015},
}

@InCollection{Tatevosov2005,
  author    = {Tatevosov, Sergei},
  title     = {{{F}}rom habituals to futures: {{D}}iscerning the path of diachronic development},
  booktitle = {{{P}}erspectives on aspect},
  publisher = {Springer},
  year      = {2005},
  editor    = {Henk Verkuyl and {de Swart}, Henriëtte and {van Hout}, Angeliek},
  pages     = {181--197},
  address   = {Dordrecht},
}

@Article{Haspelmath1998,
  author  = {Haspelmath, Martin},
  title   = {{{T}}he semantic development of old presents: {{N}}ew futures and subjunctives without grammaticalization},
  journal = {Diachronica},
  year    = {1998},
  volume  = {15},
  pages   = {29--62},
}

@Article{vandenBerg2003,
  author  = {{van den Berg}, Helma},
  title   = {{{S}}patial prefixes in {{D}}argi ({{E}}ast {{C}}aucasian)},
  journal = {Acta Linguistica Hungarica},
  year    = {2003},
  volume  = {50},
  pages   = {201--225},
}

@InCollection{vandenBerg2003c,
  author  = {{van den Berg}, Helma},
  title   = {{{D}}ie {{L}}okalkasussysteme der darginischen {{D}}ialekte: {{E}}in synchroner und diachroner {Ü}berblick},
  booktitle = {Kaukasische {{S}}prachprobleme. {{C}}aucasica {{O}}ldenburgensia},
  publisher = {BIS},
  year      = {2003},
  editor    = {Winfried Boeder},
  pages     = {59--73},
  address   = {Oldenburg},
}

@Article{MaisakTatevosov2000,
  author  = {Maisak, Timur and Tatevosov, Sergei},
  title   = {{{P}}rostranstvo govoryaschego v kategoriyah grammatiki, ili chego nelzya skazat’ o sebe samom [{{T}}he space of the speaker in grammar categories, or what cannot be said about oneself]},
  journal = {Voprosy Yazykoznaniya},
  year    = {2000},
  volume  = {5},
  pages   = {68--80},
}

@Article{Tatevosov2000,
  author  = {Tatevosov, Sergei},
  title   = {{{M}}etafizika dviženija v grammatike estestvennogo jazyka: {{G}}lagol'naja prefiksacija v severokavkazskix jazykax [{{M}}etaphysics of motion in grammar of natural languages: {{V}}erbal prefixation in {{N}}orth {{C}}aucasian languages]},
  journal = {Vestnik MGU},
  year    = {2000},
  volume  = {9},
  pages   = {14--29},
}


@Article{Nichols2003,
  author    = {Nichols, Johanna},
  title     = {{{A}} bipartite verb stem outlier in {{E}}urasia: {{N}}akh-{{D}}aghestanian},
  journal 	= {Proceedings of the 29th Annual Meeting of the Berkeley Linguistics Society},
  year      = {2003},
  volume    = {29},
  pages     = {321–-334},
}

@Misc{Ganenkov2007,
  author    = {Ganenkov, Dmitry},
  title     = {\emph{{{S}}patial preverbs in {{L}}ezgic languages. ({{P}}aper presented at the conference on the {{L}}anguages of the {{C}}aucasus, {{M}}{{P}}{{I}} {{E}}{{V}}{{A}} {{L}}eipzig, 7--9 {{D}}ecember 2007)}},
  year      = {2007},
}

@Misc{Lander2016,
  author = {Lander, Yury},
  title  = {\emph{{{L}}ooking for a hierarchical structure in {{T}}anti {{D}}argwa {NP}s. ({{P}}resentation at the {{W}}orkshop on {{N}}akh-{{D}}aghestanian languages, {{U}}niversity of {{B}}amberg, 15--16 {{A}}pril 2016)}},
  year   = {2016},
}

@Misc{Kustova2015,
  author       = {Kustova, Marina},
  title        = {{{G}}eneral converbs in {{M}}ehweb},
  howpublished = {{{W}}orking {{P}}aper {{S}}eries {{L}}ingusitics. {WP} {BRP} 31/{LNG}/2015},
  year         = {2015},
}

@InCollection{Evans2007,
  author    = {Evans, Nicholas},
  title     = {{{I}}nsubordination and its uses},
  booktitle = {{{F}}initeness: {{T}}heoretical and Empirical Foundations},
  publisher = {Oxford University Press},
  year      = {2007},
  editor    = {Nikolaeva, Irina},
  pages     = {366--431},
  address   = {Oxford},
}

@InCollection{KustovaMS,
  author    = {Kustova, Marina},
  title     = {{{G}}eneral converbs in {{M}}ehweb},
  booktitle = {{{T}}he {{M}}ehweb language. {{S}}elected essays on phonology, morphology and syntax},
  publisher = {Language Science Press},
  year      = {2019},
  editor    = {Daniel, Michael and Ganenkov, Dmitry and Dobrushina, Nina},
  pages     = {184--195},
  address   = {Berlin},
}

@InCollection{Comrie.Forker.Khalilova2012,
  author    = {Comrie, Bernard and Forker, Diana and Khalilova, Zaira},
  title     = {{{A}}dverbial clauses in the {{T}}sezic languages},
  booktitle = {{{C}}lause linkage in cross-linguistic perspective},
  publisher = {de Gruyter},
  year      = {2012},
  editor    = {Diessel, Holger and Gast, Volker},
  pages     = {157--190},
  address   = {Berlin},
}

@Article{Belyaev2012,
  author    = {Belyaev, Oleg},
  title     = {{{A}}spektual'no-temporal'naja sistema aštynskogo darginskogo [{{T}}he tense and aspect system in {{A}}shti {{D}}argwa]},
  journal   = {{{A}}cta {{L}}inguistica {{P}}etropolitana},
  year      = {2012},
  pages     = {181--227},
  volume    = {6},
}

@Misc{Belyaev2010,
  author    = {Belyaev, Oleg},
  title     = {\emph{{{C}}oordination and subordination in {{D}}argi languages ({{I}}cari, {{Q}}unqi and {{A}}shti). ({{P}}aper presented at the conference {{S}}yntax of the {{W}}orld's languages {IV}, {{L}}yon, 23--26 {{S}}eptember 2010)}},
  year      = {2010},
}

@InCollection{Kazenin.Testelets2004,
  author    = {Kazenin, Konstantin and Testelets, Yakov G.},
  title     = {{{W}}here coordination meets subordination: {{C}}onverb constructions in {{T}}sakhur ({{D}}aghestanian)},
  booktitle = {{{C}}oordinating constructions},
  publisher = {Benjamins},
  year      = {2004},
  editor    = {Haspelmath, Martin},
  pages     = {227--239},
  address   = {Amsterdam},
}

@InCollection{Haspelmath1995,
  author    = {Haspelmath, Martin},
  title     = {{{T}}he converb as a cross-linguistically valid category},
  booktitle = {{{C}}onverbs in cross-linguistic perspective},
  publisher = {de Gruyter},
  year      = {1995},
  editor    = {Haspelmath, Martin and König, Ekkehard},
  pages     = {1--55},
  address   = {Berlin},
}

@Article{Forker2013b,
  author  = {Forker, Diana},
  title   = {{{M}}icrotypology and the {{T}}sezic languages: {{A}} case study of syntactic properties of converbal clauses},
  journal = {SKY Journal of Linguistics},
  year    = {2013},
  volume  = {26},
  pages   = {21--40},
}

@InCollection{Creissels2010,
  author    = {Creissels, Denis},
  title     = {{{S}}pecialized converbs and adverbial subordination in {{A}}xaxdərə {{A}}khvakh},
  booktitle = {{{C}}lause linking and clause hierarchy: {{S}}yntax and pragmatics},
  publisher = {Benjamins},
  year      = {2010},
  editor    = {Bril, Isabelle},
  pages     = {105--142},
  address   = {Amsterdam},
}

@InCollection{Bickel2010,
  author    = {Bickel, Balthasar},
  title     = {{{C}}apturing particulars and universals in clause linkage: {{A}} multivariate analysis},
  booktitle = {{{C}}lause linking and clause hierarchy: {{S}}yntax and pragmatics},
  publisher = {Benjamins},
  year      = {2010},
  editor    = {Bril, Isabelle},
  pages     = {51--101},
  address   = {Amsterdam},
}

@InCollection{Langacker1969,
  author    = {Langacker, Ronald},
  title     = {{{P}}ronominalization and the chain of command},
  booktitle = {{{M}}odern studies in {{E}}nglish: {{R}}eadings in {{T}}ransformational {{G}}rammar},
  publisher = {Prentice Hall},
  year      = {1969},
  editor    = {Reibel, David and Schane, Sanford},
  pages     = {160--200},
  address   = {Englewood Cliffs},
}

@PhdThesis{Reinhart1976,
  author = {Reinhart, Tanya},
  title  = {The Syntactic Domain of Anaphora. \emph{{{C}}ambridge: {MIT}.}},
  year   = {1976},
}

@Article{Mithun2008,
  author  = {Mithun, Marianne},
  title   = {{{E}}xtension of Dependency Beyond the Sentence},
  journal = {Language},
  year    = {2008},
  volume  = {81},
  pages   = {69--119},
}

@Article{Helmbrecht1996,
  author  = {Helmbrecht, Johannes},
  title   = {{{T}}he syntax of personal agreement in {{E}}ast {{C}}aucasian languages},
  journal = {Sprachtypologie und Universalienforschung},
  year    = {1996},
  volume  = {49},
  pages   = {127--148},
}

@Article{Schulze2007,
  author  = {Schulze, Wolfgang},
  title   = {{{T}}he {{L}}ak language},
  journal = {Nová Filologická Revue},
  year    = {2011},
  volume  = {3},
  pages   = {11--37},
}

@InCollection{Chumakina.Kibort.Corbett2007,
  author    = {Chumakina, Marina and Kibort, Anna and Corbett, Greville G.},
  title     = {{{D}}etermining a language's feature inventory: {{P}}erson in {{A}}rchi},
  booktitle = {Endangered Languages. [{{L}}inguistische {{B}}erichte, {{S}}onderheft 14]},
  publisher = {Helmut Buske},
  year      = {2007},
  editor    = {Austin, Peter K. and Simpson, Andrew},
  pages     = {143--172},
  address   = {Hamburg},
}

@Book{Corbett2012,
  title     = {{{F}}eatures},
  publisher = {Cambridge University Press},
  year      = {2012},
  author    = {Corbett, Greville G.},
  address   = {Cambridge},
  isbn      = {1107661080},
  keywords  = {Ling{\"u}{\'i}stica;Gram{\'a}tica comparada y general;Grammar, Comparative and general},
}

@Book{Corbett2006,
  title     = {{{A}}greement},
  publisher = {Cambridge University Press},
  year      = {2006},
  author    = {Corbett, Greville G.},
  address   = {Cambridge},
}

@Misc{Polinsky.etal2009,
  author    = {Gagliardi, Annie and Lidz, Jeff and Polinsky, Maria},
  title     = {\emph{{{T}}he acquisition of noun classes in {{T}}sez. ({{P}}aper presented at the conference {BUCLD} 34, Boston, 6--8. {{N}}ovember 2009)}},
  year      = {2009},
}

@InCollection{Belyaev2016,
  author    = {Belyaev, Oleg},
  title     = {{{E}}rgative gender agreement in {{D}}argwa: “{{B}}ackward {{C}}ontrol” or feature sharing?},
  booktitle = {{{P}}roceedings of the joint 2016 conference on {{H}}ead-driven {{P}}hrase {{S}}tructure {{G}}rammar and {{L}}exical {{F}}unctional {{G}}rammar, {{P}}olish {{A}}cademy of {{S}}ciences, {{W}}arsaw, {{P}}oland},
  publisher = {CSLI Publications},
  year      = {2016},
  editor    = {Arnold, Doug and Butt, Miriam and Crysmann, Berthold and King, {Tracy Holloway} and Müller, Stefan},
  pages     = {83--103},
  address   = {Stanford},
}

@InCollection{Belyaev2017a,
  author    = {Belyaev, Oleg},
  title     = {{{I}}nformation Structure Conditions on the Agreement Controller in {{D}}argwa},
  booktitle = {{{P}}roceedings of the {LFG}’17 conference, {{U}}niversity of {{K}}onstanz},
  publisher = {CSLI Publications},
  year      = {2017},
  editor    = {Butt, Miriam and King, {Tracy Holloway}},
  pages     = {66--82},
  address   = {Stanford},
}

@Article{Belyaev2017b,
  author  = {Belyaev, Oleg},
  title   = {{{S}}oglasovanie svjazki po klassu v kubačinskom i aštynskom darginskom kak raznovidnost’ proksimativno-obviativnoj sistemy [{{C}}opula gender agreement in {{K}}ubachi and {{A}}shti {{D}}argwa as a proximate-obviative system]},
  journal = {Acta Linguistica Petropolitana},
  year    = {2017},
  volume  = {13},
  pages   = {508--535},
}

@Article{Forker2012a,
  author  = {Forker, Diana},
  title   = {{{T}}he bi-absolutive construction in {{N}}akh-{{D}}aghestanian},
  journal = {Folia Linguistica},
  year    = {2012},
  volume  = {46},
  pages   = {75--108},
}

@Article{Gagliardietal.2014,
  author  = {Gagliardi, Annie and Goncalves, Michael and Polinsky, Maria and Radkevich, Nina},
  title   = {{{T}}he biabsolutive construction in {{L}}ak and {{T}}sez},
  journal = {Lingua},
  year    = {2014},
  volume  = {150},
  pages   = {137--170},
}

@InCollection{Kazenin1998,
  author    = {Kazenin, Konstantin},
  title     = {{{O}}n patient demotion in {{L}}ak},
  booktitle = {Typology of verbal categories},
  publisher = {Max Niemeyer},
  year      = {1998},
  editor    = {Kulikov, Leonid and Vater, Heinz},
  pages     = {95--115},
  address   = {Tübingen},
}

@InCollection{Kazenin.Testelec1999,
  author    = {Kazenin, Konstantin and Testelets, Yakov G.},
  title     = {{{P}}orjadok slov i struktura sostavljajushchix [{{W}}ord order and constituent structure]},
  booktitle = {{È}lementy caxurskogo jazyka v tipologičeskom osveščenii \emph{[{{A}}spects of {{T}}sakhur from a typological perspective]}},
  publisher = {Nasledie},
  year      = {1999},
  editor    = {Kibrik, Aleksandr E. and Kazenin, Konstantin I. and Lyutikova, Ekatarina A. and Tatevosov, Sergei G. and Testelets, Yakov G.},
  pages     = {293--346},
  address   = {Moscow},
}

@InCollection{Kazenin2001,
  author    = {Kazenin, Konstantin},
  title     = {{{U}}men’šenie perexodnosti: {{B}}inominativnaja konstrukcija [{{T}}ransitivity reduction: {{T}}he binominative construction]},
  booktitle = {Bagvalinskij jazyk. {{G}}rammatika. {{T}}eksty. {{S}}lovari. \emph{[{{T}}he {{B}}agwalal language. {{G}}rammar. {{T}}exts. {{D}}ictionaries.]}},
  publisher = {Nasledie},
  year      = {2001},
  editor    = {Kibrik, Aleksandr E.},
  pages     = {394--399},
  address   = {Moscow},
}

@Article{Polinsky.Potsdam2002,
  author  = {Polinsky, Maria and Potsdam, Eric},
  title   = {{{B}}ackward {{C}}ontrol},
  journal = {Linguistic Inquiry},
  year    = {2002},
  volume  = {33},
  pages   = {245--282},
}

@Article{Polinsky.Potsdam2006,
  author  = {Polinsky, Maria and Potsdam, Eric},
  title   = {{{E}}xpanding the scope of control and raising},
  journal = {Syntax},
  year    = {2006},
  volume  = {9},
  pages   = {171--192},
}

@InCollection{Bickel2011,
  author    = {Bickel, Balthasar},
  title     = {{{M}}ultivariate typology and field linguistics: {{A}} case study on detransitivization in {{K}}iranti ({{S}}ino-{{T}}ibetan)},
  booktitle = {{{P}}roceedings of conference on language documentation and linguistic theory 3},
  publisher = {SOAS},
  year      = {2011},
  editor    = {Austin, Peter K. and Bond, Oliver and Nathan, David and Marten, Lutz},
  pages     = {3--13},
  address   = {London},
}

@InCollection{Bickel2015,
  author    = {Bickel, Balthasar},
  title     = {{{D}}istributional {{T}}ypology: {{S}}tatistical inquiries into the dynamics of linguistic diversity},
  booktitle = {{{T}}he {{O}}xford handbook of linguistic analysis, \emph{2nd edn}},
  publisher = {Oxford University Press},
  year      = {2015},
  editor    = {Heine, Bernd and Narrog, Heiko},
  pages     = {901--923},
  address   = {Oxford},
}

@InCollection{Belyaev2013,
  author    = {Belyaev, Oleg},
  title     = {{{O}}ptimal agreement at m-structure: {{P}}erson in {{D}}argwa},
  booktitle = {{{P}}roceedings of the {LFG}13 conference},
  publisher = {CSLI Publications},
  year      = {2013},
  editor    = {Butt, Miriam and King, {Tracy Holloway}},
  pages     = {90--110},
  address   = {Stanford},
}

@Article{Hengeveld1989,
  author  = {Hengeveld, Kees},
  title   = {{{L}}ayers and {{O}}perators in {{F}}unctional {{G}}rammar},
  journal = {Journal of Linguistics},
  year    = {1989},
  volume  = {25},
  pages   = {127--157},
}

@Book{Dik1997,
  title     = {{{T}}he theory of functional grammar. {{P}}art 2: {{C}}omplex and derived constructions},
  publisher = {de Gruyter},
  year      = {1997},
  author    = {Dik, Simon C.},
  editor    = {Hengeveld, Kees},
  address   = {Berlin},
  isbn      = {3110218372},
  keywords  = {Functionalism (Linguistics);LANGUAGE ARTS {and} DISCIPLINES / Grammar {and} Punctuation;LANGUAGE ARTS {and} DISCIPLINES / Linguistics / Syntax},
}

@InCollection{Dixon2006,
  author    = {Dixon, R. M. W.},
  title     = {{{C}}omplement clauses and complementation strategies in typological perspective},
  booktitle = {{{C}}omplementation},
  publisher = {Oxford University Press},
  year      = {2006},
  editor    = {Dixon, R. M. W. and Aikhenvald, Alexandra Y.},
  pages     = {1--48},
  address   = {Oxford},
}

@article{ForkerSubmittedb,
  author    = {Forker, Diana},
  title     = {{{R}}eported speech constructions in {{S}}anzhi {{D}}argwa and their extension to other areas of grammar},
  journal   = {{{S}}prachwissenschaft},
  year      = {2019},
  volume    = {44},
  pages     = {171--199},
}

@InCollection{Forker2018a,
  author    = {Forker, Diana},
  title     = {Evidentiality in {{N}}akh-{{D}}aghestanian languages},
  booktitle = {The {{O}}xford handbook of evidentiality},
  publisher = {Oxford University Press},
  year      = {2018},
  editor    = {Alexandra Y. Aikhenvald},
   pages    = {490--509},
  address   = {Oxford},
}

@InCollection{Forker2018b,
  author    = {Forker, Diana},
  title     = {Introduction},
  booktitle = {The semantics of verbal categories in {{N}}akh-{{D}}aghestanian languages: {{T}}ense, aspect, evidentiality, mood and modality},
  publisher = {Brill},
  year      = {2018},
  editor    = {Diana Forker and Timur Maisak},
   pages    = {1--25},
  address   = {Leiden},
}

@Article{Polinsky.Potsdam2001,
  author  = {Polinsky, Maria and Potsdam, Eric},
  title   = {{{L}}ong-distance agreement and topic in {{T}}sez},
  journal = {Natural Language \& Linguistic Theory},
  year    = {2001},
  volume  = {19},
  pages   = {583--646},
}

@InCollection{Polinsky2003,
  author    = {Polinsky, Maria and Comrie, Bernard},
  title     = {{{C}}onstraints on reflexivization in {{T}}sez},
  booktitle = {{{C}}urrent trends in {{C}}aucasian, {{E}}ast {{E}}uropean and {{I}}nner {{A}}sian linguistics: {{P}}apers in honor of {{H}}oward {{I}}. {{A}}ronson},
  publisher = {Benjamins},
  year      = {2003},
  editor    = {Holisky, Dee Ann and Tuite, Kevin},
  pages     = {265--289},
  address   = {Amsterdam},
}

@InCollection{Testelec1998a,
  author    = {Testelets, Yakov G.},
  title     = {{{W}}ord order in {{D}}aghestanian languages},
  booktitle = {{{C}}onstituent order in the languages of {{E}}urope},
  publisher = {de Gruyter},
  year      = {1998},
  editor    = {Siewierska, Anna},
  pages     = {257--280},
  address   = {Berlin},
}

@InCollection{Creissels2013,
  author    = {Creissels, Denis},
  title     = {{{F}}loating genitives and possessive framing in {{N}}orthern {{A}}khvakh},
  booktitle = {{{T}}he genitive},
  publisher = {Benjamins},
  year      = {2013},
  editor    = {Carlier, Anne and Verstraete, Jean-Christophe},
  pages     = {333--354},
  address   = {Amsterdam},
  isbn      = {9789027228154},
}

@Article{Shibatani1994,
  author   = {Shibatani, Masayoshi},
  title    = {{{A}}n integrational approach to possessor raising, ethical datives and adversative passives},
  journal  = {Proceedings of the 20th Annual Meeting of the Berkeley Linguistics Society},
  year     = {1994},
  pages    = {461--486},
  keywords = {diathesis;grammatical relations},
}

@Article{Serzhant2016,
  author  = {Seržant, Ilja A.},
  title   = {{{E}}xternal possession and constructions that may have it},
  journal = {{{S}}prachtypologie und {{U}}niversalienforschung},
  year    = {2016},
  volume  = {69},
  pages   = {131--169},
}

@InCollection{Komen2014,
  author    = {Komen, Erwin R.},
  title     = {{{C}}hechen extraposition as an information ordering strategy},
  booktitle = {{{I}}nformation structure and reference tracking in complex sentences},
  publisher = {Benjamins},
  year      = {2014},
  editor    = {{van Gijn}, Rik and Hammond, Jeremy and Matić, Dejan and {van Putten}, Saskia and Galucio, Ana Vilacy},
  pages     = {99--126},
  address   = {Amsterdam},
}

@InCollection{Diketal1981,
  author    = {Dik, Simon C. and Hoffmann, Maria E. and Jong, Jan R. de and Sie, Ing Dijang and Stroomer, Harry J. and Vries, Lourens de},
  title     = {{{O}}n the typology of focus phenomena},
  booktitle = {{{P}}erspectives on functional grammar},
  publisher = {Foris},
  year      = {1981},
  editor    = {Teun Hoekstra and Harry van der Hulst and Michael Moortgat},
  pages     = {41--74},
  address   = {Dordrecht},
  isbn      = {90-70176-27-0},
}

@InCollection{Vallduvi.Vilkuna1998,
  author    = {Vallduv{\'i}, Enric and Vilkuna, Maria},
  title     = {{{O}}n rheme and kontrast},
  booktitle = {The limits of syntax},
  publisher = {Academic Press},
  year      = {1998},
  editor    = {Culicover, Peter W. and McNally, Louise},
  pages     = {79--108},
  address   = {New York},
  isbn      = {0126135290},
}

@InCollection{Neeleman.etal2009,
  author    = {Neeleman, Ad and Titov, Elena and {van de Koot}, Hans and Vermeulen, Reiko},
  title     = {{{A}} syntactic typology of topic, focus and contrast},
  booktitle = {{{A}}lternatives to cartography},
  publisher = {de Gruyter},
  year      = {2009},
  editor    = {{van Craenenbroeck}, Jeroen},
  pages     = {15--51},
  address   = {Berlin},
  isbn      = {978-3-11-020603-6},
}

@Article{Malchukov2004,
  author  = {Malchukov, Andrej L.},
  title   = {{{T}}owards a semantic typology of adversative and contrast marking},
  journal = {Journal of Semantics},
  year    = {2004},
  volume  = {21},
  pages   = {177--198},
  urldate = {11/27/2014},
}

@Article{Izutsu2008,
  author  = {Izutsu, Mitsuko Narita},
  title   = {{{C}}ontrast, concessive, and corrective: {{T}}oward a comprehensive study of opposition relations},
  journal = {Journal of Pragmatics},
  year    = {2008},
  volume  = {40},
  pages   = {646--675},
  urldate = {11/27/2014},
}

@Article{Repp2010,
  author  = {Repp, Sophie},
  title   = {{{D}}efining `contrast' as an information-structural notion in grammar},
  journal = {Lingua},
  year    = {2010},
  volume  = {120},
  pages   = {1333--1345},
  urldate = {11/27/2014},
}

@InCollection{Testelec1998b,
  author    = {Testelets, Yakov G.},
  title     = {{{W}}ord order in {{K}}artvelian languages},
  booktitle = {{{C}}onstituent order in the languages of {{E}}urope},
  publisher = {de Gruyter},
  year      = {1998},
  editor    = {Siewierska, Anna},
  pages     = {235--256},
  address   = {Berlin},
}

@InCollection{Testelets.1998c,
  author    = {Testelets, Yakov G.},
  title     = {{{W}}ord order variation in some {{S}}{{O}}{{V}} languages of {{E}}urope},
  booktitle = {{{C}}onstituent order in the languages of {{E}}urope},
  publisher = {de Gruyter},
  year      = {1998},
  editor    = {Siewierska, Anna},
  pages     = {649--679},
  address   = {Berlin},
}

@InCollection{Harris2001,
  author    = {Harris, Alice C.},
  title     = {{{F}}ocus and universal principles governing simplification of cleft structures},
  booktitle = {{{G}}rammatical relations in change},
  publisher = {Benjamins},
  year      = {2001},
  editor    = {Faarlund, Jan Terje},
  pages     = {159--170},
  address   = {Amsterdam},
  isbn      = {9789027298041},
}

@Book{Harris2002,
  title     = {{{E}}ndoclitics and the origins of {{U}}di morphosyntax},
  publisher = {Oxford University Press},
  year      = {2002},
  author    = {Harris, Alice C.},
  address   = {Oxford},
  keywords  = {Phonology;word;Nakh-Daghestanian languages},
}

@Article{Kazenin2002,
  author  = {Kazenin, Konstantin},
  title   = {{{D}}iscontinuous nominals, linear order, and morphological complexity in languages of the {{N}}orth {{C}}aucasus},
  journal = {Linguistic Typology},
  year    = {2009},
  volume  = {13},
  numer   = {3},
  pages   = {289--316},
}

@Article{Kazenin2009,
  author  = {Kazenin, Konstantin},
  title   = {{{F}}ocus in {{D}}aghestanian word order typology},
  journal = {Linguistic Typology},
  year    = {2002},
  volume  = {6},
  pages   = {391--416},
}

@InCollection{Xajdakov1986,
  author    = {Xajdakov, Said M.},
  title     = {{{L}}ogi{\v{c}}eskoe udarenie i {\v{c}}lenenie predlo{\v{z}}enij ({{D}}agestanskie dannye) [{{L}}ogical stress and sentence structure ({{D}}aghestanian data)]},
  booktitle = {{{{A}}ktual'nye problemy dagestansko-naxskogo jazykoznanija} \emph{[{{C}}urrent questions in Nakh-Dagestanian linguistics]}},
  publisher = {DFAN SSSR},
  year      = {1986},
  editor    = {Klimov, Georgij A.},
  address   = {Makhachkala},
}

@Article{Lambrecht2001,
  author  = {Lambrecht, Knud},
  title   = {{{A}} framework for the analysis of cleft constructions},
  journal = {Linguistics},
  year    = {2001},
  volume  = {39},
  pages   = {463--516},
  urldate = {11/27/2014},
}

@Misc{Maisak2010,
  author    = {Maisak, Timur},
  title     = {\emph{{{P}}redicate topicalization in {{E}}ast {{C}}aucasian languages. ({{P}}aper presented at the conference {{S}}yntax of the {{W}}orld's languages {IV}, {{L}}yon, 23--26 {{S}}eptember 2010})},
  year      = {2010},
}

@Article{ForkerSubmittedc,
  author  = {Forker, Diana},
  title   = {{{M}}ore than just a modal particle: {{T}}he enclitic \emph{=q'al} in {{S}}anzhi {{D}}argwa},
  journal = {{{F}}unctions of Language},
  pubstate    = {Accepted},
  sortyear  = {2020},
}

@Article{Matras1998,
  author  = {Matras, Yaron},
  title   = {{{U}}tterance modifiers and universals of grammatical borrowing},
  journal = {Linguistics},
  year    = {1998},
  volume  = {36},
  pages   = {281--331},
}

@InCollection{vandenBerg2004,
  author    = {{van den Berg}, Helma},
  title     = {{{C}}oordinating constructions in {{D}}aghestanian},
  booktitle = {{{C}}oordinating constructions},
  publisher = {Benjamins},
  year      = {2004},
  editor    = {Haspelmath, Martin},
  pages     = {197--226},
  address   = {Amsterdam},
}

@Article{Forker2013c,
  author  = {Forker, Diana},
  title   = {{{I}}nterrogative particles in {{N}}akh-{{D}}aghestanian languages},
  journal = {Rice Working Papers in Linguistics 4},
  year    = {2013},
  pages   = {1--17},
}

@Article{Uegaki2018,
  author  = {Uegaki, Wataru},
  title   = {{{A}} unified semantics for the {{J}}apanese {{Q}}-particle \emph{ka} in indefinites, questions and disjunctions},
  journal = {Glossa},
  year    = {2018},
  volume  = {3},
  pages   = {1--45},
}

@Book{Slade2011,
  title   = {{{F}}ormal and philological inquiries into the nature of interrogatives, indefinites, disjunction, and focus in {{S}}inhala and other languages. \emph{{{U}}rbana \& {{I}}llinois: {UIUC}. ({{D}}octoral dissertation)}},
  year    = {2011},
  author  = {Slade, Benjamin Martin},
}

@Book{Holmberg2015,
  title     = {{{T}}he syntax of yes and no},
  publisher = {Oxford University Press},
  year      = {2015},
  author    = {Holmberg, Anders},
  address   = {Oxford},
}

@Article{Dixon2008,
  author  = {Dixon, R. M. W.},
  title   = {{{C}}omparative constructions},
  journal = {Studies in Language},
  year    = {2008},
  volume  = {32},
  pages   = {787--817},
}

@Article{König.Gast2006,
  author  = {König, Ekkehard and Gast, Volker},
  title   = {{{F}}ocused assertion of identity: {{A}} typology of intensifiers},
  journal = {Linguistic Typology},
  year    = {2006},
  volume  = {10},
  pages   = {223--276},
  urldate = {11/27/2014},
}

@Misc{Daniel.Lander2010,
  author    = {Daniel, Michael and Lander, Yury},
  title     = {\emph{{{A}} girl of word, meat of a ram, and a life of longing. {{O}}n peculiar cases of relativization in {{E}}ast {{C}}aucasian languages. ({{P}}aper presented at the conference {{S}}yntax of the {{W}}orld's languages {IV}, {{L}}yon, 23--26 {{S}}eptember 2010)}},
  year      = {2010},
}

@InCollection{Daniel.Lander2008,
  author    = {Daniel, Michael and Lander, Yury},
  title     = {O nekotoryx osobennostjax otnositel’noj konstrukcii v dagestanskix jazykax. [{{O}}n some peculiarities of the relative clause construction in {{D}}aghestanian languages]},
  booktitle = {Kavkazskie jazyki: {{G}}enetičeskie, tipologičeskie i areal’nye svjazi \emph{[{{C}}aucasian languages: {{G}}enetic, typological and areal connections]}},
  publisher = {IJaLI DNC RAN},
  year      = {2008},
  editor    = {Magomedov, Magomed I.},
  pages     = {242--249},
  address   = {Makhachkala},
}

@InCollection{Comrie.Forker.KhalilovaInPressb,
  author    = {Comrie, Bernard and Forker, Diana and Khalilova, Zaira},
  title     = {{{A}}ffective constructions in {{T}}sezic languages},
  booktitle = {Non-canonically case-marked subjects: {{T}}he {{R}}eykjavík-{{E}}yjafjallajökull papers},
  publisher = {Benjamins},
  year      = {2018},
  editor    = {Barðdal, Jóhanna and Pat-El, Na'ama and Carey, Stephen Mark},
  pages     = {55--82},
  address   = {Amsterdam},
}

@Book{Pustet2005,
  title     = {{{C}}opulas: {{U}}niversals in the categorization of the lexicon},
  publisher = {Oxford University Press},
  year      = {2003},
  author    = {Pustet, Regina},
  address   = {Oxford},
  isbn      = {9780199258505},
  keywords  = {Classifiers (Linguistics);Lexical grammar;Semantics, Comparative;Grammar, Comparative and general;Parts of speech;Semantics;Kopula;Semantisches Merkmal;Sprachliche Universalien},
}

@Book{Dixon2010,
  title     = {{{B}}asic linguistic theory, vol. 2: {{G}}rammatical topics},
  publisher = {Oxford University Press},
  year      = {2010},
  author    = {Dixon, R. M. W.},
  address   = {Oxford},
}

@InProceedings{Curnow2000,
  author    = {Curnow, Timothy J.},
  title     = {{{T}}owards a cross-linguistic typology of copula constructions},
  booktitle = {{{P}}roceedings of the 1999 conference of the {{A}}ustralian {{L}}inguistic {{S}}ociety},
  year      = {2000},
  editor    = {Henderson, John},
  pages     = {1--9},
  publisher = {Australian Linguistic Society},
}

@article{Bickel.etal2015,
  author    = {Bickel, Balthasar and Witzlack-Makarevich, Alena and Choudhary, Kamal Kumar and Schlesewsky, Matthias and Bornkessel-Schlesewsky, Ina and Smith, Kenny},
  title     = {{{T}}he Neurophysiology of Language Processing Shapes the Evolution of Grammar: {{E}}vidence from Case Marking},
  Journal = {PLOS ONE},
  volume={10},
  pages={e0132819},
  doi={10.1371/journal.pone.0132819},
  year      = {2015},
}

@InCollection{Forker2019,
  author    = {Forker, Diana},
  title     = {{{G}}rammatical relations in {{S}}anzhi {{D}}argwa},
  booktitle = {Argument selectors: {{A}} new perspective on grammatical relations},
  publisher = {Benjamins},
  year      = {2019},
  editor    = {Witzlack-Makarevich, Alena and Bickel, Balthasar},
  address   = {Amsterdam},
  pages     = {69--106},
}

@Article{Nichols1980,
  author  = {Nichols, Johanna},
  title   = {{{C}}ontrol and ergativity in {{C}}hechen},
  journal = {Chicago Linguistic Society},
  year    = {1980},
  volume  = {16},
  pages   = {259--268},
}

@Article{Crisp1983,
  author  = {Crisp, Simon},
  title   = {{{S}}ubject marking in some languages of {{D}}aghestan},
  journal = {Paper in Linguistics},
  year    = {1983},
  volume  = {16},
  pages   = {203--216},
}

@Article{Comrie.etal2011,
  author  = {Comrie, Bernard and Forker, Diana and Khalilova, Zaira},
  title   = {{{A}}lignment typology, reflexives, and reciprocals in {{T}}sezic languages},
  journal = {Proceedings of the 37th Annual Meeting of the Berkeley Linguistics Society},
  year    = {2013},
  volume  = {37},
  pages   = {32--51},
}

@Article{Kibrik1997,
  author  = {Kibrik, Aleksandr E.},
  title   = {{{B}}eyond subject and object: {{T}}owards a comprehensive relational typology},
  journal = {Linguistic Typology},
  year    = {1997},
  volume  = {1},
  pages   = {279--346},
}

@Book{Kibrik2003,
  title     = {{{K}}onstanty i peremennye jazyka \emph{[{{C}}onstants and variables of language]}},
  publisher = {Aleteja},
  year      = {2003},
  author    = {Kibrik, Aleksandr E.},
  address   = {St. Petersburg},
}

@InCollection{Kibrik1985,
  author    = {Kibrik, Aleksandr E.},
  title     = {{{T}}oward a typology of ergativity},
  booktitle = {{{G}}rammar inside and outside the clause. {{S}}ome approaches to theory from the field},
  publisher = {Cambridge University Press},
  year      = {1985},
  editor    = {Nichols, Johanna and Woodbury, Anthony},
  pages     = {268-–323},
  address   = {Cambridge},
}

@Book{Foley.vanValin1984,
  title     = {{{F}}unctional syntax and universal grammar},
  publisher = {Cambridge University Press},
  year      = {1984},
  author    = {Foley, William A. and {Van Valin}, Robert D.},
  address   = {Cambridge},
}

@Book{Dixon1994,
  title     = {{{E}}rgativity},
  publisher = {Cambridge University Press},
  year      = {1994},
  author    = {Dixon, R. M. W.},
  address   = {Cambridge},
}

@Book{PolinskyInPress,
  editor    = {Polinsky, Maria},
  title = {{{T}}he {{O}}xford handbook of languages of the {{C}}aucasus},
  publisher = {Oxford University Press},
  year      = {2020},
  address   = {Oxford},
}


@Book{KoryakovEtAllInPreparation,
  editor    = {Koryakov, Yuri and Lander, Yury and Maisak, Timur},
  title     = {{{T}}he {{C}}aucasian Languages: {{A}}n International Handbook},
  booktitle = {{{T}}he {{C}}aucasian Languages: {{A}}n International Handbook},
  publisher = {de Gruyter},
  pubstate  = {Submitted},
  address   = {Berlin},
}

@InCollection{Comrie.vandenBerg2006,
  author    = {Comrie, Bernard and {van den Berg}, Helma},
  title     = {{{E}}xperiencer constructions in {{D}}aghestanian languages},
  booktitle = {{{S}}emantic role universals and argument linking: {{T}}heoretical, typological and psycholinguistic perspectives},
  publisher = {de Gruyter},
  year      = {2006},
  editor    = {Bornkessel, Ina and Schlesewsky, Matthias and Comrie, Bernard and Friederici, Angela D.},
  pages     = {127--154},
  address   = {Berlin},
}

@InCollection{Ganenkov2006,
  author    = {Ganenkov, Dmitry},
  title     = {{{E}}xperiencer coding in {{N}}akh-{{D}}aghestanian},
  booktitle = {{{C}}ase, Valency and Transitivity},
  publisher = {Benjamins},
  year      = {2006},
  editor    = {Kulikov, Leonid and Malchukov, Andrej and {de Swart}, Peter},
  pages     = {179--202},
  address   = {Amsterdam},
}

@Book{Khalilova2009,
  title     = {{{A}} grammar of {{K}}hwarshi},
  publisher = {LOT},
  year      = {2009},
  author    = {Khalilova, Zaira},
  address   = {Utrecht},
}

@InCollection{Ganenkov2013,
  author    = {Ganenkov, Dmitry},
  title     = {{{D}}iachrony of experiencer subject marking. {{E}}vidence from {{E}}ast {{C}}aucasian},
  booktitle = {{{T}}he diachronic typology of non-canonical subjects},
  publisher = {Benjamins},
  year      = {2013},
  editor    = {Ser{\v{z}}ant, Ilja A. and Kulikov, Leonid},
  pages     = {231--256},
  address   = {Amsterdam},
  isbn      = {9789027271303},
}

@InCollection{Polinsky2005,
  author    = {Polinsky, Maria},
  title     = {{{A}}ntipassive constructions},
  booktitle = {{{T}}he world atlas of language structures},
  publisher = {Oxford University Press},
  year      = {2005},
  editor    = {Haspelmath, Martin and Dryer, Matthew S. and Gil, David and Comrie, Bernard},
  pages     = {438--441},
  address   = {Oxford},
}

@InCollection{Dryer2005,
  author    = {Dryer, Matthew S.},
  title     = {{{P}}osition of Interrogative Phrases in Content Questions},
  booktitle = {{{T}}he world atlas of language structures},
  publisher = {Oxford University Press},
  year      = {2005},
  editor    = {Haspelmath, Martin and Dryer, Matthew S. and Gil, David and Comrie, Bernard},
  pages     = {378--381},
  address   = {Oxford},
}

@Unpublished{vandenBergManuscript,
  author  = {{van den Berg}, Helma},
  title   = {{{A}}ntipassive constructions in {{N}}akh-{{D}}aghestanian languages, {{M}}s.},
  year    = {2003},
}

@Article{Tatevosov2011,
  author  = {Tatevosov, Sergei},
  title   = {{{D}}etelicization and argument suppression: {{E}}vidence from {{G}}odoberi},
  journal = {Linguistics},
  year    = {2011},
  volume  = {49},
  pages   = {135--174},
}

@InCollection{ComrieEtAlXXXX,
  author    = {Comrie, Bernard and Forker, Diana and Khalilova, Zaira},
  title     = {{{A}}ntipassives in {{N}}akh-{{D}}aghestanian Languages: {{E}}xploring the Margins of a Construction},
  booktitle = {The multifaceted nature of Antipassive},
  publisher = {Benjamins},
  pubstate      = {Forthcoming},
  sortyear  = {2020},
  editor    = {Janic, Katarzyna and Witzlack-Makarevich, Alena},
  address   = {Amsterdam},
}

@InCollection{Kulikov2011,
  author    = {Kulikov, Leonid},
  title     = {{{V}}oice typology},
  booktitle = {{{T}}he {{O}}xford Handbook of linguistic typology},
  publisher = {Oxford University Press},
  year      = {2011},
  editor    = {Song, Jae Jung},
  pages     = {368--398},
  address   = {Oxford},
}

@Article{Shaxbanov2009,
  author  = {Šaxbanov, Marko},
  title   = {{{P}}erepis’ 2010 i nacional’nyj vopros v {{D}}agestane [{{T}}he 2010 census and the national question in {{D}}agestan]},
  journal = {Novoe delo},
  year    = {2009},
  volume  = {33},
  pages   = {24--25},
}

@InCollection{Forker2012b,
  author    = {Forker, Diana},
  title     = {{{S}}patial relations in {{H}}inuq and {{B}}ezhta},
  booktitle = {{{S}}pace and time across languages, disciplines, and cultures},
  publisher = {Benjamins},
  year      = {2012},
  editor    = {Filipovi{\'c}, Luna and Jaszczolt, Kasia M.},
  pages     = {15--34},
  address   = {Amsterdam},
}

@InCollection{Creissels2012,
  author    = {Creissels, Denis},
  title     = {{{E}}xternal agreement in the converbal construction of {{N}}orthern {{A}}khvakh},
  booktitle = {Clause Linkage in Cross-linguistic Perspective},
  publisher = {de Gruyter},
  year      = {2012},
  editor    = {Diessel, Holger and Gast, Volker},
  pages     = {127--156},
  address   = {Berlin},
}

@InCollection{Chumakina2014,
  author    = {Chumakina, Marina},
  title     = {{{S}}emantičeskoe soglasovanie v arčinskom jazyke [{{S}}emantic agreement in {{A}}rchi]},
  booktitle = {Jazyk. {{K}}onstanty. {{P}}eremennye. \emph{[{{L}}anguages. {{C}}onstants. {{V}}ariables.]}},
  publisher = {Aleteja},
  year      = {2014},
  editor    = {Daniel, Michael and Plungian, Vladimir and Lyutikova, Ekatarina A.},
  pages     = {454--470},
  address   = {St. Petersburg},
}

@InCollection{Forker2016c,
  author    = {Forker, Diana},
  title     = {{{C}}omplementizers in {{H}}inuq},
  booktitle = {{{S}}emantic functions of complementizers in {{E}}uropean languages},
  publisher = {de Gruyter},
  year      = {2016},
  editor    = {Boye, Kasper and Kehayov, Petar},
  pages     = {745--792},
  address   = {Berlin},
}

@Article{Komen2007,
  author  = {Komen, Erwin R.},
  title   = {{{C}}hechen vowel inventory},
  journal = {Leiden Papers in Linguistics},
  year    = {2007},
  volume  = {4},
  pages   = {33--60},
}

@InCollection{ButtKing1996,
  author    = {Butt, Miriam and King, Tracy Holloway},
  title     = {{{S}}tructural topic and focus without movement},
  booktitle = {Proceedings of {LFG}},
    editor	= {Butt, Miriam and King, Tracy Holloway},
  publisher = {CSLI Publications},
  year      = {1996},
}

@Article{Comrie1984,
  author  = {Comrie, Bernard},
  title   = {{{S}}ome Formal Properties of Focus in {{M}}odern {{E}}astern {{A}}rmenian},
  journal = {Annual of Armenian Linguistics},
  year    = {1984},
  volume  = {5},
  pages   = {1--21},
}

@Article{GanenkovForthcoming,
  author  = {Ganenkov, Dmitry},
  title   = {{{G}}ender agreement alternation in {{A}}qusha {{D}}argwa: {{A}} case against information structure},
  journal = {Studies in Language},
  year    = {2018},
  volume  = {42},
  pages   = {529--561},
}

@Misc{Ganenkov2012,
  author = {Ganenkov, Dmitry},
  title  = {\emph{{{P}}artial control with overt embedded subjects. ({{P}}aper presented at the conference {{T}}ypology, {{T}}heory: {{C}}aucasus, {{B}}ogaziçi {{U}}niversity \& {IFEA}, 29. November -- 1. December 2012)}},
  year   = {2012},
}

@Misc{BelyaevInPreparation,
  author = {Belyaev, Oleg},
  title  = {{{A}} grammar of {{S}}hiri {{D}}argwa. \emph{{{M}}s}},
  pubstate  = {In Preparation},
  sortyear  = {2020},
}

@Book{DanielMehweb,
  title     = {{{T}}he {{M}}ehweb language. {{S}}elected essays on phonology, morphology and syntax},
  publisher = {Language Science Press},
  year      = {2019},
  editor    = {Daniel, Michael and Ganenkov, Dmitry and Dobrushina, Nina},
  address   = {Berlin},
}

@InCollection{KustovaForthcoming,
  author    = {Kustova, Marina},
  title     = {{{G}}eneral converbs in {{M}}ehweb},
  booktitle = {{{T}}he {{M}}ehweb language. {{S}}elected essays on phonology, morphology and syntax},
  publisher = {Language Science Press},
  year      = {2019},
  pages     = {184--195},
  editor    = {Daniel, Michael and Ganenkov, Dmitry and Dobrushina, Nina},
  address   = {Berlin},  
}

@InCollection{GanenkovChiragSketch,
  author    = {Ganenkov, Dmitry},
  title     = {{{A}} sketch grammar of {{C}}hirag {{D}}argwa},
  booktitle = {{{T}}he {{C}}aucasian Languages: {{A}}n International Handbook},
  publisher = {de Gruyter},
  pubstate      = {Submitted},
  sortyear  = {2020},
  editor    = {Koryakov, Yuri and Lander, Yury and Maisak, Timur},
  address   = {Berlin},
}

@InCollection{DobrushinaDanielKoryakov,
  author    = {Dobrushina, Nina and Daniel, Michael and Koryakov, Yuri},
  title     = {{{L}}anguages and sociolinguistics of the {{C}}aucasus},
  booktitle = {{{T}}he {{O}}xford handbook of languages of the {{C}}aucasus},
  publisher = {Oxford University Press},
  year      = {2020},
  editor    = {Polinsky, Maria},
  address   = {Oxford},
}


@InCollection{SumbatovaInPreparation,
  author    = {Sumbatova, Nina},
  title     = {{{D}}argwa languages},
  booktitle = {{{T}}he {{C}}aucasian Languages: {{A}}n International Handbook},
  publisher = {de Gruyter},
  pubstate      = {Submitted},
  sortyear      = {2020},
  editor    = {Koryakov, Yuri and Lander, Yury and Maisak, Timur},
  address   = {Berlin},
}

@InCollection{ForkerSanzhiSketch,
  author    = {Forker, Diana},
  title     = {{{A}} sketch grammar of {{S}}anzhi {{D}}argwa},
  booktitle = {{{T}}he {{C}}aucasian Languages: {{A}}n International Handbook},
  publisher = {de Gruyter},
  pubstate      = {Submitted},
  sortyear  = {2020},
  editor    = {Koryakov, Yuri and Lander, Yury and Maisak, Timur},
  address   = {Berlin},
}

@Book{EvansWatanabe2016,
  title     = {The dynamics of insubordination},
  publisher = {Benjamins},
  year      = {2016},
  editor    = {Evans, Nicholas and Watanabe, Honoré},
  address   = {Amsterdam},
}

@InCollection{ComrieForkerKhalilova2016,
  author    = {Comrie, Bernard and Forker, Diana and Khalilova, Zaira},
  title     = {{{I}}nsubordination in the {{T}}sezic languages},
  booktitle = {The dynamics of insubordination},
  publisher = {Benjamins},
  year      = {2016},
  editor    = {Evans, Nicholas and Watanabe, Honoré},
  pages     = {171--182},
  address   = {Amsterdam},
}

@InCollection{Forker2017,
  author    = {Forker, Diana},
  title     = {{{E}}rgativity in {{N}}akh-{{D}}aghestanian languages},
  booktitle = {{{T}}he {{O}}xford handbook of ergativity},
  publisher = {Oxford University Press},
  year      = {2017},
  editor    = {Coon, Jessica and Massam, Diane and Travis, Lisa},
  pages     = {851--872},
  address   = {Oxford},
}

@InCollection{Comrie.Forker.Khalilova2017,
  author    = {Comrie, Bernard and Forker, Diana and Khalilova, Zaira},
  title     = {{{G}}eneral noun-modifying clause constructions in {{H}}inuq and {{B}}ezhta, with a note on other {{D}}aghestanian languages},
  booktitle = {{{N}}oun-modifying clause constructions in languages of {{E}}urasia},
  publisher = {Benjamins},
  year      = {2017},
  editor    = {Matsumoto, Yoshiko and Comrie, Bernard and Sells, Peter},
  pages     = {121--146},
  address   = {Amsterdam},
}

@InCollection{Gildea1994,
  author    = {Spike, Gildea},
  title     = {{{S}}emantic and pragmatic inverse: {{I}}nverse alignment and inverse voice in {{C}}arib of {{S}}urinam},
  booktitle = {{{V}}oice and inversion},
  publisher = {Benjamins},
  year      = {1994},
  editor    = {Givón, Talmy},
  pages     = {187--230},
  address   = {Amsterdam},
}

@Comment{jabref-meta: databaseType:bibtex;}
