% Include entries that you actually cite. Do not copy here your whole bib-file.

@INCOLLECTION{sciullo2005,
   	author = {Anna-Maria {Di Sciullo} and Roumyana Slabakova},
   	year = 2005,
   	title = {Quantification and aspect},
   	booktitle = {Perspectives on Aspect},
   	editor = {Angeliek van Hout and Henriëtte de Swart and Henk Verkuyl},
   	address = {Dordrecht},
   	publisher = {Springer},
	pages = {61-80},
    doi = {10.1007/1-4020-3232-3_4},
}

@incollection{tatevosov2015,
  title={Severing imperfectivity from the verb},
  author={Tatevosov, Sergei},
 booktitle={Slavic Grammar from a Formal Perspective: {The} 10th Anniversary {FDSL} Conference, {Leipzig} 2013},
  pages={465--494},
  year={2015},
  editor = {Gerhild Zybatow and Petr Biskup and Marcel Guhl and Claudia Hurtig and Olav Mueller-Reichau and Maria Yastrebova},
  address={Frankfurt/M.},
  publisher={Peter Lang},
}

@book{lazinski20,
  title={Wyk{\l}ady o aspekcie polskiego czasownika},
  author={{\L}azi{\'n}ski, Marek},
  year={2020},
  publisher={Wydawnictwa Uniwersytetu Warszawskiego},
address = {Warszawa},
  doi={10.31338/uw.9788323542346},
}


@article{ferreira2016,
  title={The semantic ingredients of imperfectivity in progressives, habituals, and counterfactuals},
  author={Marcelo Ferreira},
  journal={Natural Language Semantics},
  volume={24},
  pages={353-397},
  year={2016},
  doi = {10.1007/s11050-016-9127-2},
}

@PhdThesis{kwapiszewski2022,
  author    = {Arkadiusz Kwa\-pi\-szew\-ski},
  title     = {Aspect and event structure: {The} morphosyntax of {Polish} verbs from a cross-linguistic perspective},
  school    = {University of Oxford},
address = {Oxford},
  year      = {2022},
 }

@BOOK{nicolova2017,
  author = {Ruselina Nicolova},
  year = {2017},
  title = {Bulgarian Grammar},
  address = {Berlin},
  publisher = {Frank and Timme},
}

@article{klimek2022,
  title={The status of secondary imperfectivization in
{Polish}: {Evidence} from {VP} idioms},
  author={Dorota Klimek-Jankowska and Joanna Błaszczak},
  journal={Journal of Slavic Linguistics}, 
  number= {FASL 29 extra issue},
  volume={30},
  pages={1-19},
  year={2022},
  doi = {10.1353/jsl.2022.a923068},
}

@article{klimekNLLT,
    author = {Dorota Klimek-Jankowska and Joanna Błaszczak},
    title = {The interaction of idioms and aspect in {Polish}},
    journal = {Natural Language \& Linguistic Theory},
    volume = {42},
    pages = {153–207},
    year = {2023},
    doi = {10.1007/s11049-023-09577-2},
}

@article{rivero2014,
  title={Imperfect(ive) variation: {The} case of {Bulgarian}},
  author={Maria Luisa Rivero and Nikolay Slavkov},
  journal={Lingua},
  volume    = {21},
  pages={232-277},
  year={2014},
  doi={10.1016/j.lingua.2014.07.019},
}

@BOOK{cinque1999,
  author = {Guglielmo Cinque},
  year = {1999},
  title = {Adverbs and functional heads: {A} cross-linguistic perspective},
  address = {Oxford},
  publisher = {Oxford University Press},
  doi = {10.1093/oso/9780195115260.001.0001},
}

@Article{Bailyn2004,
  author    = {John F. Bailyn},
  title     = {Generalized inversion},
  journal   = {Natural Language \& Linguistic Theory},
  year      = {2004},
  volume    = {22},
  number    = {1},
  pages     = {1-49},
  doi = {10.1023/B:NALA.0000005556.40898.a5},
}

@book{arsenijevic2006,
  author    = {Arsenijević, Boban},
  title     = {Inner aspect and telicity: {The} decompositional and the quantificational    nature of eventualities at the syntax-semantics interface},
  address    = {Utrecht},
  year      = {2006},
  publisher = {LOT},
series = {LOT Dissertation Series},
number = {142},
 }

@book{babko1999,
  title={Zero morphology: {A} study of aspect, argument structure and case},
  author={Babko-Malaya, Olga},
  year={1999},
  address={Rutgers, NJ},
  publisher={The State University of New Jersey-New Brunswick},
}

@incollection{biskup2012,
  title={Slavic prefixes and adjectival participles},
  author={Biskup, Petr},
 booktitle={Slavic languages in formal grammar: {Proceedings} of {FDSL} 8.5, {Brno} 2010},
  pages={271-289},
  year={2012},
  editor = {Ziková, Markéta and Mojmír Dočekal},
  address={Frankfurt am Main},
  publisher={Peter Lang},
}

@book{biskup2019,
  title={Prepositions, case and verbal prefixes: {The} case of {Slavic}},
  author={Biskup, Petr},
  year={2019},
  publisher={John Benjamins},
address = {Amsterdam},
doi = {10.1075/la.255},
}


@incollection{boguslawski1963,
 title={Czasowniki dokonane i niedokonane i ich stosunki wzajemne},
  author={Bogusławski, Andrzej},
  booktitle={Z polskich studiów slawistycznych},
   editor={Doroszewski, Witold},
   pages={153-159},
   year={1963},
   address={Warszawa},
  publisher={Polska Akademia Nauk},
}

@incollection{endo2014,
  title={The symmetric syntax of Japanese complex verbs and Slavic prefixes},
  author={Endo, Yoshio and Wiland, Bartosz},
  booktitle={On peripheries: Exploring clause initial and clause final positions},
  editor={Cardinaletti, Anna and Cinque, Guglielmo and Endo, Yoshio},
  year={2014},
  address={Tokyo},
  publisher={Hituzi Syobo Publishing},
  pages={137-155},
}

@book{filip1999,
  title={Aspect, eventuality types, and nominal reference},
  author={Filip, Hana},
  year={1999},
  address={New York},
  publisher={Garland},
  doi = {10.4324/9780203827413},
}

@incollection{filip2005,
	__markedentry = {[felix:6]},
	address = {Dordrecht},
	author = {Filip, Hana},
	booktitle = {Perspectives on aspect},
	doi = {10.1007/1-4020-3232-3_7},
	editor = {Verkuyl, Henk and Henriëtte {de Swart} and Angeliek {van Hout}},
	pages = {125--148},
	publisher = {Springer},
	title = {On accumulating and having it all: {Perfectivity}, prefixes and bare arguments},
	year = {2005},
}

@article{filip1997,
  title={Sui generis genericity},
  author={Filip, Hana and Carlson, Greg},
  journal={University of Pennsylvania Working Papers in Linguistics},
  volume={4},
  number={2},
  pages={91-110},
  year={1997},
  publisher={Philadelphia: University of Pennsylvania},
}

@incollection{grzegorczykowa1997, 
title = {Nowe spojrzenie na kategori{\k{e}} aspektu w perspektywie semantyki kognitywnej [A new approach to the category of aspect from a cognitive semantics perspective]}, 
author = {Grzegorczykowa, Renata}, booktitle = {Semantyczna struktura s{\l}ownictwa i wypowiedzi [The semantic structure of vocabulary and utterance]},
editor = {Grzegorczykowa, Renata and Zaron, Zofia},
publisher = {Warszawa: Wydawnictwo Uniwersytetu Warszawskiego},
pages = {25-38},
year = {1997},
  }

@article{istratkova2004,
  title={On multiple prefixation in {Bulgarian}},
  author={Istratkova, Vyara},
  journal={Nordlyd, Tromso Working Papers on Language and Linguistics: Special Issue on Slavic Prefixes},
  volume={32},
  number={2},
  pages={301-321},
  year={2004},
  doi = {10.7557/12.71},
}

@article{janda2010,
  title={Taking apart {Russian} \textit{raz-}},
  author={Janda, Laura A. and Nesset, Tore},
  journal={The Slavic and East European Journal},
  volume = {54},
  number = {3},
  pages={476-501},
  year={2010},
  url={http://www.jstor.org/stable/23345086},
}

@article{janda2013,
  title={Semantic Profiles of Five {Russian} Prefixes: \textit{po-}, \textit{s-}, \textit{za-}, \textit{na-}, \textit{pro-}},
  author={Janda, Laura A. and Lyashevskaya, Olga},
  journal={Journal of Slavic Linguistics},
volume = {21},
number = {2},
  pages={211-258},
  year={2013},
  doi = {10.1353/jsl.2013.0012},
}

@phdthesis{lazorczyk2010,
  title={Decomposing {Slavic} aspect: {The} role of aspectual morphology in {Polish} and other {Slavic} Languages},
  author={{\L}azorczyk, Agnieszka},
  year={2010},
  school={University of Southern California},
address = {Los Angeles, CA},
}

@article{markova2011,
  title={On the nature of {Bulgarian} prefixes: {Ordering} and modification in multiple prefixation},
  author={Markova, Angelina},
  journal={Word Structure},
  volume={4},
  number={2},
  pages={244-271},
  year={2011},
  doi = {10.3366/word.2011.0013},
}

@article{milicevic2004lexical,
  title={The lexical and superlexical verbal prefix \textit{iz-} and its role in the stacking of prefixes},
  author={Mili{\'c}evi{\'c}, Nata{\v{s}}a},
   journal={Nordlyd},
  volume={32},
  number={2},
  pages={279-300},
  year={2004},
}

@book{mlynarczyk2004,
  title={Aspectual pairing in {Polish}},
  author={M{\l}ynarczyk, Anna Katarzyna},
  year={2004},
  address ={Utrecht},
  publisher = {LOT},
series = {LOT Dissertation Series},
number = {87},
}


@article{ramchand2008a,
  title={Perfectivity as aspectual definiteness: {Time} and the event in {Russian}},
  author={Ramchand, Gillian},
  journal={Lingua},
  volume={118},
  number={11},
  pages={1690-1715},
  year={2008},
  doi={10.1016/j.lingua.2007.03.008},
}

@book{ramchand2008b,
  title={Verb meaning and the lexicon: {A} first-phase syntax},
  author={Ramchand, Gillian},
  volume={116},
  year={2008},
  publisher={Cambridge: University Press Cambridge},
  doi =  {10.1017/CBO9780511486319},
}

@article{ramchand2004,
  title={Time and the event: {The} semantics of {Russian} prefixes},
  author={Ramchand, Gillian},
  journal={Nordlyd},
  volume={32},
  number={2},
  pages={323-361},
  year={2004},
  doi={10.7557/12.72},
}

@article{romanova2004,
  title={Superlexical versus lexical prefixes},
  author={Romanova, Eugenia},
  journal={Nordlyd},
  volume={32},
  number={2},
  pages={255–278},
  year={2004},
  doi={10.7557/12.69},
}

@phdthesis{romanova2007,
  title={Constructing perfectivity in {Russian}},
  author={Romanova, Eugenia},
  year={2007},
  school={University of Troms{\o}},
address = {Tromsø},
}

@article{rothstein2020,
  title={Perfective is a {V} operator in {Slavic}, though not in {English}},
  author={Rothstein, Susan},
  journal={Current development in Slavic linguistics. Twenty years after (based on selected papers from FDSL 11)},
  pages={155-172},
  editor={Radeva-Bork, Teodora and Kosta, Peter},
  year={2020},
  address={Berlin},
  publisher={Peter Lang},
}


@book{schoorlemmer1995,
  title={Participial passive and aspect in {Russian}},
  author={Schoorlemmer, Maaike},
  year={1995},
	address = {Utrecht},
	publisher = {OTS},
}

@article{svenonius2004a,
  title={Slavic prefixes inside and outside {VP}},
  author={Svenonius, Peter},
  journal={Nordlyd},
  volume={32},
  number={2},
  year={2004},
  pages={205-253},
  doi = {10.7557/12.68},
}

@article{svenonius2004b,
  title={Slavic prefixes and morphology: {An} introduction to the {Nordlyd} volume},
  author={Svenonius, Peter},
  journal={Nordlyd},
  volume={32},
  number={2},
  year={2004},
  pages={177-204},
  doi = {10.7557/12.67},
}

@inproceedings{tatevosov2008,
  title={Intermediate prefixes in Russian},
  author={Tatevosov, Sergei},
  booktitle={Proceedings of the Annual Workshop on Formal Approaches to Slavic Linguistics 16. The Stony Brook Meeting},
  volume={16},
  pages={423-445},
  year={2008},
  editor={Antonenko, Andrei and Bailyn, John F.},
  publisher={Ann Arbor: Michigan Slavic Publications},
}

@article{tatevosov2011,
  title={Severing perfectivity from the verb},
  author={Tatevosov, Sergei},
  journal={Scando-Slavica},
  volume={57},
  number = {2},
  pages={216-244},
  year={2011},
  doi={10.1080/00806765.2011.631782},
}

@incollection{wiland2012,
  title={Prefix stacking, syncretism and the syntactic hierarchy},
  author={Wiland, Bartosz},
  editor={Ziková, Markéta and Dočekal, Mojmír},
  booktitle={Slavic Languages in Formal Grammar: {Proceedings} of {FDSL} 8.5, {Brno} 2010},
  year={2012},
  address={Frankfurt am Main},
publisher = {Peter Lang},
  pages={307-324},
}

@book{willim2006,
	author = {Willim, Ewa},
	title = {Event, individuation and countability: {A} study with special reference to {English} and {Polish}},
	publisher = {Jagiellonian University Press},
	address = {Kraków},
	year = {2006},
}


@inproceedings{zaucer2012,
  title={The Syntax of perdurative-prefixed verbs (and the {VP}-internal/ {VP}-external prefix distinction)},
  author={Žaucer, Rok},
  pages={339-355},
  year={2012},
 booktitle={Slavic languages in formal grammar: {Proceedings} of {FDSL} 8.5, {Brno} 2010},
  editor = {Ziková, Markéta and Mojmír Dočekal},
  address={Frankfurt am Main},
  publisher={Peter Lang},
}

@article{lazinski11,
  title={{P}olish aspectual prefixes, their order and functions: {A} study based on the {National} {Corpus} of {Polish}},
  author={{\L}azi{\'n}ski, Marek},
  journal={Word Structure},
  volume={4},
  number={2},
  pages={231--243},
  year={2011},
  doi={10.3366/word.2011.0012},
}


@article{wiemer-et-al-20,
  title={Badania aspektu w językach polskim, czeskim i rosyjskim za pomocą korpusów i baz danych (pierwsze podsumowanie tematu)},
  author={Wiemer, Bj{\"o}rn and Wrzesie{\'n}-Kwiatkowska, Joanna and {\L}azi{\'n}ski, Marek},
  journal={Forum Lingwistyczne},
  volume={7},
  pages={45--58},
  year={2020},
doi = {10.31261/FL.2020.07.04},
}


@book{dickey-book,
  title={Parameters of {Slavic} aspect: {A} Cognitive Approach},
  author={Dickey, Stephen M.},
  year={2000},
  publisher={CSLI Publications}, 
address = {Stanford, CA},
}

@article{baker85,
  title={The mirror principle and morphosyntactic explanation},
  author={Baker, Mark},
  journal={Linguistic inquiry},
  volume={16},
  number={3},
  pages={373--415},
  year={1985},
  publisher={JSTOR}
}

