% This is the bib file by Elena Lieven's paper. It is in very bad shape and must be tidied up before incorporating it in localbibliography.bib


Ambridge, B. \& Lieven, E. (2011) \textit{Child Language Acquisition: Contrasting theoretical   approaches.}  Cambridge: CUP

Ambridge, Ben, Pine, Julian \& Lieven, \citet{Elena2014} Child language acquisition: Why Universal   Grammar doesn’t help. \textit{Language 90}, 3 (2014) e53-e90. 

Anderson, D.K., Oti, R.S., Lord, C. \& Welch, K. (2009). Patterns of growth in adaptive social abilities among children with autism spectrum disorders. \textit{Journal of Abnormal Child Psychology, 37}, 1019-1034.

Brock, Jon \& Caruna, \citet{Nathan2014} reading for sound and reading for meaning in autism.  In J. Arcuili \& J. Brock (Eds.) \textit{Communication in autism} (pps.125-145).  Amsterdam: John Benjamins Publishing Company

Brown, P. (2011). The cultural organization of attention. In A. Duranti, E. Ochs, \& B.B.  Schieffelin (Eds.), \textit{The handbook of language socialization }(pp. 29–55). Malden: Wiley-Blackwell.

Callaghan, T. C., Moll, H., Rakoczy, H., Warneken, F., Liszkowski, U., Behne, T., \& Tomasello, M. (2011). Early social cognition in three cultural contexts. \emph{Monographs of the Society for Research in Child Development, 76(2)}, 1-142. 

@misc{Carpenter1998,
	author = {Carpenter, M., Nagell, K.,  and  Tomasello, M},
	title = {Social cognition, joint attention, and communicative competence from 9 to 15 months of age. \textit{Monographs of the Society for Research in Child Development, Volume 255.}},
	year = {1998}
}

@misc{Carpenter2000,
	author = {Carpenter, M.,  and  Tomasello, M},
	title = {Joint attention, cultural learning, and language acquisition: Implications for children with autism. In A. M. Wetherby \& B. M. Prizant (Eds.),  C\textit{ommunication and language issues in autism and pervasive developmental disorder: A transactional developmental perspective }(pp. 31-54). Baltimore, MD: Brookes.
},
	year = {2000}
}
DePaolis, R. A., Vihman, M. M. \& Keren-Portnoy, T. (2014). When do infants begin   recognizing familiar words in sentences? \textit{Journal of Child Language , 41}, 226-239. 

{Enfield, N. J. }{(2013).}{ }{\textit{Relationship thinking: Agency, enchrony, and human sociality}}{. New   York: Oxford University Press.} 

@book{Fernald2006,
	address = {Names in frames},
	author = {Fernald, A.,  and  Hurtado, N.},
	publisher = {Infants interpret words in sentence   frames faster than words in isolation. \textit{Developmental Science,  9}, F33-F40},
	year = {2006}
}

@article{Gliga2014,
	author = {Gliga, T., Jones, E.J.H, Bedford, R., Charman, T., Johnson, M.H},
	journal = {\textit{Developmental Review, }},
	number = {34},
	pages = {189-207},
	title = {From early markers to   neuro-develpmental mechanisms of autism},
	volume = {3},
	year = {2014}
}

@article{\href{https://outlook.manchester.ac.uk/owa/redir.aspx?SURL=pvz5xDQF8d_7Iv-5iUTu6npLRF_wwINqWKLKVlN9CFJk60yOANPSCGgAdAB0AHAAOgAvAC8AdwB3AHcALgBuAGMAYgBpAC4AbgBsAG0ALgBuAGkAaAAuAGcAbwB2AC8AcAB1AGIAbQBlAGQALwA_AHQAZQByAG0APQBHAGkAbABsAGUAcwBwAGkAZQAtAEwAeQBuAGMAaAAlADIAMABLACUANQBCAEEAdQB0AGgAbwByACUANQBEACYAYwBhAHUAdABoAG8AcgA9AHQAcgB1AGUAJgBjAGEAdQB0AGgAbwByAF8AdQBpAGQAPQAyADIAMQA4ADcAMQAwADYA2187,
	author = {\href{https://outlook.manchester.ac.uk/owa/redir.aspx?SURL=pvz5xDQF8d_7Iv-5iUTu6npLRF_wwINqWKLKVlN9CFJk60yOANPSCGgAdAB0AHAAOgAvAC8AdwB3AHcALgBuAGMAYgBpAC4AbgBsAG0ALgBuAGkAaAAuAGcAbwB2AC8AcAB1AGIAbQBlAGQALwA_AHQAZQByAG0APQBHAGkAbABsAGUAcwBwAGkAZQAtAEwAeQBuAGMAaAAlADIAMABLACUANQBCAEEAdQB0AGgAbwByACUANQBEACYAYwBhAHUAdABoAG8AcgA9AHQAcgB1AGUAJgBjAGEAdQB0AGgAbwByAF8AdQBpAGQAPQAyADIAMQA4ADcAMQAwADYA  and  URL=http://www.ncbi.nlm.nih.gov/pubmed/?term=Gillespie-Lynch%20K%5BAuthor%5D  and  cauthor=true  and  cauthor_uid=2},
	journal = {Autism Dev Disord.}}},
	number = {42},
	pages = {161-74},
	title = {106}{Gillespie-Lynch K}, \href{https://outlook.manchester.ac.uk/owa/redir.aspx?SURL=LmOngwyvGVjlGiGiOfKd7QksvP-dGAABHkn-UaXD4WBk60yOANPSCGgAdAB0AHAAOgAvAC8AdwB3AHcALgBuAGMAYgBpAC4AbgBsAG0ALgBuAGkAaAAuAGcAbwB2AC8AcAB1AGIAbQBlAGQALwA_AHQAZQByAG0APQBTAGUAcABlAHQAYQAlADIAMABMACUANQBCAEEAdQB0AGgAbwByACUANQBEACYAYwBhAHUAdABoAG8AcgA9AHQAcgB1AGUAJgBjAGEAdQB0AGgAbwByAF8AdQBpAGQAPQAyADIAMQA4ADcAMQAwADYA & URL=},
	url = {http://www.ncbi.nlm.nih.gov/pubmed/?term=Sepeta%20L%5BAuthor%5D & cauthor=true & cauthor_uid=22187106}{Sepeta L}, \href{https://outlook.manchester.ac.uk/owa/redir.aspx?SURL=KULV0jhYpQnjA2ILQxUIbsEI18hFuMZP1mBwRqdI-Q5k60yOANPSCGgAdAB0AHAAOgAvAC8AdwB3AHcALgBuAGMAYgBpAC4AbgBsAG0ALgBuAGkAaAAuAGcAbwB2AC8AcAB1AGIAbQBlAGQALwA_AHQAZQByAG0APQBXAGEAbgBnACUAMgAwAFkAJQA1AEIAQQB1AHQAaABvAHIAJQA1AEQAJgBjAGEAdQB0AGgAbwByAD0AdAByAHUAZQAmAGMAYQB1AHQAaABvAHIAXwB1AGkAZAA9ADIAMgAxADgANwAxADAANgA. & URL=http:////www.ncbi.nlm.nih.gov/pubmed/?term=Wang%20Y%5BAuthor%5D & cauthor=true & cauthor_uid=22187106}{Wang Y}, \href{https://outlook.manchester.ac.uk/owa/redir.aspx?SURL=yeL-PBg5MQ6snQCsiGNJ3vVzoG8KCZJ7_OwadIZcg5Vk60yOANPSCGgAdAB0AHAAOgAvAC8AdwB3AHcALgBuAGMAYgBpAC4AbgBsAG0ALgBuAGkAaAAuAGcAbwB2AC8AcAB1AGIAbQBlAGQALwA_AHQAZQByAG0APQBNAGEAcgBzAGgAYQBsAGwAJQAyADAAUwAlADUAQgBBAHUAdABoAG8AcgAlADUARAAmAGMAYQB1AHQAaABvAHIAPQB0AHIAdQBlACYAYwBhAHUAdABoAG8AcgBfAHUAaQBkAD0AMgAyADEAOAA3ADEAMAA2AA.. & URL=http:////www.ncbi.nlm.nih.gov/pubmed/?term=Marshall%20S%5BAuthor%5D & cauthor=true & cauthor_uid=22187106}{Marshall S}, \href{https://outlook.manchester.ac.uk/owa/redir.aspx?SURL=e-evBepR0k9dJAEmcKICrZCkAYVHGu0gM68OtMm8fJNk60yOANPSCGgAdAB0AHAAOgAvAC8AdwB3AHcALgBuAGMAYgBpAC4AbgBsAG0ALgBuAGkAaAAuAGcAbwB2AC8AcAB1AGIAbQBlAGQALwA_AHQAZQByAG0APQBHAG8AbQBlAHoAJQAyADAATAAlADUAQgBBAHUAdABoAG8AcgAlADUARAAmAGMAYQB1AHQAaABvAHIAPQB0AHIAdQBlACYAYwBhAHUAdABoAG8AcgBfAHUAaQBkAD0AMgAyADEAOAA3ADEAMAA2AA.. & URL=http:////www.ncbi.nlm.nih.gov/pubmed/?term=Gomez%20L%5BAuthor%5D & cauthor=true & cauthor_uid=22187106}{Gomez L}, \href{https://outlook.manchester.ac.uk/owa/redir.aspx?SURL=cfCPAQxFPjIQMxxyBGbhikurqXQiuSZhHmlVRXYQrLdk60yOANPSCGgAdAB0AHAAOgAvAC8AdwB3AHcALgBuAGMAYgBpAC4AbgBsAG0ALgBuAGkAaAAuAGcAbwB2AC8AcAB1AGIAbQBlAGQALwA_AHQAZQByAG0APQBTAGkAZwBtAGEAbgAlADIAMABNACUANQBCAEEAdQB0AGgAbwByACUANQBEACYAYwBhAHUAdABoAG8AcgA9AHQAcgB1AGUAJgBjAGEAdQB0AGgAbwByAF8AdQBpAGQAPQAyADIAMQA4ADcAMQAwADYA & URL=http:////www.ncbi.nlm.nih.gov/pubmed/?term=Sigman%20M%5BAuthor%5D & cauthor=true & cauthor_uid=22187106}{Sigman M}, \href{https://outlook.manchester.ac.uk/owa/redir.aspx?SURL=mFQP1PaNo3YFdM0KekVIqKOH171LcHxUodeY_D9wt6Bk60yOANPSCGgAdAB0AHAAOgAvAC8AdwB3AHcALgBuAGMAYgBpAC4AbgBsAG0ALgBuAGkAaAAuAGcAbwB2AC8AcAB1AGIAbQBlAGQALwA_AHQAZQByAG0APQBIAHUAdABtAGEAbgAlADIAMABUACUANQBCAEEAdQB0AGgAbwByACUANQBEACYAYwBhAHUAdABoAG8AcgA9AHQAcgB1AGUAJgBjAGEAdQB0AGgAbwByAF8AdQBpAGQAPQAyADIAMQA4ADcAMQAwADYA & URL=http:////www.ncbi.nlm.nih.gov/pubmed/?term=Hutman%20T%5BAuthor%5D & cauthor=true & cauthor_uid=22187106}{Hutman T}. 2012 Early childhood predictors of the social competence of adults with autism. \href{https://outlook.manchester.ac.uk/owa/redir.aspx?SURL=Xd4yFSfVdVByw_ZewIjdTlyqPD9EOTHEcN4-W4_4rgVk60yOANPSCGgAdAB0AHAAOgAvAC8AdwB3AHcALgBuAGMAYgBpAC4AbgBsAG0ALgBuAGkAaAAuAGcAbwB2AC8AcAB1AGIAbQBlAGQALwAyADIAMQA4ADcAMQAwADYAPwBkAG8AcAB0AD0AQQBiAHMAdAByAGEAYwB0ACMA & URL=http:////www.ncbi.nlm.nih.gov/pubmed/22187106?dopt=Abstract#}{ }\href{https://outlook.manchester.ac.uk/owa/redir.aspx?SURL=Xd4yFSfVdVByw_ZewIjdTlyqPD9EOTHEcN4-W4_4rgVk60yOANPSCGgAdAB0AHAAOgAvAC8AdwB3AHcALgBuAGMAYgBpAC4AbgBsAG0ALgBuAGkAaAAuAGcAbwB2AC8AcAB1AGIAbQBlAGQALwAyADIAMQA4ADcAMQAwADYAPwBkAG8AcAB0AD0AQQBiAHMAdAByAGEAYwB0ACMA & URL=http:////www.ncbi.nlm.nih.gov/pubmed/22187106?dopt=Abstract#}{\textit{J},
	volume = {2},
	year = {2187}
}

@article{Green2013,
	author = {Green J, Wan MW, Guiraud J, Holsgrove S, McNally J, Slonims V, Elsabbagh M, Charman T, Pickles A, Johnson M; BASIS Team},
	journal = {\emph{Journal of Autism and Developmental Disorders}},
	number = {43},
	pages = {2502-2514},
	title = {Intervention for infants at risk of developing autism: a case series},
	volume = {11},
	year = {2013}
}

Green J, Charman T, Pickles A, Wan MW, Elsabbagh M, Slonims V, Taylor C, McNall, J, Booth R, Gliga T, Jones EJH, Harrop C, Bedford R, Johnson MH, and the BASIS Team. (2015). Parent-mediated intervention versus no intervention for infants at high risk of autism: a parallel, single-blind, randomised trial. \emph{Lancet}, {\textbar} DOI:\href{http://dx.doi.org/doi.org/10.1016/S2215-0366(14)00091-1}{doi.org/10.1016/S2215-0366(14)00091-1}

Ibbotson Paul, ,Lieven Elena and Tomasello \citet{Michael2014}. The communicative contexts of grammatical aspect use in English \textit{Journal of Child Language} \textit{41}, 3~,705 – 723.  DOI: 10.1017/S0305000913000135

Jones, E.J., Gliga, T., Bedford, R., Charman, T., \& Johnson, M.H. (2014). Developmental pathways to autism: A review of prospective studies of infants at risk.~\textit{Neuroscience \& Biobehavioral Reviews, 39}, 1-33.

@book{Karmiloff-Smith2006,
	address = {Modules, genes and evolution: what have we learned from atypical development? \textit{Processes of Change in Brain and Cognitive Development:Attention and Performance}, 21},
	author = {Karmiloff-Smith, A.},
	publisher = {563–83},
	year = {2006}
}

@book{Leavens1998,
	address = {Intentional communication by chimpanzees},
	author = {Leavens, D. A.,  and  Hopkins, W. D.},
	publisher = {A cross-sectional study of the use of referential gestures. \textit{Developmental Psychology, 34}, 813 – 822},
	year = {1998}
}

Levinson, S.C. (2006). On the human ‘interaction engine’. In N. Enfield \& S.C. Levinson (Eds.),   \textit{Roots of sociality: Culture, cognition, and interaction }(pp. 39–69). Oxford: Berg.

@book{Lieven2013,
	address = {\textit{Human   Development, }56:178–206, \textit{DOI},
	author = {Lieven, E.  and  Stoll, S.},
	publisher = {10.1159/000351073}},
	title = {Early communicative development in two cultures},
	year = {2013}
}

Liszkowski, U., Brown, P., Callaghan, T., Takada, A., \& De Vos, C. (2012). A prelinguistic gestural universal of human communication. \textit{Cognitive Science, 36}, 698-713. doi:10.1111/j.1551-6709.2011.01228.x 

Moll, H., Richter, N., Carpenter, M., \& Tomasello, M. (2008). 14-month-olds know what   “we{\textquotedbl}have shared in a special way. \textit{Infancy, 13, }90-101.

{{Noens I, van Berckelaer-Onnes I, Verpoorten R, van Duijn G (2006). ``The ComFor: an instrument for the indication of augmentative communication in people with autism and intellectual disability{\textquotedbl}. }}{J Intellect Disabil Res }{50}{{ (9): 621–32. }}\href{https://en.wikipedia.org/wiki/Digital_object_identifier}{doi}{{:}}\href{https://dx.doi.org/10.1111/j.1365-2788.2006.00807.x}{10.1111/j.1365-2788.2006.00807.x}{{. }}\href{https://en.wikipedia.org/wiki/PubMed_Identifier}{PMID}{{~}}\href{https://www.ncbi.nlm.nih.gov/pubmed/16901289}{16901289}

@article{Norbury2005,
	author = {Norbury, C},
	journal = {Journal of Experimental Child Psychology},
	number = {90},
	pages = {142-171},
	title = {Barking up the wrong tree? Lexical ambiguity resolution in children with language acquisition impairments and autism spectrum disorders},
	year = {2005}
}

Over, H., \& Carpenter, M. (2013). The social side of imitation. \emph{Child Development   Perspectives}, \emph{7}, 6-11.

Ozonoff, S., Young, G.S., Carter, A.\& Messinger,D. (2011).Recurrence risk for autism spectrum disorders: a Baby Siblings Research Consortium Study. \textit{Pediatrics, 128}(3),488-495.

@book{Pesetsky1999,
	address = {Keil Cambridge, MA},
	author = {Pesetsky, David.},
	publisher = {MIT Press},
	title = {Linguistic Universals and Universal Grammar. In \textit{The MIT Encyclopedia of the Cognitive Sciences}. Ed. Robert A. Wilson and Frank C},
	year = {1999}
}

Roberts,  \citet{Jacqueline2014} Echolalia and language development in children with autism. In J Arcuili \& J. Brock (Eds.) \textit{Communication in autism} (pps. 55-73).  Amsterdam: John Benjamins Publishing Company

Samuelson, L. K., \& Smith, L. B. (1998). Memory and attention make smart word learning: An alternative account of Akhtar, Carpenter, and Tomasello. \textit{Child Development}, \textit{69}(1), 94-104.

@misc{Sigman1999,
	author = {Sigman, M.,  and  Ruskin, E},
	title = {Continuity and change in the social competence of children with autism, Down syndrome, and developmental delays. \textit{Monographs of the Society for Research in Child Development}\textit{, }\textit{64}(1), 1–142.},
	year = {1999}
}

@misc{Siller2002,
	author = {Siller M.  and  Sigman M},
	title = {The behaviors of parents of children with autism predict the   subsequent development of their children’s communication. \textit{J Autism Dev Disord 32},  },
	year = {2002}
}

  77–89.

Siller M. \& Sigman M. ( 2008) Modeling longitudinal change in the language abilities of   children with autism: parent behaviors and child characteristics as predictors of 

  change. \textit{Dev Psychol.,44},  1691–704.

@misc{Tomasello1999,
	author = {Tomasello, M},
	title = {\textit{The Cultural Origins of Human Cognition}. Harvard University Press.},
	year = {1999}
}

@misc{Tomasello1997,
	author = {Tomasello, M.,  and  Camaioni, L},
	title = {A comparison of the gestural communication of apes   and human infants. \textit{Human Development, 40}, 7 – 24. },
	year = {1997}
}

Tomasello, M. \& Haberl, K. (2003). Understanding attention: 12- and 18-month-olds know   what's new for other persons. \textit{Developmental Psychology, 39, }906-912.

@article{Wan2013,
	author = {Wan, M.W., Green, J., Elsabbagh, M., Johnson, M., Charman, T., Plummer, F. and the BASIS \citet{Team},
	journal = {\textit{Journal of Child Psychology and Psychiatry}},
	number = {54},
	pages = {763-771},
	title = {}, Quality of interaction between at-risk infants and caregiver at 12–15 months is associated with 3-year autism outcome},
	year = {2013}
}

Wetherby, A.  \& Prizant, B. (1992) Facilitating language and communication development in autism: Assessment and intervention guidelines.In D. Berkell (Ed. ) \textit{Autism: Identification, Education, Treatment }(pp.107-134). Hillsdale, JJ: Lawrence Erlbaum Associates
