@article{Apresjan1974,
	author = {Apresjan, Juri. D.},
	journal = {Linguistics},
	volume = {12.142},
	pages = {5-32},
	title = {Regular polysemy},
	year = {1974}
}

@unpublished{shalizi2013advanced,
	author = {Shalizi, Cosma Rohilla},
	date-added = {2016-02-23 09:22:30 +0000},
	date-modified = {2016-02-23 09:22:30 +0000},
	publisher = {Citeseer},
	title = {Advanced data analysis from an elementary point of view},
	url = {http://www.stat.cmu.edu/cshalizi/ADAfaEPoV/13},
	volume = {24},
	year = {2013}
}

@unpublished{dryer2009order,
	Note = {Talk presented at Theoretical approaches to disharmonic word orders, Newcastle University, May-June 2009},
	author = {Dryer, Matthew S.},
	date-added = {2016-02-15 10:25:24 +0000},
	date-modified = {2016-02-15 10:25:24 +0000},
	keywords = {Word Order, Typology, Syntax},
	title = {On the order of demonstrative, numeral, adjective and noun: {An} alternative to {C}inque},
	year = {2009}
}

@unpublished{McCauley2016,
	author = {McCauley, Stewart M.  and  Christiansen, Morten H.},
	note = {Manuscript in preparation.},
	title = {Language learning as language use: {A} cross- linguistic model of child language development},
	year = {2016}
}

@phdthesis{Travis84,
	School = {MIT},
	Type = {{Ph.D.} dissertation},
	author = {Lisa Travis},
	date-added = {2016-02-15 10:28:39 +0000},
	date-modified = {2016-02-15 10:28:39 +0000},
	keywords = {Typology},
	title = {Parameters and Effects of Word Order Variation},
	year = {1984}
}

@periodical{Kemmerer2013,
	booktitle = {Language and Cognition},
	editor = {Kemmerer, David},
	issuetitle = {Special issue in response to Arbib (2012)},
	number = {2-3},
	title = {Language and Cognition},
	volume = {5},
	year = {2013},
}

@periodical{Fis90,
	booktitle = {Land Economics},
	editor = {Fischel, William A.},
	issuetitle = {Private Markets, Public Decisions: {An} Assessment of Local Land-Use Controls for the 1990s},
	number = {3},
	title = {Land Economics},
	url = {http://www.jstor.org/stable/i357971},,
	volume = {66},
	year = {1990}
}

@misc{Vajda2001,
	author = {Vajda, Edward},
	title = {Test materials dated {{August}} 17, 2001},
	year = {2001}
}

@misc{BickelEtAl2016,
	author = {Bickel, Balthasar  and  Johanna Nichols},
	howpublished = {\url{http://www.autotyp.uzh.ch/}},
	title = {Autotyp.},
	year = {2016}
}

@inproceedings{lin2009modeling,
	author = {Lin, Chu-Cheng and Wang, Yu-Chun and Tsai, Richard Tzong-Han},
	booktitle = {{PACLIC}},
	date-added = {2016-02-23 09:22:30 +0000},
	date-modified = {2016-02-23 09:22:30 +0000},
	pages = {741--747},
	title = {Modeling the Relationship among Linguistic Typological Features with Hierarchical Dirichlet Process},
	year = {2009}
}

@inproceedings{daume2009non,
	Organization = {Association for Computational Linguistics},
	author = {Daum{\'e} III, Hal},
	booktitle = {{Proceedings of human language technologies: {The} 2009 annual conference of the {{North}} {American} chapter of the association for computational linguistics}},
	date-added = {2016-02-23 09:29:30 +0000},
	date-modified = {2016-02-23 09:29:30 +0000},
	pages = {593--601},
	title = {Non-parametric {{Bayesian}} areal linguistics},
	year = {2009}
}

@inproceedings{Yiu2013,
	address = {Leipzig, Germany},
	author = {Yiu, Suki and Stephen Matthews},
	booktitle = {{T}he 10th Biennial {Conference of the Association for Linguistic Typology}},
	month = {15-18 August},
	title = {Correlations between tonality and word order type},
	year = {2013}
}

@inproceedings{Shaw2002,
	address = {Vancouver},
	author = {Shaw, Patricia},
	booktitle = {{Proceedings of the Workshop on the Structure and Constituency of the Languages of the {Americas} {({WSCLA} 7).} University of British Columbia Working Papers in Linguistics 10}},
	publisher = {University of British Columbia},
	title = {On The edge: {Obstruent} clusters in {{Salish}}},
	year = {2002}
}

@inproceedings{Lammert2011,
	author = {Lammert, Adam and Michael Proctor and Athanasios Katsamanis and Shrikanth Narayanan},
	booktitle = {Twelfth Annual {Conference of the International Speech Communication Association}},
	title = {Morphological variation in the adult vocal tract: {A} modeling study of its potential acoustic impact},
	url = {http://www.mproctor.net/docs/lammert11\_IS2011\_morphology.pdf},
	year = {2011}
}

@inproceedings{GoldwaterJohnson03,
	address = {Stockholm},
	author = {Sharon Goldwater and Mark Johnson},
	booktitle = {{Proceedings of the Workshop on Variation within Optimality Theory}},
	date-added = {2016-02-15 10:25:43 +0000},
	date-modified = {2016-02-15 10:25:43 +0000},
	keywords = {OT, HG, Math},
	pages = {111--120},
	publisher = {Stockholm University},
	title = {Learning {{OT}} constraint rankings using a maximum entropy model},
	year = {2003}
}

@incollection{fitelson2011probabilistic,
	address = {Oxford},
	author = {Fitelson, Branden and Hitchcock, Christopher},
	booktitle = {Causality in the Sciences},
	date-added = {2016-02-23 09:01:02 +0000},
	date-modified = {2016-02-23 09:35:53 +0000},
	editor = {Phyllis McKay Illari and Federica Russo and Jon Williamson },
	pages = {600--627},
	publisher = {Oxford University Press},
	title = {Probabilistic measures of causal strength},
	year = {2011}
}

@incollection{dryer2013relationship,
	address = {\biberror{no address}},
	author = {Matthew S. Dryer},
	booktitle = {The World Atlas of Language Structures Online},
	date-added = {2016-02-15 10:25:30 +0000},
	date-modified = {2016-02-15 10:25:30 +0000},
	editor = {\biberror{no editor}},
	keywords = {Typology, Word Order},
	pages = {\biberror{no pages}},
	publisher = {\biberror{no publisher}},
	sortname = {Matthew S. Dryer},
	title = {Relationship between the Order of Object and Verb and the Order of Adposition and {Noun} Phrase},
	year = {2013}
}

@incollection{cysouw2010probability,
	address = {New York},
	author = {Cysouw, Michael},
	booktitle = {The mathematics of language},
	date-added = {2016-02-23 09:22:30 +0000},
	date-modified = {2016-02-23 09:22:30 +0000},
	editor = {Makoto Kanazawa, András Kornai, Marcus Kracht and Hiroyuki Seki },
	pages = {29--35},
	publisher = {Springer},
	title = {On the probability distribution of typological frequencies},
	year = {2010}
}

@incollection{cysouw2005probabilistic,
	address = {Berlin},
	author = {Cysouw, Michael},
	booktitle = {Quantitative Linguistics: {An} International Handbook},
	editor = {Köhler, Reinhard and Altmann, Gabriel and Piotrowski, Rajmund G.},
	pages = {554--578},
	publisher = {Mouton de Gruyter},
	title = {Quantitative methods in typology},
	year = {2005}
}

@incollection{bickel2013distributional,
	address = {Amsterdam},
	author = {Bickel, Balthasar},
	booktitle = {Language typology and historical contingency},
	date-added = {2016-02-23 09:22:30 +0000},
	date-modified = {2016-02-23 09:22:30 +0000},
	editor = {Balthasar Bickel, Lenore A. Grenoble, David A. Peterson and Alan Timberlake},
	pages = {415--444},
	publisher = {John Benjamins Publishing Company},
	title = {Distributional biases in language families},
	year = {2013}
}

@incollection{Wilbur2000,
	address = {Mahwah, NJ},
	author = {Wilbur, Ronnie B.},
	booktitle = {The Signs of Language Revisited: {An} Anthology to Honor {Ursula} {Bellugi} and {Ed} {Klima}},
	editor = {Emmorey, Karen and Lane, Harlan},
	pages = {190--214},
	publisher = {Lawrence Erlbaum Associates},
	sortname = {Wilbur, Ronnie B.},
	title = {Phonological and prosodic layering of nonmanuals in {{American}} {Sign} {Language}},
	year = {2000}
}

@incollection{Wetherby1992,
	address = {Hillsdale JJ},
	author = {Wetherby, Amy and Prizant, Barry M.},
	booktitle = {Autism: {Identification}, Education and Treatment},
	editor = {Dianne Berkell},
	pages = {107--134},
	publisher = {Lawrence Erlbaum},
	sortname = {Wetherby, Amy and Prizant, Barry M.},
	title = {Facilitating language and communication development in autism: {Assessment} and intervention guidelines},
	year = {1992}
}

@incollection{Tokizaki2012,
	address = {Berlin},
	author = {Tokizaki, Hisao  and  Yasutomo Kuwana},
	booktitle = {Consonant clusters and structural complexity},
	editor = {Phil Hoole et al},
	pages = {71--91},
	publisher = {Mouton de Gruyter},
	title = {Limited consonant clusters in {{OV}} languages},
	year = {2012}
}

@incollection{Studdert-Kennedy1986,
	address = {Washington, DC},
	author = {Studdert-Kennedy, Michael},
	booktitle = {Behavioral and social science: {Fifty} years of discovery: {In} commemoration of the fiftieth anniversary of the “{Ogburn} {Report}: {Recent} Social Trends in the {United} {States}”},
	editor = {N. J. Smelser and D. R. Gerstein},
	pages = {208–248},
	publisher = {National Academy Press},
	title = {{Some} developments in research on language behavior},
	year = {1986}
}

@incollection{Steed2004,
	address = {Sydney},
	author = {Steed, William  and  Peter Hardie},
	booktitle = {{Proceedings of the 10th {Australasian} International Conference on Speech Science and Technology,}},
	editor = {Catherine Bow},
	pages = {346–351},
	publisher = {Australian Speech Science and Technology Association},
	title = {Acoustic properties of the {{Kuman}} voiceless velar lateral fricative},
	year = {2004}
}

@incollection{Smith2011,
	address = {\biberror{no address}},
	author = {Smith, Jennifer L.},
	booktitle = {\biberror{no booktitle}},
	bootktitle = {The {Blackwell} Companion to Phonology},
	editor = {\biberror{no editor}},
	editors = {Marc van Oostendorp, Colin J. Ewen, Elizabeth Hume and Keren Rice},
	pages = {Blackwell Online, 31 July 2012},
	publisher = {\biberror{no publisher}},
	sortname = {Smith, Jennifer L.},
	title = {Category-specific Effects},
	url = {http://www.companiontophonology.com/subscriber/tocnode?id=g9781405184236\_chunk\_g9781405184236104},
	year = {2011}
}

@incollection{Simpson2002,
	address = {Oxford},
	author = {Simpson, Jane},
	booktitle = {Ethnosyntax},
	editor = {N. J. Enfield},
	pages = {287–308},
	publisher = {Oxford University Press},
	title = {From common ground to syntactic construction: {Associated} path in {Warlpiri}},
	year = {2002}
}

@incollection{Sandler2014handbook,
	address = {Cambridge UK},
	author = {Sandler, Wendy and Aronoff, Mark and Padden, Carol and Meir, Irit},
	booktitle = {The {{Cambridge}} Handbook of Linguistic Anthropology},
	editor = {Sindell, Jack and Kockelman, Paul and Enfield, N. J.},
	pages = {246--278},
	publisher = {Cambridge University Press},
	title = {Language emergence {{Al-Sayyid}} {Bedouin} {Sign} {Language}},
	year = {2014}
}

@incollection{Sandler2012b,
	address = {Berlin},
	author = {Sandler, Wendy},
	booktitle = {Sign Language: {An} International Handbook},
	editor = {Roland Pfau and Markus Steinbach and  Bencie Woll},
	pages = {55--76},
	publisher = {De Gruyter Mouton},
	title = {Visual prosody},
	year = {2012}
}

@incollection{Sandler1999,
	address = {Amsterdam},
	author = {Sandler, Wendy},
	booktitle = {Studies on the Phonological Word},
	editor = {Hall, Tracy and Kleinhenz, Ursula},
	pages = {223--255},
	publisher = {John Benjamins Publishing Company},
	title = {Cliticization and prosodic words in sign language},
	year = {1999}
}

@incollection{Roberts2014,
	address = {Amsterdam},
	author = {Roberts,  Jacqueline},
	booktitle = {Communication in Autism},
	editor = {Arcuili, Joanne and Jon Brock},
	pages = {55--73},
	publisher = {John Benjamins Publishing Company},
	title = {Echolalia and language development in children with autism},
	year = {2014}
}

@incollection{Rice2009,
	address = {Cambridge},
	author = {Rice, Keren},
	booktitle = {Architecture and representations in phonological theory},
	editor = {Charles Cairns and Eric Raimy},
	pages = {311--321},
	publisher = {MIT Press},
	title = {Nuancing markedness: {Comments} on {Andrea} {Calabrese}: {Prolegomena} to a realistic theory of phonology},
	year = {2009}
}

@incollection{Rice2007,
	address = {Cambridge},
	author = {Rice, Keren},
	booktitle = {The {{Cambridge}} Handbook of Phonology},
	editor = {Paul de Lacy},
	pages = {79--97},
	publisher = {Cambridge University Press},
	title = {Markedness in phonology},
	year = {2007}
}

@incollection{Pfau2010,
	address = {New York},
	author = {Pfau, Roland and Quer, Josep},
	booktitle = {Sign Languages. },
	editor = {Brentari, Diane},
	pages = {381--402},
	publisher = {Cambridge University Press},
	title = {Nonmanuals: {Their} grammatical and prosodic roles},
	year = {2010}
}

@incollection{Pesetsky1999,
	address = {Cambridge, MA},
	author = {Pesetsky, David},
	booktitle = {The {{MIT}} Encyclopedia of the Cognitive Sciences},
	editor = {Keil, Frank C. and Robert A. Wilson},
	pages = {\biberror{no pages}},
	publisher = {MIT Press},
	title = {Linguistic Universals and Universal Grammar},
	year = {1999}
}

@incollection{Pawley2009,
	address = {Oxford},
	author = {Pawley, Andrew},
	booktitle = {Concise Encyclopedia of Languages of the World},
	editor = {K. Brown and S. Ogilvie},
	pages = {1085–1090},
	publisher = {Elsevier},
	title = {Trans {New} {{Guinea}} languages},
	year = {2009}
}

@incollection{Pawley1994,
	address = {Amsterdam},
	author = {Pawley, Andrew},
	booktitle = {Semantic and Lexical Universals : {Theroy} and Empirical Finding},
	editor = {C. Goddard and A. Wierzbicka},
	pages = {410--439},
	publisher = {John Benjamins},
	title = {{Kalam} exponents of lexical and semantic primitives},
	year = {1994}
}

@incollection{Padden2010,
	address = {New York},
	author = {Padden, Carol and Meir, Irit and Aronoff, Mark and Sandler, Wendy},
	booktitle = {Sign Languages},
	editor = {Brentari, Diane},
	pages = {573--595},
	publisher = {Cambridge University Press},
	title = {The grammar of space in two new sign languages},
	year = {2010}
}

@incollection{Padden2009,
	address = {Cambridge, MA},
	author = {Padden, Carol and Meir, Irit and Sandler, Wendy and Aronoff, Mark},
	booktitle = {Hypothesis {{A}/Hypothesis} {B}: {Linguistic} Explorations in Honor of {David} {M} {Perlmutter}},
	editor = {Gerdts, Donna B. and Moore, John C. and Polinsky, Maria},
	pages = {383–400},
	publisher = {MIT Press},
	title = {Against all expectations: {Encoding} subjects and objects in a new language},
	year = {2009}
}

@incollection{Otareferential,
	address = {Berlin and {N}ew {Y}ork},
	author = {Cristofaro, Sonia},
	booktitle = {Languages across Boundaries: {Studies} in the Memory of {Anna} {Siewierska}},
	editor = {D. Bakker and M. Haspelmath},
	pages = {69--93},
	publisher = {Mouton de {G}ruyter},
	title = {The referential hierarchy: {Reviewing} the evidence in diachronic perspective},
	year = {2013},
}

@incollection{Otacompetingmotivations,
	address = {Oxford},
	author = {Cristofaro, Sonia},
	booktitle = {Competing motivations in grammar and usage},
	editor = {Brian Mac{W}hinney and Andrej Malchukov and Edith A Moravcsik},
	pages = {282--98},
	publisher = {Oxford {U}niversity {P}ress},
	title = {Competing motivations and diachrony: {What} evidence for what motivations?},
	year = {2014},
}

@incollection{Nunberg1996,
	address = {Oxford},
	author = {Nunberg, Geoffrey D.},
	booktitle = {Lexical semantics: {The} problem of polysemy,},
	editor = {James Pustejovsky and Branimir Boguraev},
	pages = {109--132},
	publisher = {Clarendon},
	sortname = {Nunberg, Geoffrey D.},
	title = {Transfers of meaning},
	year = {1996}
}

@incollection{Nitz-Nordhoff2010,
	address = {Berlin and {N}ew {Y}ork},
	author = {Nitz, Eike and Sebastian Nordhoff},
	booktitle = {Rara {\&} {Rarissima}: {Collecting} and interpreting unusual characteristics of human languages},
	editor = {J. Wohlgemuth and Michael Cysouw},
	pages = {247--66},
	publisher = {Mouton de {G}ruyter},
	title = {Subtractive Plural Morphology in {S}inhala},
	year = {2010},
}

@incollection{Nichols1988,
	address = {Berlin},
	author = {Nichols, Johanna},
	booktitle = {In Honor of {M}ary {H}aas},
	editor = {W. Shipley},
	pages = {557--609},
	publisher = {Mouton de {G}ruyter},
	title = {On alienable and inalienable possession},
	year = {1988},
}

@incollection{Newmeyer2002,
	address = {Oxford},
	author = {Newmeyer, Fritz J.},
	booktitle = {The Transition to Language},
	editor = {Wray, Alison},
	pages = {359--375},
	publisher = {Oxford University Press},
	sortname = {Newmeyer, Fritz J.},
	title = {Uniformitarian Assumptions and Language Evolution Research},
	year = {2002}
}

@incollection{NesporEtAl2011,
	address = {\biberror{no address}},
	author = {Nespor, Marina and Mohinish Shukla and Jacques Mehler},
	booktitle = {The {{Blackwell}} Companion to Phonology},
	editor = {Marc van Oostendorp Colin J. Ewen, Elizabeth Hume and Keren Rice},
	pages = {Blackwell Reference Online. 31 July 2012},
	publisher = {Blackwell Publishing},
	title = {Stress-timed vs. {S}yllable-timed Languages},
	url = {http://www.companiontophonology.com/subscriber/tocnode?id=g9781405184236\_chunk\_g978140518423650},
	year = {2011}
}

@incollection{Nespor1996,
	address = {Berlin},
	author = {Nespor, Marina and Guasti, Maria-Theresa and Christophe, Anne},
	booktitle = {Interfaces in Phonology},
	editor = {Kleinhenz, Ursula},
	pages = {1--26},
	publisher = {Akademie Verlag},
	title = {Selecting word order: {The} Rhythmic Activation Principle},
	year = {1996}
}

@incollection{MoisikEtAl2015,
	address = {Glasgow, UK},
	author = {Moisik, Scott R. and Dediu, Dan},
	booktitle = {The Evolution of Phonetic Capabilities: {Causal} constraints, consequences},
	editor = {L. Hannah},
	pages = {8--13},
	publisher = {\biberror{no publisher}},
	sortname = {Moisik, Scott R. and Dediu, Dan},
	title = {Anatomical biasing and clicks: {Preliminary} biomechanical modelling},
	url = {https://ai.vub.ac.be/sites/default/files/proceedingsfinal.pdf},
	year = {2015}
}

@incollection{MerlanForthcoming,
	address = {Amsterdam},
	author = {Merlan, Francesca and Rumsey, Alan},
	booktitle = {Lexical Polycategoriality: {Cross-linguistic}, Cross-theoretical and Language Acquisition Approaches},
	editor = {V. Vapnarsky and E. Veneziano},
	misc = {Ms available online at https://dl.dropboxusercontent.com/u/66237921/11-Merlan%26Rumsey_final_April%202014%20TEXT.pdf},
	pages = {\biberror{no pages}},
	publisher = {John Benjamins Publishing Company},
	title = {Flexibles and polyvalence in {Ku} {{Waru}}: {A} developmental perspective},
	year = {In press}
}

@incollection{Meir2010,
	address = {Amsterdam},
	author = {Meir, Irit and Aronoff, Mark and Sandler, Wendy and Padden, Carol},
	booktitle = {Compounding},
	editor = {Scalise, Servio and Vogel, Irene},
	pages = {301--322},
	publisher = {John Benjamins Publishing Company},
	title = {Sign languages and compounding},
	year = {2010}
}

@incollection{MaddiesonLateralConsonants2013,
	address = {Leipzig},
	author = {Maddieson, Ian},
	booktitle = {The World Atlas of Language Structures Online},
	editor = {Dryer, Matthew S. and Haspelmath, Martin},
	pages = {\biberror{no pages}},
	publisher = {Max Planck Institute for Evolutionary Anthropology},
	title = {Lateral Consonants},
	url = {http://wals.info/chapter/8},
	urldate = {2016-03-26},
	year = {2013}
}

@incollection{Maddieson2013b,
	address = {Leipzig},
	author = {Maddieson, Ian},
	booktitle = {The World Atlas of Language Structures Online},
	editor = {Matthew S. Dryer and M. Haspelmath},
	pages = {\biberror{no pages}},
	publisher = {Max Planck Institute for Evolutionary Anthropology},
	title = {Tone},
	url = {http://wals.info/chapter/13},
	year = {2013}
}

@incollection{Maddieson2013a,
	address = {Leipzig},
	author = {Maddieson, Ian},
	booktitle = {The World Atlas of Language Structures Online},
	editor = {Matthew S. Dryer and Martin Haspelmath},
	pages = {\biberror{no pages}},
	publisher = {Max Planck Institute for Evolutionary Anthropology},
	title = {Presence of Uncommon Consonants},
	url = {http://wals.info/chapter/19},
	year = {2013}
}

@incollection{Maddieson2013,
	address = {Leipzig},
	author = {Maddieson, Ian},
	booktitle = {The World Atlas of Language Structures Online},
	editor = {Dryer, Matthew S. and Martin Haspelmath},
	pages = {\biberror{no pages}},
	publisher = {Max Planck Institute for Evolutionary Anthropology 2013},
	title = {Tone},
	url = {http://wals.info/chapter/116},
	urldate = {2016-01-26},
	year = {2013}
}

@incollection{Maddieson2011,
	address = {Munich},
	author = {Maddieson, Ian},
	booktitle = {The World Atlas of Linguistic Structures Online},
	editor = {Matthew Dryer S. and Martin Haspelmath},
	pages = {\biberror{no pages}},
	publisher = {Max Planck Digital Library},
	title = {Uvular consonants},
	url = {http://wals.info/chapter/6},
	urldate = {2012-12-28},
	year = {2011}
}

@incollection{Lloyd2012,
	address = {New York},
	author = {Lloyd, John E. and Ian Stavness and Sidney Fels},
	booktitle = {Soft tissue biomechanical modeling for computer assisted surgery},
	editor = {\biberror{no editor}},
	pages = {355–394},
	publisher = {Springer},
	sortname = {Lloyd, John E. and Ian Stavness and Sidney Fels},
	title = {{ArtiSynth}: {A} fast interactive biomechanical modeling toolkit combining multibody and finite element simulation},
	url = {http://link.springer.com/chapter/10.1007/8415\_2012\_126},
	year = {2012}
}

@incollection{Levinson2013,
	address = {Cambridge, Mass},
	author = {Levinson, Steven C. and   Dediu, Dan},
	booktitle = {Cultural evolution: {Society}, technology, language, and religion (Vol. 12, pp},
	editor = {Richerson, P. J. and Christiansen, Morten H.},
	pages = {219–232},
	publisher = {MIT Press},
	sortname = {Levinson, Steven C. and   Dediu, Dan},
	title = {The interplay of genetic and cultural factors in ongoing language evolution},
	year = {2013}
}

@incollection{Levinson2006,
	address = {Oxford},
	author = {Levinson, Steven C.},
	booktitle = {Roots of sociality: {Culture}, cognition, and interaction},
	editor = {Enfield, N. J. and Steven C. Levinson},
	pages = {39–69},
	publisher = {Berg},
	sortname = {Levinson, Steven C.},
	title = {On the human ‘interaction engine’},
	year = {2006}
}

@incollection{KirbyEtAl2002,
	address = {London},
	author = {Kirby, Simon and   Hurford, James},
	booktitle = {Simulating the Evolution of Language (pp},
	editor = {A. Cangelosi and D. Parisi},
	pages = {121–148},
	publisher = {Springer Verlag},
	title = {The emergence of linguistic structure: {An} overview of the iterated learning model},
	year = {2002}
}

@incollection{Jackendoff2014,
	address = {Oxford},
	author = {Jackendoff, Ray and Wittenberg, Eva},
	booktitle = {Measuring Grammatical Complexity},
	editor = {Newmeyer, Fritz and Preston, Lauren},
	pages = {65--83},
	publisher = {Oxford University Press},
	title = {What you can say without syntax: {A} hierarchy of grammatical complexity},
	year = {2014}
}

@incollection{Hyman1977,
	address = {Southern California Occasional Papers in Linguistics 4. Los Angeles},
	author = {Hyman, Larry M.},
	booktitle = {Studies in stress and accent},
	editor = {Larry M. Hyman},
	pages = {37--83},
	publisher = {Department of Linguistics, University of Southern California},
	sortname = {Hyman, Larry M.},
	title = {The nature of linguistic stress},
	year = {1977}
}

@incollection{Hurford1999,
	address = {Edinburgh, UK},
	author = {Hurford, James},
	booktitle = {The evolution of culture},
	editor = {R. Dunbar and C. Knight and C. Power},
	pages = {173--193},
	publisher = {Edinburgh University Press},
	title = {The evolution of language and languages},
	year = {1999}
}

@incollection{Hume2011,
	address = {Hoboken},
	author = {Hume, Elizabeth},
	booktitle = {The {{Blackwell}} Companion to Phonology},
	editor = {Marc van Oostendorp and Colin Ewen and Elizabeth Hume and Keren Rice},
	pages = {79--106},
	publisher = {Wiley-Blackwell},
	title = {Markedness},
	year = {2011}
}

@incollection{Hockett1963,
	address = {Cambridge, MA},
	author = {Hockett, Charles F.},
	booktitle = {Universals of language},
	editor = {Joseph H. Greenberg},
	pages = {1--29},
	publisher = {MIT Press},
	sortname = {Hockett, Charles F.},
	title = {The problem of universals in language},
	year = {1963}
}

@incollection{Heine1982,
	address = {T{\"u}bingen},
	author = {Heine, Bernd},
	booktitle = {Apprehension : {Das} sprachliche {{E}}rfassen von {G}egenständen},
	editor = {H. Seiler and C. Lehmann},
	pages = {189--216},
	publisher = {Narr},
	title = {{African} Noun Class Systems},
	year = {1982},
}

@incollection{Hayes2004,
	address = {Cambridge},
	author = {Hayes, Bruce and Donca Steriade},
	booktitle = {Phonetically-based phonology},
	editor = {Bruce Hayes, Robert Kirchner and Donca Steriade},
	pages = {1--55},
	publisher = {Cambridge University Press},
	title = {Introduction: {The} phonetic bases of phonological markedness},
	year = {2004}
}

@incollection{Haspelmath2008,
	address = {Oxford},
	author = {Haspelmath, Martin},
	booktitle = {{L}inguistic Universals and Language Change},
	editor = {J. Good},
	pages = {185--214},
	publisher = {Oxford {U}niversity {P}ress},
	title = {Creating economical morphosyntactic patterns in language change},
	year = {2008},
}

@incollection{Hale1986,
	address = {Dordrecht},
	author = {Hale, Kenneth L.},
	booktitle = {Features and Projections},
	editor = {Pieter Muysken and Henk van Riemsdijk},
	pages = {233–254},
	publisher = {Foris},
	sortname = {Hale, Kenneth L.},
	title = {Notes on World View and Semantic Categories: {{Some}} Warlpiri Examples},
	year = {1986}
}

@incollection{Guy2011,
	address = {Hoboken},
	author = {Guy, Greg},
	booktitle = {The {{Blackwell}} Companion to Phonology},
	editor = {Marc van Oostendorp and Colin Ewen and Elizabeth Hume and Keren Rice},
	pages = {2190--2213},
	publisher = {Wiley-Blackwell},
	title = {Variability},
	year = {2011}
}

@incollection{Greenberggender,
	address = {Stanford},
	author = {Greenberg, Joseph H.},
	booktitle = {Universals of human language},
	editor = {Joseph H. Greenberg and Charles H. Ferguson and Edith A. Moravcsick},
	pages = {47--82},
	publisher = {Stanford {U}niversity {P}ress},
	sortname = {Greenberg, Joseph H.},
	title = {How does a language acquire gender markers?},
	volume = {3},
	year = {1978},
}

@incollection{GreenbergMeaningfulElements,
	address = {Cambridge, MA},
	author = {Greenberg, Joseph H.},
	booktitle = {Universals of Language (second edition)},
	editor = {Joseph H. Greenberg},
	pages = {73--113},
	publisher = {MIT Press},
	sortname = {Greenberg, Joseph H.},
	title = {{Some} universals of grammar with particular reference to the order of meaningful elements},
	year = {1966}
}

@incollection{Greenberg63,
	address = {Cambridge, MA},
	author = {Joseph H. Greenberg},
	booktitle = {Universals of Language},
	date-added = {2016-02-15 10:25:52 +0000},
	date-modified = {2016-02-15 10:25:52 +0000},
	editor = {Joseph H. Greenberg},
	keywords = {Typology},
	pages = {73--113},
	publisher = {MIT Press},
	sortname = {Joseph H. Greenberg},
	title = {{Some} universals of grammar with particular reference to the order of meaningful elements},
	year = {1963}
}

@incollection{Greenberg1978b,
	address = {Cambrdige, MA},
	author = {Greenberg, Joseph H.},
	booktitle = {Universals of human language Volume 1},
	editor = {Greenberg, Joseph H. and Charles A. Ferguson and Edith A. Moravcsik},
	pages = {61--91},
	publisher = {MIT Press},
	sortname = {Greenberg, Joseph H.},
	title = {Diachrony, synchrony and language universals},
	year = {1978}
}

@incollection{Greenberg1966OrderMeaningfulElements,
	address = {Cambridge, MA},
	author = {Greenberg, Joseph H.},
	booktitle = {Universals of Language (second edition)},
	editor = {Joseph H. Greenberg},
	pages = {73--113},
	publisher = {MIT Press},
	sortname = {Greenberg, Joseph H.},
	title = {{Some} universals of grammar with particular reference to the order of meaningful elements},
	year = {1966}
}

@incollection{Givón1979,
	address = {New York},
	author = {Givón, Talmy},
	booktitle = {Discourse and Syntax (Syntax and Semantics, vol. 12)},
	editor = {Givón, Talmy},
	pages = {81–111},
	publisher = {Academic Press},
	sortname = {Givon, Talmy},
	title = {From discourse to syntax: {Grammar} as a processing strategy},
	year = {1979}
}

@incollection{Gil2013,
	address = {Leipzig},
	author = {David Gil},
	booktitle = {The World Atlas of Language Structures Online},
	editor = {Matthew S. Dryer and M. Haspelmath},
	pages = {\biberror{no pages}},
	publisher = {Max Planck Institute for Evolutionary Anthropology},
	title = {{Para-Linguistic} Usages of Clicks},
	url = {http://wals.info/chapter/142},
	year = {2013}
}

@incollection{Gil2009,
	address = {Oxford},
	author = {Gil, David},
	booktitle = {Language Complexity as an Evolving Variable},
	editor = {Sampson, Geoffrey and Gil, David and  Trudgill, Peter},
	pages = {19--33},
	publisher = {Oxford University Press},
	title = {How much grammar does it take to sail a boat?},
	year = {2009}
}

@incollection{Gil2005,
	address = {Amsterdam},
	author = {Gil, David},
	booktitle = {Verb First: {On} the Syntax of {Verb-Initial} Languages},
	editor = {A. Carnie, H. Harley and S. A. Dooley},
	pages = {243--262},
	publisher = {John Benjamins},
	title = {Word order without syntactic categories: {How} {Riau} {{Indonesian}} does it},
	year = {2005}
}

@incollection{GentnerEtAl2001,
	address = {Cambridge},
	author = {Gentner, Dedre and Boroditsky, Lera},
	booktitle = {Language Acquisition and Conceptual Development},
	editor = {Bowerman, Melissa and Steven C. Levinson},
	pages = {215--256},
	publisher = {Cambridge University Press},
	title = {Individuation, relativity and early word learning},
	year = {2001}
}

@incollection{Foley2008,
	address = {Stanford},
	author = {Foley, William A.},
	booktitle = {Voice and Grammatical Relations in {{Austronesian}} Languages},
	editor = {Austin, P. and Musgrave, S.},
	pages = {22--44},
	publisher = {CSLI Publications},
	sortname = {Foley, William A.},
	title = {The place of {Philippine} languages in a typology of voice systems},
	year = {2008}
}

@incollection{Foley1985,
	address = {Cambridge},
	author = {Foley, William A.  and  Mike Olson},
	booktitle = {Grammar inside and outside the clause},
	editor = {Johanna Nichols and Anthony C. Woodbury},
	pages = {17--60},
	publisher = {Cambridge University Press},
	sortname = {Foley, William A.  and  Mike Olson},
	title = {Clausehood and verb serialization},
	year = {1985}
}

@incollection{Emmorey2013,
	address = {Berlin},
	author = {Emmorey, Karen},
	booktitle = {Language and Cognition 5/2-3},
	editor = {Kemmerer, David},
	pages = {205--210},
	publisher = {De Gruyter},
	title = {The neurobiology of sign language and the mirror system hypothesis},
	year = {2013}
}

@incollection{Dryer2013polarquestions,
	address = {Leipzig},
	author = {Dryer, Matthew S.},
	booktitle = {The World Atlas of Language Structures Online},
	editor = {Matthew S. Dryer, Matthew S. and M. Haspelmath},
	pages = {\biberror{no pages}},
	publisher = {Max Planck Institute for Evolutionary Anthropology},
	sortname = {Dryer, Matthew S.},
	title = {Polar Questions},
	url = {http://wals.info/chapter/116},
	urldate = {2016-01-26},
	year = {2013}
}

@incollection{Dryer08b,
	Chapter = {89},
	address = {Munich},
	author = {Matthew S. Dryer},
	booktitle = {The World Atlas of Language Structures Online},
	date-added = {2016-02-15 10:25:16 +0000},
	date-modified = {2016-02-15 10:25:16 +0000},
	editor = {Haspelmath, Martin and Dryer, Matthew S. and Gil, David and Comrie, Bernard},
	keywords = {Typology},
	pages = {\biberror{no pages}},
	publisher = {Max Planck Digital Library},
	sortname = {Matthew S. Dryer},
	title = {Order of Numeral and {Noun}},
	year = {2008}
}

@incollection{Dryer08a,
	Chapter = {87},
	address = {Munich},
	author = {Matthew S. Dryer},
	booktitle = {The World Atlas of Language Structures Online},
	date-added = {2016-02-15 10:25:12 +0000},
	date-modified = {2016-02-15 10:25:12 +0000},
	editor = {Haspelmath, Martin and Dryer, Matthew S. and Gil, David and Comrie, Bernard},
	keywords = {Typology, Adjectives},
	pages = {\biberror{no pages}},
	publisher = {Max Planck Digital Library},
	sortname = {Matthew S. Dryer},
	title = {Order of Adjective and {Noun}},
	year = {2008}
}

@incollection{Donegan1983,
	address = {Chicago},
	author = {Donegan, Patricia and Stampe, David},
	booktitle = {Papers from the Parasession on the Interplay of Phonology, Morphology, and Syntax},
	editor = {J. F. Richardson, M. Marks and A. Chukerman},
	pages = {337--353},
	publisher = {Chicago Linguistic Society},
	title = {Rhythm and the holistic organisation of language structure},
	year = {1983}
}

@incollection{Disner1984,
	address = {Cambridge},
	author = {Disner, Sandra},
	booktitle = {Patterns of Sounds},
	editor = {Ian Maddieson},
	pages = {136--155},
	publisher = {Cambridge University Press},
	title = {Insights on vowel spacing},
	year = {1984}
}

@incollection{DediuEtAl2013,
	address = {Cambridge, MA},
	author = {Dediu, Dan and Cysouw, Michael and Levinson, Steven C. and Baronchelli, Andrea and Christiansen, Morten H. and Croft, William. and Evans, Nicholas D. and Garrod, Simon and Gray, Russel D. and Kandler, Anne and  Lieven, Elena},
	booktitle = {Cultural Evolution: {Society}, Technology, Language and Religion},
	editor = {P. J. Richerson and M. H. Christiansen},
	pages = {303--332},
	publisher = {MIT Press},
	sortname = {Dediu, Dan and Cysouw, Michael and Levinson, Steven C. and Baronchelli, Andrea and Christiansen, Morten H. and Croft, William. and Evans, Nicholas D. and Garrod, Simon and Gray, Russel D. and Kandler, Anne and  Lieven, Elena},
	title = {Cultural evolution of language},
	year = {2013}
}

@incollection{Crothers1978,
	address = {Stanford},
	author = {Crothers, John},
	booktitle = {Universals of human language: {Volume} 2: {Phonology}},
	editor = {Joseph H. Greenberg},
	pages = {93--152},
	publisher = {Stanford University Press},
	title = {Typology and universals of vowel systems},
	year = {1978}
}

@incollection{Coetzee2011,
	address = {Hoboken, New Jersey},
	author = {Coetzee, Andries and Joe Pater},
	booktitle = {The Handbook of Phonological Theory},
	edition = {2},
	editor = {John Goldsmith and Jason Riggle and Alan Yu},
	pages = {\biberror{no pages}},
	publisher = {Blackwell},
	title = {The place of variation in phonological theory},
	year = {2011}
}

@incollection{Clements1990,
	address = {Cambridge},
	author = {Clements, George Nick},
	booktitle = {Papers in Laboratory Phonology {I}: {Between} the grammar and physics of speech},
	editor = {John Kingston and Mary E. Beckman},
	pages = {283--333},
	publisher = {Cambridge University Press},
	title = {The role of the sonority cycle in core syllabification},
	year = {1990}
}

@incollection{Clark1984,
	address = {Hillsdale, NJ},
	author = {Clark, Herbert H.  and  Barbara C. Malt},
	booktitle = {Methods and tactics in cognitive science},
	editor = {Walter Kintsch, James R. Miller \& Peter G. Polson},
	pages = {191–214},
	publisher = {Lawrence Erlbaum},
	sortname = {Clark, Herbert H.  and  Barbara C. Malt},
	title = {Psychological constraints on language: {A} commentary on {Bresnan} and {Kaplan} and on {Givón}},
	year = {1984}
}

@incollection{Childs1994,
	address = {Cambridge},
	author = {Childs, G. Tucker},
	booktitle = {Sound Symbolism},
	editor = {Leanne Hinton and Johanna Nichols and John J. Ohala},
	pages = {178–204},
	publisher = {Cambridge University Press},
	sortname = {Childs, G. Tucker},
	title = {{African} Ideophones},
	year = {1994}
}

@incollection{Carpenter2000,
	address = {Baltimore, MD},
	author = {Carpenter, Malinda  and  Michael Tomasello},
	booktitle = { Communication and language issues in autism and pervasive developmental disorder: {A} transactional developmental perspective},
	editor = {Wetherby, Amy \\ Barry M. Prizant},
	pages = {31--54},
	publisher = {Brookes},
	title = {Joint attention, cultural learning, and language acquisition: {Implications} for children with autism},
	year = {2000}
}

@incollection{Bybee2008,
	address = {Oxford},
	author = {Bybee, Joan},
	booktitle = {Linguistic Universals and Language Change},
	editor = {J. Good},
	pages = {108--21},
	publisher = {Oxford {U}niversity {P}ress},
	title = {Formal Universals as Emergent Phenomena: {T}he Origins of Structure Preservation},
	year = {2008},
}

@incollection{Bybee2006,
	address = {Cambridge},
	author = {Bybee, Joan},
	booktitle = {Linguistic Universals},
	editor = {R. Mairal and J. Gil},
	pages = {179--94},
	publisher = {Cambridge {U}niversity {P}ress},
	title = {Language change and universals},
	year = {2006},
}

@incollection{Bybee1988,
	address = {Oxford},
	author = {Bybee, Joan},
	booktitle = {Explaining language universals},
	editor = {John A. Hawkins},
	pages = {350--79},
	publisher = {Basil {B}lackwell},
	title = {The diachronic dimension in explanation},
	year = {1988},
}

@incollection{Butcher2006,
	address = {New York},
	author = {Butcher, Andy},
	booktitle = {Speech Production: {Models}, Phonetic Processes, and Techniques (pp},
	editor = {J. Harrington and M. Tabain},
	pages = {187–210},
	publisher = {Pyschology Press},
	title = {{Australian} {Aboriginal} languages},
	year = {2006}
}

@incollection{Brown2011,
	address = {Malden},
	author = {Brown, Penelope},
	booktitle = {The handbook of language socialization},
	editor = {Duranti, Alessandro and Elinor Ochs and Bambi B. Schieffelin},
	pages = {29–55},
	publisher = {Wiley-Blackwell},
	title = {The cultural organization of attention},
	year = {2011}
}

@incollection{Brock2014,
	address = {Amsterdam},
	author = {Brock, Jon  and  Caruana, Nathan},
	booktitle = {Communication in Autism},
	editor = {Joanne Arcuili and Jon Brock},
	pages = {125--145},
	publisher = {John Benjamins Publishing Company},
	title = {Reading for sound and reading for meaning in autism},
	year = {2014}
}

@incollection{BickelEtAl2009,
	address = {Berlin},
	author = {Bickel, Balthasar and Kristine Hildebrandt and René Schiering},
	booktitle = {Phonological domains: {Universals} and deviations},
	editor = {Janet Grijzenhout and Baris Kabak},
	pages = {47--75},
	publisher = {Mouton de Gruyter},
	sortname = {Bickel, Balthasar and Kristine Hildebrandt and Rene Schiering},
	title = {The distribution of phonological word domains: {A} probabilistic typology},
	year = {2009}
}

@incollection{Bever1970,
	address = {New York},
	author = {Bever, Thomas G.},
	booktitle = {Cognition and the Development of Language},
	editor = {J. R. Hayes},
	pages = {279–362},
	publisher = {Wiley \& Sons},
	sortname = {Bever, Thomas G.},
	title = {The cognitive basis for linguistic structures},
	year = {1970}
}

@incollection{Aronoff2008,
	address = {Amsterdam},
	author = {Aronoff, Mark and Meir, Irit and Padden, Carol and  Sandler, Wendy},
	booktitle = {Holophrasis, Compositionality and Protolanguage, Special Issue of Interaction Studies},
	editor = {Bickerton, Derek and Arbib, Michael},
	pages = {133--149},
	publisher = {John Benjamins Publishing Company},
	title = {The roots of linguistic organization in a new language},
	year = {2008}
}

@incollection{Abbott1991,
	address = {Berlin},
	author = {Abbott, Miriam},
	booktitle = {Handbook of {Amazonian} languages, Vol.3},
	editor = {Desmond J. Derbyshire and Geoffrey K. Pullum},
	pages = {23--160},
	publisher = {Mouton de Gruyter},
	title = {{Macushi}},
	year = {1991}
}

@inbook{wals-89,
	Url = {http://wals.info/chapter/89},
	address = {Leipzig},
	author = {Matthew S. Dryer},
	booktitle = {The World Atlas of Language Structures Online},
	date-added = {2016-02-15 10:32:37 +0000},
	date-modified = {2016-02-15 10:32:37 +0000},
	editor = {Matthew S. Dryer and Martin Haspelmath},
	keywords = {Typology, WALS, Noun Classification},
	publisher = {Max Planck Institute for Evolutionary Anthropology},
	title = {Order of Numeral and {Noun}},
	year = {2013}
}

@inbook{wals-87,
	Url = {http://wals.info/chapter/87},
	address = {Leipzig},
	author = {Matthew S. Dryer},
	booktitle = {The World Atlas of Language Structures Online},
	date-added = {2016-02-15 10:32:37 +0000},
	date-modified = {2016-02-15 10:32:37 +0000},
	editor = {Matthew S. Dryer and Martin Haspelmath},
	keywords = {Typology, WALS, Noun Classification},
	publisher = {Max Planck Institute for Evolutionary Anthropology},
	title = {Order of adjective and noun},
	year = {2013}
}

@book{suppes1970probabilistic,
	address = {Amsterdam},
	author = {Suppes, Patrick},
	date-added = {2016-02-23 09:22:30 +0000},
	date-modified = {2016-02-23 09:22:30 +0000},
	publisher = {North-Holland Publishing Company},
	title = {A probabilistic theory of causality},
	year = {1970}
}

@book{spirtes2000causation,
	address = {Cambrdige, MA},
	author = {Spirtes, Peter and Glymour, Clark N and Scheines, Richard},
	date-added = {2016-02-23 09:22:30 +0000},
	date-modified = {2016-02-23 09:22:30 +0000},
	publisher = {MIT press},
	title = {Causation, prediction, and search},
	year = {2000}
}

@book{pearl2009causality,
	address = {New York},
	author = {Pearl, Judea},
	date-added = {2016-02-23 09:22:30 +0000},
	date-modified = {2016-02-23 09:22:30 +0000},
	publisher = {Cambridge university press},
	title = {Causality},
	year = {2009}
}

@book{nichols1992linguistic,
	address = {Chigago},
	author = {Nichols, Johanna},
	date-added = {2016-02-23 09:22:30 +0000},
	date-modified = {2016-02-23 09:22:30 +0000},
	publisher = {University of Chicago Press},
	title = {Linguistic diversity in space and time},
	year = {1992}
}

@book{jaynes2003probability,
	address = {New York},
	author = {Jaynes, Edwin T.},
	date-added = {2016-02-23 09:22:30 +0000},
	date-modified = {2016-02-23 09:22:30 +0000},
	publisher = {Cambridge university press},
	sortname = {Jaynes, Edwin T.},
	title = {Probability theory: {The} logic of science},
	year = {2003}
}

@book{hyman1977studies,
	address = {Los Angeles},
	author = {Hyman, Larry M.},
	date-added = {2016-02-23 09:22:30 +0000},
	date-modified = {2016-02-23 09:22:30 +0000},
	number = {4},
	publisher = {Department of Linguistics, University of Southern California},
	sortname = {Hyman, Larry M.},
	title = {Studies in stress and accent},
	year = {1977}
}

@book{greenberg1966universals,
	address = {Cambridge},
	author = {Greenberg, Joseph H.},
	publisher = {MIT Press},
	sortname = {Greenberg, Joseph H.},
	title = {Universals of Language},
	year = {1966}
}

@book{eells1991probabilistic,
	address = {New York},
	author = {Eells, Ellery},
	date-added = {2016-02-23 09:22:30 +0000},
	date-modified = {2016-02-23 09:22:30 +0000},
	publisher = {Cambridge University Press},
	title = {Probabilistic causality},
	volume = {1},
	year = {1991}
}

@book{duncan2014introduction,
	address = {Amsterdam},
	author = {Duncan, Otis Dudley},
	date-added = {2016-02-23 09:22:30 +0000},
	date-modified = {2016-02-23 09:22:30 +0000},
	publisher = {Elsevier},
	title = {Introduction to structural equation models},
	year = {2014}
}

@book{croft2003typology,
	Edition = {2nd Edition},
	address = {New York},
	author = {Croft, William},
	date-added = {2016-02-15 10:23:25 +0000},
	date-modified = {2016-02-15 10:23:25 +0000},
	keywords = {Textbooks, Typology},
	publisher = {Cambridge University Press},
	title = {Typology and universals},
	year = {2003}
}

@book{corbett1991gender,
	address = {New York},
	author = {Corbett, Greville},
	publisher = {Cambridge University Press},
	series = {Cambridge textbooks in Linguistics},
	title = {Gender},
	year = {1991}
}

@book{comrie1989language,
	address = {Chicago},
	author = {Comrie, Bernard},
	date-added = {2016-02-23 09:06:47 +0000},
	date-modified = {2016-02-23 09:06:47 +0000},
	publisher = {University of Chicago press},
	title = {Language universals and linguistic typology: {Syntax} and morphology},
	year = {1989}
}

@book{aronoff2011morphology,
	address = {Hoboken, New Jersey},
	author = {Aronoff, Mark and Fudeman, Kirsten},
	date-added = {2016-02-23 09:22:30 +0000},
	date-modified = {2016-02-23 09:24:05 +0000},
	publisher = {John Wiley \& Sons},
	title = {What is morphology, vol. 8},
	year = {2011}
}

@book{agresti2011categorical,
	address = {New York},
	author = {Agresti, Alan and Kateri, Maria},
	date-added = {2016-02-23 09:22:30 +0000},
	date-modified = {2016-02-23 09:22:30 +0000},
	publisher = {Springer},
	title = {Categorical data analysis},
	year = {2011}
}

@book{Zelditch2012,
	address = {New York},
	author = {Zelditch, Miriam Leah and Donald L. Swiderski and H. David Sheets and William L. Fink },
	publisher = {Elsevier Academic Press},
	sortname = {Zelditch, Miriam Leah and Donald L. Swiderski and H. David Sheets and William L. Fink },
	title = {Geometric Morphometrics for Biologists: {A} Primer},
	year = {2012}
}

@book{Yip2002,
	address = {UK},
	author = {Yip, Moira},
	publisher = {Cambridge University Press},
	title = {Tone},
	year = {2002}
}

@book{Wohlgemuth2010,
	address = {Berlin; New York},
	booktitle = {Rara \& {Rarissima}: {Documenting} the fringes of linguistic diversity},
	editor = {Wohlgemuth, Jan and Michael Cysouw},
	publisher = {De Gruyter Mouton},
	title = {Rara \& {Rarissima}: {Documenting} the fringes of linguistic diversity},
	year = {2010}
}

@book{Whaley1997,
	address = {Thousand Oaks, Cal},
	author = {Whaley, Lindsay J.},
	publisher = {Sage},
	sortname = {Whaley, Lindsay J.},
	title = {Introduction to Typology},
	year = {1997}
}

@book{Webster2009,
	address = {Boston, MA},
	publisher = {Houghton Mifflin Harcourt},
	title = {Webster's New World College Dictionary},
	year = {2009}
}

@book{Wang1977,
	address = {The Hague},
	booktitle = {The lexicon in phonological change},
	editor = {Wang, William S.},
	publisher = {Mouton},
	sortname = {Wang, William S.},
	title = {The lexicon in phonological change},
	year = {1977}
}

@book{Tucker1955,
	address = {London},
	author = {Tucker, Archibald Norman and J. Tompo Ole Mpaayei},
	publisher = {Longmans, Green and Company},
	sortname = {Tucker, Archibald Norman and J. Tompo Ole Mpaayei},
	title = {A {Maasai} Grammar with Vocabulary},
	year = {1955}
}

@book{Trudgill2011,
	address = {Cambridge},
	author = {Trudgill},
	publisher = {Cambridge University Press},
	title = {Sociolinguistic typology: {Social} determinants of linguistic complexity},
	year = {2011}
}

@book{Trubetzkoy1969,
	address = {California},
	author = {Trubetzkoy, Nikolai S.},
	publisher = {University of California Press},
	sortname = {Trubetzkoy, Nikolai S.},
	title = {Principles of phonology},
	year = {1969}
}

@book{Trubetskoy1969,
	address = {Berkeley and Los Angeles},
	author = {Trubetskoy, N. S.},
	publisher = {University of California Press},
	sortname = {Trubetskoy, N. S.},
	title = {[1939]. {P}rinciples of Phonology (trans {C.} {Baltaxe})},
	year = {1969}
}

@book{Traugott-Dasher2005,
	address = {Cambridge},
	author = {Traugott, Elizabeth C. and Richard B. Dasher},
	publisher = {Cambridge {U}niversity {P}ress},
	sortname = {Traugott, Elizabeth C. and Richard B. Dasher},
	title = {Regularity in Semantic Change},
	year = {2005},
}

@book{Traill1985,
	address = {Hamburg},
	author = {Traill, Anthony},
	publisher = {Helmut Buske Verlag},
	title = {Phonetic and phonological studies of {! {X}óõ} {Bushman}},
	year = {1985}
}

@book{Tomasello2008,
	address = {Cambridge, MA},
	author = {Tomasello, Michael},
	publisher = {MIT Press},
	title = {Origins of Human Communication},
	year = {2008}
}

@book{Tomasello2003constructing,
	address = {Cambridge, MA},
	author = {Tomasello, Michael},
	publisher = {Harvard University Press},
	title = {Constructing a language: {A} usage-based theory of language acquisition},
	year = {2003}
}

@book{Tomasello1999,
	address = {MA},
	author = {Tomasello, Michael},
	publisher = {Harvard University Press},
	title = {The Cultural Origins of Human Cognition},
	year = {1999}
}

@book{Thompson1917,
	address = {Cambridge},
	author = {Thompson, D'Arcy Wentworth},
	publisher = {Cambridge University Press},
	sortname = {Thompson, D'Arcy Wentworth},
	title = {On Growth and Form},
	year = {1917}
}

@book{Thomason2001,
	address = {Edinburgh},
	author = {Thomason, Sarah Grey},
	publisher = {Edinburgh University Press},
	title = {Language Contact: {An} Introduction},
	year = {2001}
}

@book{TU2,
	address = {Cambridge},
	author = {Croft, William},
	publisher = {Cambridge {U}niversity {P}ress},
	title = {Typology and universals. 2nd edition},
	year = {2003},
}

@book{Stokoe1960,
	address = {Buffalo},
	author = {Stokoe, William C.},
	publisher = {University of Buffalo},
	sortname = {Stokoe, William C.},
	title = {Sign Language Structure: {An} outline of the visual communications systems of the {{American}} deaf. {In} Studies in Linguistics: {Occasional} Papers 8},
	year = {1960}
}

@book{Song2011,
	address = {Oxford},
	booktitle = {The {{Oxford}} handbook of linguistic typology},
	editor = {Song, Jae Jung},
	publisher = {Oxford University Press},
	title = {The {{Oxford}} handbook of linguistic typology},
	year = {2011},
}

@book{Smith1776,
	address = {London},
	author = {Smith, Adam},
	publisher = {W. Strahan},
	title = {An inquiry into the nature and causes of the wealth of nations},
	year = {1776}
}

@book{Skalička1979,
	address = {Braunschweig},
	author = {Skalička, Vladimir},
	publisher = {Vieweg},
	sortname = {Skalicika, Vladimir},
	title = {Typologische {Studien}},
	year = {1979}
}

@book{Sharp1972,
	address = {Canberra},
	author = {Sharp, Margaret},
	publisher = {Australian Institute of {Aboriginal} Studies},
	title = {Alawa phonology and grammar},
	year = {1972}
}

@book{Senft1986,
	address = {Berlin},
	author = {Senft, Gunter},
	publisher = {Mouton de Gruyter},
	title = {Kilivila: {The} language of the {Trobriand} islanders},
	year = {1986}
}

@book{Selting2001,
	address = {Amsterdam},
	booktitle = {Studies in Interactional Linguistics},
	editor = {Selting, Margret and Elizabeth Couper-Kuhlen},
	publisher = {John Benjamins},
	title = {Studies in Interactional Linguistics},
	year = {2001}
}

@book{Selkirk1984,
	address = {Cambridge, MA},
	author = {Selkirk, Elisabeth},
	publisher = {MIT Press},
	title = {Phonology and Syntax: {The} Relation between Sound and Structure},
	year = {1984}
}

@book{Schuh1998,
	address = {Berkeley},
	author = {Schuh, Russell},
	publisher = {University of California Press},
	title = {A Grammar of {Miya}. {University} of {{California}} Publications in Linguistics 130},
	year = {1998}
}

@book{Schegloff2007,
	address = {Cambridge},
	author = {Schegloff, Emanuel A.},
	publisher = {Cambridge University Press},
	sortname = {Schegloff, Emanuel A.},
	title = {Sequence Organization in Interaction: {A} Primer in Conversation Analysis},
	year = {2007}
}

@book{SchachterEtAl1972,
	address = {Berkeley},
	author = {Schachter, Paul and Otanes, Fe T.},
	publisher = {University of California Press},
	sortname = {Schachter, Paul and Otanes, Fe T.},
	title = {Tagalog Reference Grammar},
	year = {1972}
}

@book{Sapir1930,
	address = {Boston},
	author = {Sapir, Edward},
	publisher = {American {A}cademy of {A}rts and {S}ciences},
	title = {The {S}outhern {P}aiute Language},,
	year = {1930}
}

@book{Sandler2006,
	address = {Cambridge UK},
	author = {Sandler, Wendy and Lillo-Martin,Diane},
	publisher = {Cambridge University Press},
	title = {Sign Language and Linguistic Universals},
	year = {2006}
}

@book{Sandler1989,
	address = {Dordrecht},
	author = {Sandler, Wendy},
	publisher = {Foris},
	title = {Phonological Representation of the Sign: {Linearity} and Nonlinearity in {{American}} {Sign} {Language}},
	year = {1989}
}

@book{Riemer2010,
	address = {Berkeley},
	author = {Riemer, Nick},
	publisher = {University of California Press},
	title = {Introducing Semantics},
	year = {2010}
}

@book{Radioff1882,
	address = {Leipzig},
	author = {Radioff, Vasily},
	publisher = {Weigel},
	title = {Vergleichende {Grammatik} der nördlichen {Türksprachen}, Erster {Theil}: {Phonetik} der nördlichen {Türksprachen}},
	year = {1882}
}

@book{Pinker1994,
	address = {New York, NY},
	author = {Pinker, Steven},
	publisher = {William Morrow and Company},
	title = {The language instinct: {How} the mind creates language},
	year = {1994}
}

@book{Pfau2012,
	address = {Berlin},
	booktitle = {Sign Language: {An} International Handbook},
	editor = {Pfau, Roland and Steinbach, Markus and Woll, Bencie},
	publisher = {De Gruyter Mouton},
	title = {Sign Language: {An} International Handbook},
	year = {2012}
}

@book{Pearl2000,
	address = {New York},
	author = {Pearl, Judea},
	publisher = {Cambridge University Press},
	title = {Causality: {Models}, Reasoning, and Inference},
	year = {2000}
}

@book{Payne2013,
	address = {Leiden},
	author = {Payne, Thomas E. and Doris L. Payne},
	publisher = {Brill},
	sortname = {Payne, Thomas E. and Doris L. Payne},
	title = {A typological grammar of {Panare}, a {Cariban} language of {{Venezuela}}},
	year = {2013}
}

@book{Padden1988,
	address = {(Originally distributed as},
	author = {Padden, Carol},
	publisher = {PhD dissertation, University of California, San Diego.)},
	title = {[1983]. {Interaction} of Morphology and Syntax in {{American}} {Sign} {Language}: {Outstanding} Dissertations in Linguistics. {New} {York}: {Garland}},
	year = {1988}
}

@book{Odden2005,
	address = {Cambridge},
	author = {Odden, David},
	publisher = {Cambridge University Press},
	title = {Introducing phonology},
	year = {2005}
}

@book{OGrady1997,
	address = {Chicago, IL},
	author = {O’Grady, William},
	publisher = {University of Chicago Press},
	sortname = {O’Grady, William},
	title = {Syntactic development},
	year = {1997}
}

@book{Nuckolls1996,
	address = {New York},
	author = {Nuckolls, Janis B.},
	publisher = {Oxford University Press},
	sortname = {Nuckolls, Janis B.},
	title = {Sounds Like Life: {{Sound-Symbolic}} Grammar, Performance, and Cognition in {Pastaza} {{Quechua}}},
	year = {1996}
}

@book{Nordhoff2014,
	address = {Leipzig},
	author = {Nordhoff, Sebastian and Harald Hammarström and Robert Forkel and Marten Haspelmath},
	publisher = {Max Planck Institute for Evolutionary Anthropology},
	sortname = {Nordhoff, Sebastian and Harald Hammarstrom and Robert Forkel and Marten Haspelmath},
	title = {Glottolog 2.0},
	year = {2014}
}

@book{Ngiti,
	address = {K{\"o}ln},
	author = {Kutsch, Lojenga},
	publisher = {R{\"u}diger K{\"o}ppe},
	title = {{Ngiti} : {A} central-{S}udanic language of {Z}aire},
	year = {1994}
}

@book{Nespor1986,
	address = {Dordrecht},
	author = {Nespor, Marina and Vogel, Irene},
	publisher = {Foris},
	title = {Prosodic Phonology},
	year = {1986}
}

@book{Nater1984,
	address = {Ottawa},
	author = {Nater, Hank F.},
	publisher = {National Museums of Canada},
	sortname = {Nater, Hank F.},
	title = {The {Bella} {Coola} language. {National} Museum of {Man} Mercury Series. {Canadian} Ethnology Service Paper 92},
	year = {1984}
}

@book{Müller1861,
	address = {London},
	author = {Müller, Max},
	publisher = {Longmans, Green},
	sortname = {Muller, Max},
	title = {Lectures on the Science of Language. {Vol.} 1},
	year = {1861}
}

@book{Mosse,
	address = {Paris},
	author = {Moss{\'e}, Fernand},
	publisher = {Aubier},
	sortname = {Moss{e}, Fernand},
	title = {Manuel de l'anglais du Moyen {\^a}ge des origines au {{X}{I}{V}}me si{\`e}cle. {II}. {M}oyen-{A}nglais. {T}ome premier: {G}rammaire et textes},
	year = {1949},
}

@book{Moravcsik2013,
	address = {New York},
	author = {Moravcsik, Edith},
	publisher = {Cambridge University Press},
	title = {Introducing language typology},
	year = {2013}
}

@book{Moran2011,
	address = {Seattle},
	author = {Moran, S.},
	publisher = {University of Washington},
	sortname = {Moran, S.},
	title = {Phonetics Information Base and Lexicon {({PHOIBLE})}},
	year = {2011}
}

@book{Mithun1999,
	address = {Cambridge},
	author = {Mithun, Marianne},
	publisher = {Cambridge {U}niversity {P}ress},
	title = {The Languages of Native {N}orth {A}merica},
	year = {1999},
}

@book{Merlan1991,
	address = {Cambridge},
	author = {Merlan, Francesca and Rumsey, Alan},
	publisher = {Cambridge University Press},
	title = {Ku {{Waru}}: {Language} and Segmentary Politics in the {Western} {Nebilyer} {Valley}, {Papua} {New} {Guinea}},
	year = {1991}
}

@book{Mehler1994,
	address = {Cambridge, MA},
	author = {Mehler, Jacques and Dupoux, Emmanuel},
	publisher = {Blackwell},
	title = {What Infants Know},
	year = {1994}
}

@book{McMahon1994,
	address = {Cambridge},
	author = {McMahon, April M. S.},
	publisher = {Cambridge {U}niversity {P}ress},
	sortname = {McMahon, April M. S.},
	title = {Understanding language change},
	year = {1994},
}

@book{Maddieson1984,
	address = {Cambridge},
	author = {Maddieson, Ian},
	publisher = {Cambridge University Press},
	title = {Patterns of sounds},
	year = {1984}
}

@book{MacNeilage1998,
	address = {Behavior and Brain Science 21},
	author = {MacNeilage, Peter F.},
	publisher = {499 – 546},
	sortname = {MacNeilage, Peter F.},
	title = {The frame/content theory of evolution of speech production},
	year = {1998}
}

@book{Lieberman2000,
	address = {Cambridge, MA},
	author = {Lieberman, Phillip},
	publisher = {Harvard University Press},
	title = {Human language and our reptilian brain},
	year = {2000}
}

@book{Lichtenberk1983,
	address = {Honolulu},
	author = {Lichtenberk, Frantisek},
	publisher = {University of Hawaii Press},
	title = {A grammar of {Manam}},
	year = {1983}
}

@book{Lass1984,
	address = {Cambridge},
	author = {Lass, Roger},
	publisher = {Cambridge University Press},
	title = {Phonology: {An} Introduction to Basic Concepts},
	year = {1984}
}

@book{Ladefoged2001,
	address = {Malden MA},
	author = {Ladefoged, Peter},
	publisher = {Blackwell},
	title = {Vowels and Consonants: {An} Introduction to the Sounds of Languages},
	year = {2001}
}

@book{Ladefoged1996,
	address = {Oxford \& Malden},
	author = {Ladefoged, Peter  and  Ian Maddieson},
	publisher = {Blackwell},
	title = {The sounds of the world’s languages},
	year = {1996}
}

@book{Ladd2008intonation,
	address = {Cambridge},
	author = {Ladd, D. Robert},
	edition = {2},
	publisher = {Cambridge University Press},
	sortname = {Ladd, D. Robert},
	title = {Intonational Phonology},
	year = {2008}
}

@book{KiparskyToAppear,
	address = {\biberror{no address}},
	author = {Kiparsky, Paul},
	booktitle = {Phonological Typology},
	editor = {Larry M. Hyman and Frans Plank},
	publisher = {\biberror{no publisher}},
	title = {Formal and empirical issues in phonological typology},
	year = {In press}
}

@book{Kerr1972,
	address = {Washington, DC},
	author = {Kerr, Allen D.},
	publisher = {Catholic University of America Press},
	sortname = {Kerr, Allen D.},
	title = {{Lao-{{English}}} dictionary},
	year = {1972}
}

@book{Kellogg1893,
	address = {London},
	author = {Kellogg, S. H.},
	publisher = {Routledge and Kegan Paul},
	sortname = {Kellogg, S. H.},
	title = {A Grammar of The {Hindí} Language},
	year = {1893}
}

@book{Kanuri,
	address = {K{\"o}ln},
	author = {Cyffer, Norbert},
	publisher = {R{\"u}diger {K}{\"o}ppe},
	title = {A sketch of {Kanuri}},
	year = {1998},
}

@book{Juscyk1997,
	address = {Cambridge MA},
	author = {Juscyk, Peter},
	publisher = {MIT Press},
	title = {The Discovery of Spoken Language},
	year = {1997}
}

@book{Jackendoff2002,
	address = {New York},
	author = {Jackendoff, Ray},
	publisher = {Oxford University Press},
	title = {Foundations of language: {Brain}, meaning, grammar, evolution},
	year = {2002}
}

@book{Illari2014,
	address = {UK},
	author = {Illari, Phyllis McKay and Russo, Federica},
	publisher = {Oxford University Press},
	title = {Causality: {Philosophical} Theory meets Scientific Practice},
	year = {2014}
}

@book{Illari2011,
	address = {Oxford},
	author = {Illari, Phyllis McKay and Federica Russo and Jon Williamson},
	publisher = {OXford University Press},
	title = {Causality in the Sciences},
	year = {2011}
}

@book{Ibbotson2014,
	address = {DOI},
	author = {Ibbotson, Paul and Elena Lieven and  Michael Tomasello},
	publisher = {10.1017/S0305000913000135},
	title = {The communicative contexts of grammatical aspect use in {English}. {Journal} of Child Language 41(3), 705 – 723},
	year = {2014}
}

@book{Hoff1968,
	address = {The Hague},
	author = {Hoff, Bernd},
	publisher = {Martinus Nijhoff},
	title = {The {Carib} language. {Phonology}, morphonology, morphology, texts, and word index},
	year = {1968}
}

@book{Hirsh-Pasek1996,
	address = {New York},
	booktitle = {Action meets word: {How} children learn verbs},
	editor = {Hirsh-Pasek, Kathy  and  Golinkoff, Roberta},
	publisher = {Oxford University Press},
	title = {Action meets word: {How} children learn verbs},
	year = {1996}
}

@book{Hermann2011,
	address = {Amsterdam},
	author = {Hermann, Annika and Steinbach, Markus},
	publisher = {John Benjamins Publishing Company},
	title = {Nonmanuals in sign language, special issue of Sign Language and Linguistics 14:1},
	year = {2011}
}

@book{Heineal.1991,
	address = {Chicago},
	author = {Heine, Bernd and Ulrike Claudi and Friederike H{\"u}nnemeyer},
	publisher = {University of {C}hicago {P}ress},
	sortname = {Heine, Bernd and Ulrike Claudi and Friederike H{u}nnemeyer},
	title = {Grammaticalization},
	year = {1991},
}

@book{Heine2007,
	address = {Oxford},
	author = {Bernd Heine and Tania Kuteva},
	month = {October},
	publisher = {Oxford University Press},
	title = {The Genesis of Grammar: {A} Reconstruction},
	url = {http://groups.lis.illinois.edu/amag/langev/paper/heine07book.html},
	year = {2007}
}

@book{Hawkins83,
	address = {New York},
	author = {John A. Hawkins},
	date-added = {2016-02-15 10:26:22 +0000},
	date-modified = {2016-02-15 10:26:22 +0000},
	keywords = {Typology},
	publisher = {Academic Press},
	sortname = {John A. Hawkins},
	title = {Word order universals},
	year = {1983}
}

@book{Hawkins2014,
	address = {Oxford},
	author = {Hawkins, John},
	publisher = {Oxford University Press},
	title = {Cross-linguistic Variation and Efficiency},
	year = {2014}
}

@book{Hawkins2004,
	address = {Oxford},
	author = {Hawkins, John A.},
	publisher = {Oxford {U}niversity {P}ress},
	sortname = {Hawkins, John A.},
	title = {Efficiency and Complexity in Grammars},
	year = {2004},
}

@book{Hawkins1994,
	address = {Cambridge},
	author = {Hawkins, John A.},
	publisher = {Cambridge University Press},
	sortname = {Hawkins, John A.},
	title = {A performance theory of order and constituency},
	year = {1994}
}

@book{Hawkins1983,
	address = {New {Y}ork},
	author = {Hawkins, John A.},
	publisher = {Academic {P}ress},
	sortname = {Hawkins, John A.},
	title = {Word order universals},
	year = {1983},
}

@book{Hawkins04,
	address = {Oxford},
	author = {John A. Hawkins},
	date-added = {2016-02-15 10:26:25 +0000},
	date-modified = {2016-02-15 10:26:25 +0000},
	keywords = {Word Order, Psycholinguistics, Typology, Dependency Length},
	publisher = {Oxford University Press},
	sortname = {John A. Hawkins},
	title = {Complexity and efficiency in grammars},
	year = {2004}
}

@book{Greenberg1978Universals,
	address = {Stanford},
	booktitle = {Universals of human language},
	editor = {Greenberg, Joseph H. and Charles A. Ferguson and Edith A. Moravcsik},
	publisher = {Stanford University Press},
	sortname = {Greenberg, Joseph H. and Charles A. Ferguson and Edith A. Moravcsik},
	title = {Universals of human language},
	year = {1978}
}

@book{Greenberg1966FeatureHierarchies,
	address = {The Hague},
	author = {Greenberg, Joseph H.},
	publisher = {Mouton},
	sortname = {Greenberg, Joseph H.},
	title = {Language universals, with particular reference to feature hierarchies},
	year = {1966},
}

@book{Gabelentz1901,
	address = {Leipzig},
	author = {Gabelentz, Georg van der},
	publisher = {Tauchnitz},
	title = {Die {Sprachwissenschaft}: {Ihre} A{ufgaben}, {Methoden} und bisherigen {Ergebnisse}. 2nd edition},
	year = {1901}
}

@book{François2010,
	address = {Phonology 27},
	author = {François, Alexandre},
	publisher = {393 – 434},
	sortname = {Francois, Alexandre},
	title = {Phonotactics and the prestopped velar lateral of {Hiw}: {Resolving} the ambiguity of a complex segment},
	year = {2010}
}

@book{Foley1986,
	address = {New York},
	author = {Foley, William A.},
	publisher = {Cambridge University Press},
	sortname = {Foley, William A.},
	title = {The {Papuan} Languages of {New} {{Guinea}}},
	year = {1986}
}

@book{Fitch2010,
	address = {Cambridge},
	author = {Fitch, W. Tecumseh},
	publisher = {Cambridge University Press},
	sortname = {Fitch, W. Tecumseh},
	title = {The evolution of language},
	year = {2010}
}

@book{EnfieldNaturalCauses2014,
	address = {Berlin},
	author = {Enfield, N. J. },
	publisher = {Language Science Press},
	sortname = {Enfield, N. J. },
	title = {Natural Causes of Language: {Frames}, Biases, and Cultural Transmission},
	year = {2014}
}

@book{Enfield2015,
	address = {Oxford},
	author = {Enfield, N. J.},
	publisher = {Oxford University Press},
	sortname = {Enfield, N. J.},
	title = {The Utility of Meaning: {What} Words Mean and Why},
	year = {2015}
}

@book{Enfield2014,
	address = {Berlin},
	author = {Enfield, N. J.},
	publisher = {Language Science Press},
	sortname = {Enfield, N. J.},
	title = {Natural Causes of Language: {Frames}, Biases, and Cultural Transmission},
	year = {2014}
}

@book{Enfield2013enchronyagency,
	address = {New York},
	author = {Enfield, N. J.},
	publisher = {Oxford University Press},
	sortname = {Enfield, N. J.},
	title = {Relationship thinking: {Enchrony}, agency, and human sociality},
	year = {2013}
}

@book{Enfield2013agencyenchrony,
	address = {New York},
	author = {Enfield, N. J.},
	publisher = {Oxford University Press},
	sortname = {Enfield, N. J.},
	title = {Relationship thinking: {Agency}, enchrony, and human sociality},
	year = {2013}
}

@book{Enfield2013,
	address = {New York},
	author = {Enfield, N. J.},
	publisher = {Oxford university Press},
	sortname = {Enfield, N. J.},
	title = {Relationship Thinking: {Agency}, Enchrony, and Human Sociality},
	year = {2013}
}

@book{Enfield2007,
	address = {Berlin},
	author = {Enfield, N. J.},
	publisher = {Mouton de Gruyter},
	sortname = {Enfield, N. J.},
	title = {A grammar of {Lao}. [Mouton Grammar Library 38]},
	year = {2007}
}

@book{Dunbar1998,
	address = {Cambridge, MA},
	author = {Dunbar, Robin I. M.},
	publisher = {Harvard University Press},
	sortname = {Dunbar, Robin I. M.},
	title = {Grooming, gossip, and the evolution of language},
	year = {1998}
}

@book{Dumestre1970,
	address = {Abidjan},
	author = {Dumestre, Gaston},
	publisher = {Institut de Linguistique Appliquée XI, Université d’Abidjan},
	title = {Atlas linguistique de {Côte} {d’Ivoire}},
	year = {1970}
}

@book{DryerEtAl2013,
	address = {Leipzig},
	booktitle = {{WALS} Online},
	editor = {Dryer, Matthew S. and  Haspelmath, Martin},
	publisher = {Max Planck Institute for Evolutionary Anthropology},
	sortname = {Dryer, Matthew S. and  Haspelmath, Martin},
	title = {{WALS} Online},
	url = {http://wals.info/},
	year = {2013}
}

@book{Dryer2013wals,
	address = {Leipzig},
	author = {Dryer, Matthew S.  and  Martin Haspelmath},
	publisher = {Max Planck Institute for Evolutionary Anthropology},
	sortname = {Dryer, Matthew S.  and  Martin Haspelmath},
	title = {The World Atlas of Language Structures Online},
	year = {2013}
}

@book{Donohue2013,
	address = {Canberra},
	author = {Donohue, Mark and Rebecca Hetherington and James McElvenny and Virginia Dawson},
	publisher = {Department of Linguistics, The Australian National University. http:},
	title = {World phonotactics database},
	url = {//phonotactics.anu.edu.au},
	urldate = {15/6/2015},
	year = {2013}
}

@book{Dixon1994,
	address = {Cambridge},
	author = {Dixon, R. M. W.},
	publisher = {Cambridge {U}niversity {P}ress},
	sortname = {Dixon, R. M. W.},
	title = {Ergativity},
	year = {1994},
}

@book{Dediu2007phd,
	address = {Edinburgh, UK},
	author = {Dediu. Dan},
	publisher = {University of Edinburgh},
	sortname = {Dediu. Dan},
	title = {Non-spurious correlations between genetic and linguistic diversities in the context of human evolution  ({{PhD}} Thesis)},
	year = {2007}
}

@book{DeReuse2006,
	address = {Munich},
	author = {de Reuse, Willem J. with the assistance of Phillip Goode},
	publisher = {Lincom Europa},
	sortname = {de Reuse, Willem J. with the assistance of Phillip Goode},
	title = {A practical grammar of the {{San}} {Carlos} {Apache} language},
	year = {2006}
}

@book{DeLacyMarkedness2006,
	address = {Cambridge},
	author = {De Lacy, Paul},
	publisher = {Cambridge University Press},
	title = {Markedness: {Reduction} and Preservation in Phonology},
	year = {2006}
}

@book{DeLacy2006,
	address = {Cambridge},
	author = {de Lacy, Paul},
	publisher = {Cambridge University Press},
	title = {Markedness: {Reduction} and preservation in phonology},
	year = {2006}
}

@book{Dawkins1976,
	address = {Oxford},
	author = {Dawkins, Richard},
	publisher = {Oxford University Press},
	title = {The Selfish Gene},
	year = {1976}
}

@book{Darwin1871,
	address = {London},
	author = {Darwin, Charles},
	publisher = {John Murray},
	title = {The Descent of {Man} and Selection in Relation to Sex},
	year = {1871}
}

@book{Cruttenden1997,
	address = {Cambridge},
	author = {Cruttenden, Alan},
	publisher = {Cambridge University Press},
	title = {Intonation (Second Edition)},
	year = {1997}
}

@book{Crowley2002,
	address = {Oxford},
	author = {Crowley, Terry},
	publisher = {Oxford University Press},
	title = {Serial verbs in {Oceanic}: {A} descriptive typology},
	year = {2002}
}

@book{Croft2004,
	address = {Cambridge},
	author = {Croft, William and D. Alan Cruse},
	publisher = {Cambridge University Press},
	sortname = {Croft, William and D. Alan Cruse},
	title = {Cognitive Linguistics},
	year = {2004}
}

@book{Croft2001,
	address = {Oxford},
	author = {Croft, William},
	publisher = {Oxford University Press},
	title = {Radical Construction Grammar},
	year = {2001}
}

@book{Crane2011,
	address = {Oakland},
	author = {Crane, Thera Marie and Larry M. Hyman and   Simon Nsielanga Tukumu},
	publisher = {University of California Press},
	series = {University of California Publications in Linguistics 147},
	sortname = {Crane, Thera Marie and Larry M. Hyman and   Simon Nsielanga Tukumu},
	title = {A grammar of {{Nzadi}} {[B865]}},
	year = {2011}
}

@book{Cowie1999,
	address = {New York},
	author = {Cowie, Fiona},
	publisher = {Oxford University Press},
	title = {What’s within? {Nativism} reconsidered},
	year = {1999}
}

@book{Cowan1965,
	address = {‘s-Gravenhage},
	author = {Cowan, Hendrik Karel Jan},
	publisher = {Martinus Nijhoff},
	title = {Grammar of the {Sentani} language},
	year = {1965}
}

@book{Corballis2002,
	address = {Princeton},
	author = {Corballis, Michael C.},
	publisher = {Princeton University Press},
	sortname = {Corballis, Michael C.},
	title = {From hand to mouth: {The} origins of language},
	year = {2002}
}

@book{Comrie2,
	address = {Oxford},
	author = {Comrie, Bernard},
	publisher = {Basil {B}lackwell},
	title = {Language universals and linguistic typology. 2nd edition},
	year = {1989},
}

@book{Clark1996,
	address = {Cambridge},
	author = {Clark, Herbert H.},
	publisher = {Cambridge University Press},
	sortname = {Clark, Herbert H.},
	title = {Using Language},
	year = {1996}
}

@book{Christiansen2016,
	address = {Cambridge, MA},
	author = {Christiansen, Morten H.  and  Chater, Nick},
	publisher = {MIT Press},
	sortname = {Christiansen, Morten H.  and  Chater, Nick},
	title = {Creating language: {Integrating} evolution, acquisition, and processing},
	year = {2016}
}

@book{Chomsky88,
	address = {Cambridge, MA},
	author = {Noam Chomsky},
	date-added = {2016-02-15 10:23:08 +0000},
	date-modified = {2016-02-15 10:23:08 +0000},
	keywords = {Typology, Syntax - Frameworks},
	publisher = {MIT Press},
	title = {Language and problems of knowledge: {The} {Managua} lectures},
	year = {1988}
}

@book{Chomsky1975,
	address = {New York},
	author = {Chomsky, Noam},
	publisher = {Pantheon Books},
	title = {Reflections on language},
	year = {1975}
}

@book{Chomsky1965,
	address = {Cambridge, MA},
	author = {Chomsky, Noam},
	publisher = {MIT Press},
	title = {Aspects of the theory of syntax},
	year = {1965}
}

@book{Chatterji,
	address = {Calcutta},
	author = {Chatterji, Suniti Kumar},
	publisher = {Calcutta {U}niversity {P}ress},
	title = {The Origin and Development of the {B}engali Language},
	year = {1926},
}

@book{Carstairs-McCarthy1999,
	address = {Oxford},
	author = {Carstairs-McCarthy, Andrew},
	publisher = {Oxford University Press},
	title = {The Origins of Complex Language},
	year = {1999}
}

@book{Carroll2011,
	address = {London},
	author = {Carroll, Sean B.},
	publisher = {Quercus Publishing},
	sortname = {Carroll, Sean B.},
	title = {Endless Forms Most Beautiful: {The} New Science of Evo Devo and the Making of the Animal Kingdom},
	year = {2011}
}

@book{Byrne1885,
	address = {London},
	author = {Byrne, James},
	publisher = {Trübner. 2nd edition, 1892},
	title = {General Principles of the Structure of Language},
	year = {1885}
}

@book{Bybee2010,
	address = {Cambridge},
	author = {Bybee, Joan},
	publisher = {Cambridge University Press},
	title = {Language, usage and cognition},
	year = {2010}
}

@book{Bybee-Perkins-Pagliuca1994,
	address = {Chicago and London},
	author = {Bybee, Joan and Revere Perkins and William Pagliuca},
	publisher = {The {U}niversity of Chicago {P}ress},
	title = {The evolution of grammar},
	year = {1994},
}

@book{Burling2005,
	address = {Oxford},
	author = {Burling, Robbins},
	publisher = {Oxford University Press},
	title = {The talking ape: {How} language evolved},
	year = {2005}
}

@book{Bresnan2001,
	address = {Oxford},
	author = {Bresnan, Joan},
	publisher = {Blackwell},
	title = {{Lexical-Functional} Syntax},
	year = {2001}
}

@book{Brentari2010,
	address = {New York},
	booktitle = {Sign Languages: {A} {Cambridge} Survey},
	editor = {Brentari, Diane},
	publisher = {Cambridge University Press},
	title = {Sign Languages: {A} {Cambridge} Survey},
	year = {2010}
}

@book{Brentari1998,
	address = {Cambridge, MA},
	author = {Brentari, Diane},
	publisher = {MIT Press},
	title = {A Prosodic Model of Sign Language Phonology},
	year = {1998}
}

@book{Botha2003,
	address = {Amsterdam},
	author = {Botha, Rudolf P.},
	publisher = {Elsevier},
	sortname = {Botha, Rudolf P.},
	title = {Unravelling the evolution of language},
	year = {2003}
}

@book{Blevins2004,
	address = {Cambridge},
	author = {Blevins, Juliette},
	publisher = {Cambridge University Press},
	title = {Evolutionary phonology: {The} emergence of sound patterns},
	year = {2004}
}

@book{BlasiRobertsMaathuis,
	address = {\biberror{no address}},
	author = {Blasi, Damián E. and Roberts, Seán G. and Maathuis and Keeulers, Emmanuel},
	date-added = {2016-02-23 09:31:54 +0000},
	date-modified = {2016-02-23 09:32:57 +0000},
	publisher = {\biberror{no publisher}},
	sortname = {Blasi, Damian E. and Roberts, Sean G. and Maathuis and Keeulers, Emmanuel},
	title = {Inferring causality in lexical properties from observational data},
	year = {In Preparation}
}

@book{Blackmore1999,
	address = {Oxford},
	author = {Blackmore, Susan},
	publisher = {Oxford University Press},
	title = {The Meme Machine},
	year = {1999}
}

@book{BillLC,
	address = {Harlow, {E}ssex},
	author = {Croft, William},
	publisher = {Longman},
	title = {Explaining language change: {An} evolutionary approach},
	year = {2000},
}

@book{Bickerton1990,
	address = {Chicago},
	author = {Bickerton, Derek},
	publisher = {Chicago University Press},
	title = {Language and Species},
	year = {1990}
}

@book{Bernstein1971,
	address = {London},
	author = {Bernstein, Basil},
	publisher = {Routledge and Kegan Paul},
	title = {Class, Codes and Control, Volume 1},
	year = {1971}
}

@book{Beck2002,
	address = {New York},
	author = {Beck, David},
	publisher = {Routledge},
	title = {The Typology of Parts of Speech Systems: {The} Markedness of {Adjectives}},
	year = {2002}
}

@book{Battistella1996,
	address = {New York and Oxford},
	author = {Battistella, Edwin L.},
	publisher = {Oxford University Press},
	sortname = {Battistella, Edwin L.},
	title = {The Logic of Markedness},
	year = {1996}
}

@book{Battistella1990,
	address = {Albany},
	author = {Battistella, Edwin},
	publisher = {SUNY Press},
	title = {Markedness: {The} evaluative superstructure of language},
	year = {1990}
}

@book{Battison1978,
	address = {Silver Spring, MD},
	author = {Battison, Robbin},
	publisher = {Linstok Press},
	title = {Lexical Borrowing in {{American}} {Sign} {Language}},
	year = {1978}
}

@book{Baltaxe1978,
	address = {Baltimore},
	author = {Baltaxe, Christiane  A. M.},
	publisher = {University Park Press},
	sortname = {Baltaxe, Christiane  A. M.},
	title = {Foundations of Distinctive Feature Theory},
	year = {1978}
}

@book{Bally1944,
	address = {Berne},
	author = {Bally, Charles},
	publisher = {Francke},
	title = {Linguistique générale et linguistique française. 2nd edition},
	year = {1944}
}

@book{Baker01,
	address = {New York, NY},
	author = {Mark Baker},
	date-added = {2016-02-15 10:22:00 +0000},
	date-modified = {2016-02-15 10:22:00 +0000},
	keywords = {Syntax, Learning Biases},
	publisher = {Basic Books},
	title = {The atoms of language: {The} mind's hidden rules of grammar},
	year = {2001}
}

@book{Austin1962,
	address = {Cambridge, MA},
	author = {Austin, J. L.},
	publisher = {Harvard University Press},
	sortname = {Austin, J. L.},
	title = {How to Do Things with Words},
	year = {1962}
}

@book{Assamese,
	address = {Gauhati},
	author = {Kakati, Banikanta},
	publisher = {Lawyer's {B}ook {S}tall},
	title = {Assamese , its formation and development. 2nd edition},
	year = {1962},
}

@book{Armstrong1995,
	address = {Cambridge},
	author = {Armstrong, David F. and Stokoe, William C. and Wilcox, Sherman E.},
	publisher = {Cambridge University Press},
	sortname = {Armstrong, David F. and Stokoe, William C. and Wilcox, Sherman E.},
	title = {Gesture and the Nature of Language},
	year = {1995}
}

@book{Arcuili2014,
	address = {Amsterdam},
	author = {Arcuili, Joanne and Brock, Jon},
	publisher = {John Benjamins Publishing Company},
	title = {Communication in Autism},
	year = {2014}
}

@book{Arbib2012,
	address = {Oxford},
	author = {Arbib, Michael},
	publisher = {Oxford University Press},
	title = {How the Brain Got Language: {The} Mirror System Hypothesis},
	year = {2012}
}

@book{Anceaux1965,
	address = {New York},
	author = {Anceaux, Johannes Cornelius},
	publisher = {Springer},
	title = {The {Nimboran} language; phonology and morphology},
	year = {1965}
}

@book{AmharicCohen,
	address = {Paris},
	author = {Cohen, Marcel},
	publisher = {Institut d'{E}thnologie},
	title = {Trait{\'e} de langue amharique (Abyssinie)},
	year = {1936},
}

@book{Amharic,
	address = {Wiesbaden},
	author = {Leslau, Wolf},
	publisher = {Harassowitz},
	title = {Reference grammar of {Amharic}},
	year = {1995},
}

@book{Ambridge2011,
	address = {Cambridge},
	author = {Ambridge, Ben and Elena Lieven},
	publisher = {Cambridge University Press},
	title = {Child Language Acquisition: {Contrasting} Theoretical Approaches},
	year = {2011}
}

@book{Abbott1966,
	address = {Legon},
	author = {Abbott, Mary and Monica Cox},
	publisher = {Institute of African Studies, University of Ghana},
	title = {Collected field reports on the phonology of {Basari}},
	year = {1966}
}

@article{Özyürek2008,
	author = {Özyürek, Aslı  and Kita, Sotaro and Allen, Shanley and Brown, Amanda and Furman, Reyhan and  Ishizuka, Tomoko},
	doi = {10.1037/0012-1649.44.4.1040},
	journal = {Developmental Psychology},
	number = {4},
	pages = {1040--1054},
	sortname = {Ozyurek, Asli  and Kita, Sotaro and Allen, Shanley and Brown, Amanda and Furman, Reyhan and  Ishizuka, Tomoko},
	title = {Development of cross-linguistic variation in speech and gesture: {Motion} events in {{English}} and {Turkish}},
	volume = {44},
	year = {2008}
}

@article{vanOven2009,
	author = {van Oven, Mannis and Manfred Kayser},
	journal = {Human Mutation},
	note = {E386-E394},
	number = {2},
	pages = {\biberror{no pages}},
	title = {Updated comprehensive phylogenetic tree of global human mitochondrial {{DNA}} variation},
	volume = {30},
	year = {2009}
}

@article{vanEijkEtAl1986,
	author = {van Eijk, Jan and Hess, Thom},
	journal = {Lingua},
	pages = {319--331},
	title = {{Noun} and verb in {Salishan}},
	volume = {69},
	year = {1986}
}

@article{schmetz2002introduction,
	author = {Schmetz, Johannes and Pili, Paolo and Tjemkes, Stephen and Just, Dieter and Kerkmann, Jochen and Rota, Sergio and Ratier, Alain},
	date-added = {2016-02-23 09:22:30 +0000},
	date-modified = {2016-02-23 09:22:30 +0000},
	journal = {Bulletin of the American Meteorological Society},
	number = {7},
	pages = {977--992},
	title = {An introduction to {Meteosat} second generation {({MSG})}},
	volume = {83},
	year = {2002}
}

@article{roberts2015future,
	author = {Roberts, Seán G and Winters, James and Chen, Keith},
	date-added = {2016-02-23 09:22:30 +0000},
	date-modified = {2016-02-23 09:22:30 +0000},
	journal = {PloS one},
	number = {7},
	pages = {e0132145},
	publisher = {Public Library of Science},
	sortname = {Roberts, Sean G and Winters, James and Chen, Keith},
	title = {Future tense and economic decisions: {Controlling} for cultural evolution},
	volume = {10},
	year = {2015}
}

@article{roberts2013linguistic,
	author = {Roberts, Seán G. and Winters, James},
	date-added = {2016-02-23 09:22:30 +0000},
	date-modified = {2016-02-23 09:22:30 +0000},
	journal = {PloS one},
	number = {8},
	pages = {e70902},
	publisher = {Public Library of Science},
	sortname = {Roberts, Sean G. and Winters, James},
	title = {Linguistic diversity and traffic accidents: {Lessons} from statistical studies of cultural traits},
	volume = {8},
	year = {2013}
}

@article{proximateultimate,
	author = {Scott-Phillips, Thomas C. and Thomas E. Dickins and Stuart A. West},
	journal = {Perspectives on {P}sychological {S}cience},
	number = {1},
	pages = {38--47},
	sortname = {Scott-Phillips, Thomas C. and Thomas E. Dickins and Stuart A. West},
	title = {Evolutionary Theory and the {Ultimate-Proximate} distinction in the Human Behavioral Sciences},
	volume = {6},
	year = {2011},
}

@article{piantadosi2014quantitative,
	author = {Piantadosi, Steven T and Gibson, Edward},
	journal = {Cognitive science},
	number = {4},
	pages = {736--756},
	publisher = {Wiley Online Library},
	title = {Quantitative standards for absolute linguistic universals},
	volume = {38},
	year = {2014}
}

@article{ozyurek2007,
	author = {Özyürek, Aslı and Willems, Roel M. and Kita, Sotaro and Hagoort, Peter},
	journal = {Journal of Cognitive Neuroscience},
	number = {4},
	pages = {605--616},
	sortname = {Ozyurek, Asli and Willems, Roel M. and Kita, Sotaro and Hagoort, Peter},
	title = {On-line integration of semantic information from speech and gesture: {Insights} from event-related brain potentials},
	volume = {19},
	year = {2007}
}

@article{newmeyer2010irrelevance,
	author = {Newmeyer, Frederick J.},
	date-added = {2016-02-15 10:30:49 +0000},
	date-modified = {2016-02-15 10:30:49 +0000},
	journal = {Syntaxis},
	keywords = {Typology, Syntax},
	pages = {161--197},
	sortname = {Newmeyer, Frederick J.},
	title = {The irrelevance of typology for grammatical theory},
	volume = {1},
	year = {1998}
}

@article{moreton2012structure,
	author = {Moreton, Elliott and Pater, Joe},
	date-added = {2016-02-15 10:27:23 +0000},
	date-modified = {2016-02-15 10:27:23 +0000},
	journal = {Language and Linguistics Compass},
	keywords = {Artificial language learning, Phonology, Typology},
	number = {11},
	pages = {686--701},
	title = {Structure and Substance in Artificial-phonology Learning, Part {I}: {Structure}},
	volume = {6},
	year = {2012}
}

@article{moravcsik2007universal,
	author = {Moravcsik, Edith A.},
	date-added = {2016-02-23 09:22:30 +0000},
	date-modified = {2016-02-23 09:22:30 +0000},
	journal = {Linguistic Typology},
	number = {1},
	pages = {27--41},
	sortname = {Moravcsik, Edith A.},
	title = {What is universal about typology?},
	volume = {11},
	year = {2007}
}

@article{maslova2003case,
	author = {Maslova, Elena},
	date-added = {2016-02-23 09:22:30 +0000},
	date-modified = {2016-02-23 09:22:30 +0000},
	journal = {Linguistic typology},
	number = {1},
	pages = {101--108},
	title = {A case for implicational universals},
	volume = {7},
	year = {2003}
}

@article{lupyan2010language,
	author = {Lupyan, Gary and Dale, Rick},
	date-added = {2016-02-23 09:22:30 +0000},
	date-modified = {2016-02-23 09:22:30 +0000},
	journal = {PloS one},
	number = {1},
	pages = {e8559},
	publisher = {Public Library of Science},
	title = {Language structure is partly determined by social structure},
	volume = {5},
	year = {2010}
}

@article{ladd2014correlational,
	author = {Ladd, D. Robert and Roberts, Seán G. and Dediu, Dan},
	date-added = {2016-02-15 10:27:02 +0000},
	date-modified = {2016-02-15 10:27:02 +0000},
	journal = {Annual Review of Linguistics},
	keywords = {Typology, Word Order},
	pages = {221--241},
	sortname = {Ladd, D. Robert and Roberts, Sean G. and Dediu, Dan},
	title = {Correlational studies in typological and historical linguistics},
	volume = {1},
	year = {2014}
}

@article{kirby2015compression,
	author = {Kirby, Simon and Tamariz, Monica and Cornish, Hannah and Smith, Kenny},
	date-added = {2016-02-15 10:26:52 +0000},
	date-modified = {2016-02-15 10:26:52 +0000},
	journal = {Cognition},
	keywords = {Language Evolution, Iterated Learning},
	pages = {87--102},
	title = {Compression and communication in the cultural evolution of linguistic structure},
	volume = {141},
	year = {2015}
}

@article{kalisch2012causal,
	author = {Kalisch, Markus and M{\"a}chler, Martin and Colombo, Diego and Maathuis, Marloes H and B{\"u}hlmann, Peter},
	date-added = {2016-02-23 09:31:35 +0000},
	date-modified = {2016-02-23 09:31:35 +0000},
	journal = {Journal of Statistical Software},
	number = {11},
	pages = {1--26},
	sortname = {Kalisch, Markus and M{a}chler, Martin and Colombo, Diego and Maathuis, Marloes H and B{u}hlmann, Peter},
	title = {Causal inference using graphical models with the {R} package pcalg},
	volume = {47},
	year = {2012}
}

@article{jaeger2011mixed,
	author = {Jaeger, T Florian and Graff, Peter and Croft, William and Pontillo, Daniel},
	date-added = {2016-02-23 09:22:30 +0000},
	date-modified = {2016-02-23 09:22:30 +0000},
	journal = {Linguistic Typology},
	number = {2},
	pages = {281--320},
	title = {Mixed effect models for genetic and areal dependencies in linguistic typology},
	volume = {15},
	year = {2011}
}

@article{hyman2008universals,
	author = {Hyman, Larry M.},
	date-added = {2016-02-23 09:22:30 +0000},
	date-modified = {2016-02-23 09:22:30 +0000},
	journal = {The linguistic review},
	number = {1-2},
	pages = {83--137},
	sortname = {Hyman, Larry M.},
	title = {Universals in phonology},
	volume = {25},
	year = {2008}
}

@article{haspelmath2000why,
	author = {Haspelmath, Martin},
	date-added = {2016-02-15 10:26:07 +0000},
	date-modified = {2016-02-15 10:26:07 +0000},
	journal = {Lingua},
	keywords = {Typology},
	number = {4},
	pages = {235--255},
	title = {Why can't we talk to each other?},
	volume = {110},
	year = {2000}
}

@article{fay2010interactive,
	author = {Fay, Nicolas and Garrod, Simon and Roberts, Leo and Swoboda, Nik},
	date-added = {2016-02-15 10:25:37 +0000},
	date-modified = {2016-02-15 10:25:37 +0000},
	journal = {Cognitive Science},
	keywords = {Iterated Learning},
	number = {3},
	pages = {351--386},
	title = {The interactive evolution of human communication systems},
	volume = {34},
	year = {2010}
}

@article{daumecampbell2009,
	author = {Daum{\'e} III, Hal and Campbell, Lyle},
	journal = {arXiv},
	note = {preprint arXiv:0907.0785},,
	pages = {\biberror{no pages}},
	sortname = {Daum{e} III, Hal and Campbell, Lyle},
	title = {A {{Bayesian}} model for discovering typological implications},
	volume = {\biberror{no volume}},
	year = {2009}
}

@article{cysouw2010dealing,
	author = {Cysouw, Michael},
	date-added = {2016-02-15 10:24:55 +0000},
	date-modified = {2016-02-15 10:24:55 +0000},
	journal = {Linguistic Typology},
	keywords = {Typology, Word Order, Syntax},
	number = {2},
	pages = {253--287},
	title = {Dealing with diversity: {Towards} an explanation of {{NP}}-internal word order frequencies},
	volume = {14},
	year = {2010}
}

@article{culbertson2015harmonic,
	author = {Jennifer Culbertson and Elissa L. Newport},
	date-added = {2016-02-15 10:24:00 +0000},
	date-modified = {2016-02-15 10:24:00 +0000},
	journal = {Cognition},
	keywords = {Artificial language learning, Language acquisition, Statistical Learning, Regularization, Typology, Learning biases},
	pages = {71--82},
	sortname = {Jennifer Culbertson and Elissa L. Newport},
	title = {Harmonic biases in child learners: {In} support of language universals},
	volume = {139},
	year = {2015}
}

@article{culbertson2014language,
	Doi = {doi:10.1073/pnas.1320525111},
	author = {Culbertson, Jennifer and David Adger},
	date-added = {2016-02-15 10:23:47 +0000},
	date-modified = {2016-02-15 10:23:47 +0000},
	journal = {Proceedings of the National Academy of Sciences},
	keywords = {Culbertson, Artificial language learning, Typology, Word Order},
	number = {16},
	pages = {5842--5847},
	title = {Language learners privilege structured meaning over surface frequency},
	volume = {111},
	year = {2014}
}

@article{culbertson2013cognitive,
	Doi = {10.1111/tops.12027},
	Issn = {1756-8765},
	Url = {http://dx.doi.org/10.1111/tops.12027},
	author = {Culbertson, Jennifer and Smolensky, Paul and Wilson, Colin},
	date-added = {2016-02-15 10:24:45 +0000},
	date-modified = {2016-02-15 10:24:45 +0000},
	journal = {Topics in Cognitive Science},
	keywords = {Bayesian Models, OT, Learning biases, Artificial language learning, Typology, Word order},
	number = {3},
	pages = {392--424},
	title = {Cognitive Biases, Linguistic Universals, and {Constraint-Based} Grammar Learning},
	volume = {5},
	year = {2013}
}

@article{cheng1997covariation,
	author = {Cheng, Patricia W.},
	date-added = {2016-02-23 09:22:30 +0000},
	date-modified = {2016-02-23 09:22:30 +0000},
	journal = {Psychological review},
	number = {2},
	pages = {367},
	publisher = {American Psychological Association},
	sortname = {Cheng, Patricia W.},
	title = {From covariation to causation: {A} causal power theory},
	volume = {104},
	year = {1997}
}

@article{campbell1986meso,
	author = {Campbell, Lyle and Kaufman, Terrence and Smith-Stark, Thomas C.},
	date-added = {2016-02-23 09:22:30 +0000},
	date-modified = {2016-02-23 09:22:30 +0000},
	journal = {Language},
	pages = {530--570},
	publisher = {JSTOR},
	sortname = {Campbell, Lyle and Kaufman, Terrence and Smith-Stark, Thomas C.},
	title = {{Meso-{{America}}} as a linguistic area},
	volume = {62(3)},
	year = {1986}
}

@article{bickel2007typology,
	author = {Balthasar Bickel},
	date-added = {2016-02-15 10:22:57 +0000},
	date-modified = {2016-02-15 10:22:57 +0000},
	journal = {Linguistic Typology},
	keywords = {Typology},
	number = {1},
	pages = {239--251},
	title = {Typology in the 21st century: {Major} current developments},
	volume = {11},
	year = {2007}
}

@article{bakker2008linfer,
	author = {Bakker, Dik},
	date-added = {2016-02-23 09:22:30 +0000},
	date-modified = {2016-02-23 09:22:30 +0000},
	journal = {STUF-Language Typology and Universals Sprachtypologie und Universalienforschung},
	number = {3},
	pages = {186--198},
	title = {{{LINFER}}: {Inferring} implications from the {WALS} database},
	volume = {61},
	year = {2008}
}

@article{abels2012linear,
	author = {Abels, Klaus and Neeleman, Ad},
	date-added = {2016-02-15 10:21:49 +0000},
	date-modified = {2016-02-15 10:21:49 +0000},
	journal = {Syntax},
	keywords = {Typology, Syntax, Word order, Adjectives, U20},
	number = {1},
	pages = {25--74},
	title = {Linear Asymmetries and the {{LCA}}},
	volume = {15},
	year = {2012}
}

@article{You2008,
	author = {You, M. and Li, X. and Wang, H. and Zhang, J. and Wu, H. and Liu Y. and Zhu, Z.},
	doi = {10.1259/dmfr/55898096},
	journal = {Dento Maxillo Facial Radiology},
	number = {6},
	pages = {344–349},
	sortname = {You, M. and Li, X. and Wang, H. and Zhang, J. and Wu, H. and Liu Y. and Zhu, Z.},
	title = {Morphological variety of the soft palate in normal individuals: {A} digital cephalometric study},
	url = {http://doi.org/10.1259/dmfr/55898096},
	volume = {37},
	year = {2008}
}

@article{Wray2007,
	author = {Wray, Alison  and  Grace, George W.},
	journal = {Lingua},
	pages = {543–578},
	sortname = {Wray, Alison  and  Grace, George W.},
	title = {The consequences of talking to strangers: {Evolutionary} corollaries of socio-cultural influences on linguistic form},
	volume = {117},
	year = {2007}
}

@article{Wong2012,
	author = {Wong, Patrick C. M. and Chandrasekaran, Bharath and  Zheng, Jing},
	journal = {PLoS ONE},
	number = {4},
	pages = {e34243},
	sortname = {Wong, Patrick C. M. and Chandrasekaran, Bharath and  Zheng, Jing},
	title = {The derived allele of {{ASPM}} is associated with lexical tone perception},
	url = {http://doi.org/10.1371/journal.pone.0034243},
	volume = {7},
	year = {2012}
}

@article{Wilson06,
	author = {Colin Wilson},
	date-added = {2016-02-15 10:28:47 +0000},
	date-modified = {2016-02-15 10:28:47 +0000},
	journal = {Cognitive Science},
	keywords = {Artificial language learning, Phonology, Typology},
	number = {5},
	pages = {945--982},
	title = {An Experimental and Computational Study of Velar Palatalization},
	volume = {30},
	year = {2006}
}

@article{Wilkins1992,
	author = {Wilkins, David P.},
	journal = {Journal of Pragmatics},
	number = {2-3},
	pages = {119–158},
	sortname = {Wilkins, David P.},
	title = {Interjections as deictics},
	volume = {18},
	year = {1992}
}

@article{Watters1980,
	author = {Watters},
	journal = {SIL Mexico Workpapers},
	pages = {85--129},
	title = {Aspects of {Tlachichilco} {Tepehua} {(Totonacan)} phonology},
	volume = {4},
	year = {1980}
}

@article{Warren1969,
	author = {Warren, Richard M. and Charles J. Obusek and Richard M. Farmer and Roslyn P. Warren},
	journal = {Science},
	pages = {586–587},
	sortname = {Warren, Richard M. and Charles J. Obusek and Richard M. Farmer and Roslyn P. Warren},
	title = {Auditory sequence: {Confusion} of patterns other than speech or music},
	volume = {164},
	year = {1969}
}

@article{Wan2013,
	author = {Wan, Ming Wai and Jonathan Green and Mayada Elsabbagh and Mark H. Johnson and Tony Charman and Faye Plummer  and  the BASIS Team},
	journal = {Journal of Child Psychology and Psychiatry},
	number = {7},
	pages = {763--771},
	sortname = {Wan, Ming Wai and Jonathan Green and Mayada Elsabbagh and Mark H. Johnson and Tony Charman and Faye Plummer  and  the BASIS Team},
	title = {Quality of interaction between at-risk infants and caregiver at 12–15 months is associated with 3-year autism outcome},
	volume = {54},
	year = {2013}
}

@article{Verkerk2014,
	author = {Verkerk, Annemarie},
	date-added = {2016-02-23 09:22:30 +0000},
	date-modified = {2016-02-23 09:22:30 +0000},
	journal = {Folia Linguistica Historica},
	pages = {307--358},
	title = {The correlation between motion event encoding and path verb lexicon size in the {{{Indo}}-{European}} language family},
	volume = {35},
	year = {2014}
}

@article{Trubetskoy1931,
	author = {Trubetskoy, N. S.},
	journal = {Travaux du Cercle Linguistique de Prague},
	pages = {96--116},
	sortname = {Trubetskoy, N. S.},
	title = {Die Phonologischen {Systeme}},
	volume = {4},
	year = {1931}
}

@article{Traunmüller2003,
	author = {Traunmüller, Hartmut},
	journal = {PHONUM},
	pages = {1–4},
	sortname = {Traunmuller, Hartmut},
	title = {Clicks and the idea of a human protolanguage},
	volume = {9},
	year = {2003}
}

@article{Tomasello2003attention,
	author = {Tomasello, Michael  and  Katharina Haberl},
	journal = {Developmental Psychology},
	number = {5},
	pages = {906--912},
	title = {Understanding attention: 12- and 18-month-olds know what's new for other persons},
	volume = {39},
	year = {2003}
}

@article{Tomasello1997,
	author = {Tomasello, Michael and  Luigia Camaioni},
	journal = {Human Development},
	number = {1},
	pages = {7–24},
	title = {A comparison of the gestural communication of apes and human infants},
	volume = {40},
	year = {1997}
}

@article{Tokizaki2010,
	author = {Tokizaki, Hisao},
	journal = {Phonological Studies: The Phonological Society of Japan},
	pages = {135--136},
	title = {Syllable structure, stress location and head-complement order},
	volume = {13},
	year = {2010}
}

@article{Stephens2013,
	author = {Stephens, Greg J. and Honey, Christopher J.  and  Hasson, Uri},
	journal = {Journal of Neurophysiology},
	pages = {2019--2026},
	sortname = {Stephens, Greg J. and Honey, Christopher J.  and  Hasson, Uri},
	title = {A place for time: {The} spatiotemporal structure of neural dynamics during natural audition},
	volume = {110},
	year = {2013}
}

@article{SteddySamekLodovici11,
	author = {Steddy, Sam and Samek-Lodovici, Vieri},
	date-added = {2016-02-15 10:28:32 +0000},
	date-modified = {2016-02-15 10:28:32 +0000},
	journal = {Linguistic Inquiry},
	keywords = {Word Order, Typology, OT, Syntax},
	number = {3},
	pages = {445--469},
	title = {On the Ungrammaticality of Remnant Movement in the Derivation of {Greenberg's Universal 20}},
	volume = {42},
	year = {2011}
}

@article{Smith2010,
	author = {Smith, Kenny and   Wonnacott, Elizabeth},
	doi = {10.1016/j.cognition.2010.06.004},
	journal = {Cognition},
	number = {3},
	pages = {444–449},
	title = {Eliminating unpredictable variation through iterated learning},
	url = {http://doi.org/10.1016/j.cognition.2010.06.004},
	volume = {116},
	year = {2010}
}

@article{Smith2008,
	author = {Smith, Kenny  and  Kirby, Simon},
	journal = {Philosophical Transactions of the Royal Society B},
	pages = {3591--3603},
	title = {Cultural evolution: {Implications} for understanding the human language faculty and its evolution},
	volume = {363},
	year = {2008}
}

@article{SingletonNewport04,
	author = {Jenny L. Singleton and Elissa L. Newport},
	date-added = {2016-02-15 10:28:25 +0000},
	date-modified = {2016-02-15 10:28:25 +0000},
	journal = {Cognitive Psychology},
	keywords = {Statistical Learning, Regularization, Artificial language learning, Sign-Language, Grammaticalization, Language acquisition},
	number = {4},
	pages = {370--407},
	sortname = {Jenny L. Singleton and Elissa L. Newport},
	title = {When learners surpass their models: {The} acquisition of {{American}} {Sign} {Language} from inconsistent input},
	volume = {49},
	year = {2004}
}

@article{Simon1990,
	author = {Simon, Herbert A.},
	journal = {Science},
	pages = {1665–1668},
	sortname = {Simon, Herbert A.},
	title = {A mechanism for social selection and successful altruism},
	volume = {250},
	year = {1990}
}

@article{Siller2008,
	author = {Siller, Michael  and  Marian Sigman},
	journal = {Developmental Psychology},
	pages = {1691–1704},
	title = {Modeling longitudinal change in the language abilities of children with autism: {Parent} behaviors and child characteristics as predictors of change},
	volume = {44},
	year = {2008}
}

@article{Siller2002,
	author = {Siller, Michael  and  Marian Sigman},
	journal = {Journal of Autism and Developmental Disorders},
	number = {2},
	pages = {77–89},
	title = {The behaviors of parents of children with autism predict the subsequent development of their children’s communication},
	volume = {32},
	year = {2002}
}

@article{Sigman1999,
	author = {Sigman, Marian and  Ellen Ruskin},
	journal = {Monographs of the Society for Research in Child Development},
	number = {1},
	pages = {1–142},
	title = {Continuity and change in the social competence of children with autism, {Down} syndrome, and developmental delays},
	volume = {64},
	year = {1999}
}

@article{Sidnell2012collateral,
	author = {Enfield, N. J. and Sidnell, Jack},
	journal = {Current Anthropology},
	number = {3},
	pages = {327--329},
	sortname = {Enfield, N. J. and Sidnell, Jack},
	title = {Collateral effects, agency, and systems of language use},
	volume = {53},
	year = {2012}
}

@article{Sidnell2012,
	author = {Sidnell, Jack, and N. J. Enfield},
	doi = {10.1086/665697},
	journal = {Current Anthropology},
	pages = {302–33},
	sortname = {Sidnell, Jack, and N. J. Enfield},
	title = {Language Diversity and Social Action: {A} Third Locus of Linguistic Relativity},
	volume = {53},
	year = {2012}
}

@article{Sherman1975,
	author = {Sherman, Donald},
	journal = {Working Papers in Language Universals},
	pages = {1--32},
	title = {Stop and fricative systems: {A} discussion of paradigmatic gaps and the question of language sampling},
	volume = {17},
	year = {1975}
}

@article{Sandler2014nordlyd,
	author = {Sandler, Wendy},
	journal = {Nordlyd},
	number = {1},
	pages = {183--212},
	title = {The emergence of phonetic and phonological features in sign language},
	volume = {41},
	year = {2014}
}

@article{Sandler2013,
	author = {Sandler, Wendy},
	journal = {Language and Cognition},
	number = {2-3},
	pages = {189--203},
	title = {Vive la Différence: {Sign} language and spoken language in language evolution},
	volume = {5},
	year = {2013}
}

@article{Sandler2012a,
	author = {Sandler , Wendy},
	journal = {Gesture},
	number = {3},
	pages = {265--307},
	title = {Dedicated gestures and the emergence of sign language},
	volume = {12},
	year = {2012}
}

@article{Sandler2011b,
	author = {Sandler, Wendy and Meir, Irit and Dachkovsky, Svetlana and Padden, Carol and Aronoff, Mark},
	journal = {Lingua},
	pages = {2014--2033},
	title = {The emergence of complexity in prosody and syntax},
	volume = {121},
	year = {2011}
}

@article{Sandler2011a,
	author = {Sandler, Wendy and Aronoff, Mark and Meir, Irit and Padden, Carol},
	journal = {Natural Language and Linguistic Theory},
	pages = {503--543},
	title = {The gradual emergence of phonological form in a new language},
	volume = {29},
	year = {2011}
}

@article{Sandler2005,
	author = {Sandler, Wendy and Meir, Irit and Padden, Carol and Aronoff, Mark},
	journal = {Proceedings of the National Academy of Sciences},
	number = {7},
	pages = {2661--2665},
	title = {The emergence of grammar in a new sign language},
	volume = {102},
	year = {2005}
}

@article{Samuelson1998,
	author = {Samuelson, Larissa K. and  Linda B. Smith},
	journal = {Child Development},
	number = {1},
	pages = {94--104},
	sortname = {Samuelson, Larissa K. and  Linda B. Smith},
	title = {Memory and attention make smart word learning: {An} alternative account of {Akhtar}, {Carpenter}, and {Tomasello}},
	volume = {69},
	year = {1998}
}

@article{Roberts2013,
	author = {Roberts, Seán G. and Winters, James},
	doi = {10.1371/journal.pone.0070902},
	journal = {PLoS One},
	pages = {\biberror{no pages}},
	sortname = {Roberts, Sean G. and Winters, James},
	title = {Linguistic diversity and traffic accidents: {Lessons} from statistical studies of cultural traits},
	url = {http://dx.doi.org/10.1371/journal.pone.0070902},
	volume = {8(8)},
	year = {2013}
}

@article{Remez2010,
	author = {Remez, Robert E. and Ferro, Daria F. and Dubowski, Kathryn R. and Meer, Judith and Broder, Robin S. and  Davids, Morgana L.},
	journal = {Attention, Perception \& Psychophysics},
	pages = {2054–2058},
	sortname = {Remez, Robert E. and Ferro, Daria F. and Dubowski, Kathryn R. and Meer, Judith and Broder, Robin S. and  Davids, Morgana L.},
	title = {Is desynchrony tolerance adaptable in the perceptual organization of speech?},
	volume = {72},
	year = {2010}
}

@article{Praveen2011,
	author = {Praveen, B. N. and Sunita Amrutesh and Sumona Pal and A. R. Shubhasini and Syed Vaseemuddin},
	journal = {World Journal of Dentistry},
	pages = {207–210},
	sortname = {Praveen, B. N. and Sunita Amrutesh and Sumona Pal and A. R. Shubhasini and Syed Vaseemuddin},
	title = {Various Shapes of Soft Palate: {A} Lateral Cephalometric Study},
	volume = {2},
	year = {2011}
}

@article{Plank1998,
	author = {Plank, Frans},
	journal = {Linguistic Typology},
	pages = {195--230},
	title = {The co-variation of phonology with morphology and syntax: {A} hopeful history},
	volume = {2},
	year = {1998}
}

@article{Pinker2005,
	author = {Pinker, Steven and Jackendoff , Ray},
	journal = {Cognition},
	pages = {201--236},
	title = {The faculty of language: {What’s} special about it?},
	volume = {95},
	year = {2005}
}

@article{Pickering2008,
	author = {Pickering, Martin J. and Victor S. Ferreira},
	journal = {Psychological bulletin},
	pages = {427–459},
	sortname = {Pickering, Martin J. and Victor S. Ferreira},
	title = {Structural Priming: {A} Critical Review},
	volume = {134.3},
	year = {2008}
}

@article{Perfors2010,
	author = {Perfors, Amy and Tenenbaum, Joshua B. and   Wonnacott, Elizabeth},
	journal = {Journal of Child Language},
	pages = {607–642},
	sortname = {Perfors, Amy and Tenenbaum, Joshua B. and   Wonnacott, Elizabeth},
	title = {Variability, negative evidence, and the acquisition of verb argument constructions},
	volume = {37},
	year = {2010}
}

@article{Padden2013,
	author = {Padden, Carol and Meir, Irit and Hwang, So-One and Lepic, Ryan and Seegers, Sharon},
	journal = {Gesture},
	pages = {287--308},
	title = {Where do Nouns Come From?},
	volume = {Special Issue},
	year = {2013}
}

@article{Ozonoff2011,
	author = {Ozonoff, Sally and Gregory S. Young and Alice Carter and Daniel Messinger  and  Nurit Yirmiya},
	journal = {Pediatrics},
	number = {3},
	pages = {488--495},
	sortname = {Ozonoff, Sally and Gregory S. Young and Alice Carter and Daniel Messinger  and  Nurit Yirmiya},
	title = {Recurrence risk for autism spectrum disorders: {A} Baby Siblings Research Consortium Study},
	volume = {128},
	year = {2011}
}

@article{Over2013,
	author = {Over, Harriet and  Malinda Carpenter},
	journal = {Child Development Perspectives},
	number = {1},
	pages = {6--11},
	title = {The social side of imitation},
	volume = {7},
	year = {2013}
}

@article{NowOrNever,
	author = {Christiansen, Morten H. and Chater, Nick},
	journal = {Behavioral and Brain Sciences},
	pages = {\biberror{no pages}},
	sortname = {Christiansen, Morten H. and Chater, Nick},
	title = {The {Now-or-Never} bottleneck: {A} fundamental constraint on language},
	volume = {39 e62},,
	year = {2016}
}

@article{Norbury2005,
	author = {Norbury, Courtenay},
	journal = {Journal of Experimental Child Psychology},
	number = {2},
	pages = {142--171},
	title = {Barking up the wrong tree? {Lexical} ambiguity resolution in children with language acquisition impairments and autism spectrum disorders},
	volume = {90},
	year = {2005}
}

@article{Noens2006,
	author = {Noens, Ilse and Ina van Berckelaer-Onnes and Roger Verpoorten and G. van Duijn},
	doi = {10.1111/j.1365-2788.2006.00807.x. PMID 16901289},
	journal = {Journal of Intellectual Disability Research},
	number = {9},
	pages = {621–632},
	sortname = {Noens, Ilse and Ina van Berckelaer-Onnes and Roger Verpoorten and G. van Duijn},
	title = {The {{ComFor}}: {An} instrument for the indication of augmentative communication in people with autism and intellectual disability},
	volume = {50},
	year = {2006}
}

@article{Newmeyer1992,
	author = {Newmeyer, Frederick J.},
	journal = {Language},
	number = {4},
	pages = {756–796},
	sortname = {Newmeyer, Frederick J.},
	title = {Iconicity and generative grammar},
	volume = {68},
	year = {1992}
}

@article{Nespor1998,
	author = {Nespor, Marina and Sandler, Wendy},
	journal = {Language and Speech},
	number = {2-3},
	pages = {143--176},
	title = {Prosodic phonology in {Israeli} Sign Language},
	volume = {52},
	year = {1998}
}

@article{Moll2008,
	author = {Moll, Henrick and Nadja Richter and Malinda Carpenter and  Michael Tomasello},
	journal = {Infancy},
	number = {1},
	pages = {90--101},
	title = {14-month-olds know what “we" have shared in a special way},
	volume = {13},
	year = {2008}
}

@article{Mithun1987,
	author = {Mithun, Marianne and Hasan Basri},
	journal = {Oceanic Linguistics},
	number = {1-2},
	pages = {210--154},
	title = {The phonology of {Selayarese}},
	volume = {15},
	year = {1987}
}

@article{Miller1956,
	author = {Miller, George Armitage},
	journal = {Psychological Review},
	pages = {81–97},
	title = {The magical number seven, plus or minus two: {{Some}} limits on our capacity for processing information},
	volume = {63},
	year = {1956}
}

@article{Miller1948,
	author = {Miller, George Armitage  and  Taylor, Walter G.},
	journal = {Journal of the Acoustical Society of America},
	pages = {171–182},
	sortname = {Miller, George Armitage  and  Taylor, Walter G.},
	title = {The perception of repeated bursts of noise},
	volume = {20},
	year = {1948}
}

@article{Mekel-Bobrov2007,
	author = {Mekel-Bobrov, Nitzan and Posthuma, Danielle and Gilbert, Sandra L. and Lind, Penelope and Gosso, M. Florencia and Luciano, Michelle and Harris, Sarah E. and Bates, Timothy C. and Polderman, Tinca J. and Whalley, Lawrence J. and Fox, Helen and Starr, John M. and Evans, Patrick D. and Montgomery, Grant W. and Fernandes, Croydon and Heutink, Peter and Martin, Nicholas G. and Boomsma, Dorret I. and Deary, Ian J. and Wright, Margaret J. and de Geus, Eco J. and Lahn, Bruce T.},
	journal = {Human Molecular Genetics},
	pages = {600–608},
	sortname = {Mekel-Bobrov, Nitzan and Posthuma, Danielle and Gilbert, Sandra L. and Lind, Penelope and Gosso, M. Florencia and Luciano, Michelle and Harris, Sarah E. and Bates, Timothy C. and Polderman, Tinca J. and Whalley, Lawrence J. and Fox, Helen and Starr, John M. and Evans, Patrick D. and Montgomery, Grant W. and Fernandes, Croydon and Heutink, Peter and Martin, Nicholas G. and Boomsma, Dorret I. and Deary, Ian J. and Wright, Margaret J. and de Geus, Eco J. and Lahn, Bruce T.},
	title = {The ongoing adaptive evolution of {{ASPM}} and Microcephalin is not explained by increased intelligence},
	volume = {16},
	year = {2007}
}

@article{Mekel-Bobrov2005,
	author = {Mekel-Bobrov, Nitzan and Sandra L. Gilbert and Patrick D. Evans and Eric J. Vallender and Jeffrey R. Anderson and Richard R. Hudson and Sarah A. Tishkoff and Bruce T. Lahn},
	journal = {Science},
	pages = {1720--1722},
	sortname = {Mekel-Bobrov, Nitzan and Sandra L. Gilbert and Patrick D. Evans and Eric J. Vallender and Jeffrey R. Anderson and Richard R. Hudson and Sarah A. Tishkoff and Bruce T. Lahn},
	title = {Ongoing Adaptive Evolution of {{ASPM}}, a Brain Size Determinant in Homo sapiens},
	volume = {309},
	year = {2005}
}

@article{MeirSubmitted,
	author = {Meir, Irit and Aronoff, Mark and Börstell, Carl and Hwang, So-One and Ikbasaran, Deniz and Kastner, Itamar and Lepic, Ryan and Lifshitz Ben and Basat Adi and Padden Carol and Sandler, Wendy},
	journal = {Cognition},
	pages = {189--207},
	sortname = {Meir, Irit and Aronoff, Mark and Borstell, Carl and Hwang, So-One and Ikbasaran, Deniz and Kastner, Itamar and Lepic, Ryan and Lifshitz Ben and Basat Adi and Padden Carol and Sandler, Wendy},
	title = {The Effect of Being Human and the Basis of Grammatical Word Order: {Insights} from Novel Communication Systems and Young Sign Languages},
	volume = {158},
	year = {2017}
}

@article{Meir2012,
	author = {Meir, Irit and Israel, Assaf and Sandler, Wendy and Padden, Carol and Aronoff, Mark},
	journal = {Linguistic Variation 12:},
	pages = {247--291},
	title = {The influence of community on language structure: {Evidence} from two young sign languages},
	volume = {2},
	year = {2012}
}

@article{McCauley2014,
	author = {McCauley, Stewart M.  and  Christiansen, Morten H.},
	journal = {Mental Lexicon},
	pages = {419--436},
	sortname = {McCauley, Stewart M.  and  Christiansen, Morten H.},
	title = {Acquiring formulaic language: {A} computational model},
	volume = {9},
	year = {2014}
}

@article{Martinmarkedness,
	author = {Haspelmath, Martin},
	journal = {Journal of {L}inguistics},
	pages = {25--70},
	title = {Against markedness (and what to replace it with)},
	unidentified = {\em},,
	volume = {42},
	year = {2006}
}

@article{Maddieson1990,
	author = {Maddieson, Ian and Kristin Precoda},
	journal = {UCLA Working Papers in Phonetics},
	pages = {104--111},
	title = {Updating {{UPSID}}},
	volume = {74},
	year = {1990}
}

@article{Luuk2010,
	author = {Luuk, Erkki},
	journal = {Language Sciences},
	pages = {349–365},
	title = {Nouns, verbs and flexibles: {Implications} for typologies of word classes},
	volume = {32},
	year = {2010}
}

@article{Lombardi2002,
	author = {Lombardi, Linda},
	journal = {Phonology},
	pages = {219--251},
	title = {Coronal epenthesis and markedness},
	volume = {19},
	year = {2002}
}

@article{Liu2012,
	author = {Liu, Fan AND van der Lijn, Fedde AND Schurmann, Claudia AND Zhu, Gu AND Chakravarty, M. Mallar AND Hysi, Pirro G. AND Wollstein, Andreas AND Lao, Oscar AND de Bruijne, Marleen AND Ikram, M. Arfan AND van der Lugt, Aad AND Rivadeneira, Fernando AND Uitterlinden, André G. AND Hofman, Albert AND Niessen, Wiro J. AND Homuth, Georg AND de Zubicaray, Greig AND McMahon, Katie L. AND Thompson, Paul M. AND Daboul, Amro AND Puls, Ralf AND Hegenscheid, Katrin AND Bevan, Liisa AND Pausova, Zdenka AND Medland, Sarah E. AND Montgomery, Grant W. AND Wright, Margaret J. AND Wicking, Carol AND Boehringer, Stefan AND Spector, Timothy D. AND Paus, Tomáš AND Martin, Nicholas G. AND Biffar, Reiner AND Kayser, Manfred},
	doi = {10.1371/journal.pgen.1002932},
	journal = {PLOS Genetics},
	month = {09},
	number = {9},
	pages = {1--13},
	publisher = {Public Library of Science},
	sortname = {Liu, Fan AND van der Lijn, Fedde AND Schurmann, Claudia AND Zhu, Gu AND Chakravarty, M. Mallar AND Hysi, Pirro G. AND Wollstein, Andreas AND Lao, Oscar AND de Bruijne, Marleen AND Ikram, M. Arfan AND van der Lugt, Aad AND Rivadeneira, Fernando AND Uitterlinden, Andre G. AND Hofman, Albert AND Niessen, Wiro J. AND Homuth, Georg AND de Zubicaray, Greig AND McMahon, Katie L. AND Thompson, Paul M. AND Daboul, Amro AND Puls, Ralf AND Hegenscheid, Katrin AND Bevan, Liisa AND Pausova, Zdenka AND Medland, Sarah E. AND Montgomery, Grant W. AND Wright, Margaret J. AND Wicking, Carol AND Boehringer, Stefan AND Spector, Timothy D. AND Paus, Tomas AND Martin, Nicholas G. AND Biffar, Reiner AND Kayser, Manfred},
	title = {A {Genome-Wide} Association Study Identifies Five Loci Influencing Facial Morphology in {Europeans}},
	url = {http://dx.doi.org/10.1371%2Fjournal.pgen.1002932},
	volume = {8},
	year = {2012}
}

@article{Liszkowski2012,
	author = {Liszkowski, Ulf and Penny Brown and Tara Callaghan and Akira Takada and  Conny De Vos},
	doi = {10.1111/j.1551-6709.2011.01228.x},
	journal = {Cognitive Science},
	number = {4},
	pages = {698--713},
	title = {A prelinguistic gestural universal of human communication},
	volume = {36},
	year = {2012}
}

@article{Lightfoot89,
	author = {Lightfoot, David},
	date-added = {2016-02-15 10:27:10 +0000},
	date-modified = {2016-02-15 10:27:10 +0000},
	journal = {Behavioral and brain sciences},
	keywords = {Language acquisition, Syntax, Learning Biases},
	number = {02},
	pages = {321--334},
	title = {The child's trigger experience: {Degree-0} learnability},
	volume = {12},
	year = {1989}
}

@article{Lieven2013,
	author = {Lieven, Elena and  Sabine Stoll},
	doi = {10.1159/000351073},
	journal = {Human Development},
	number = {3},
	pages = {178–206},
	title = {Early communicative development in two cultures},
	volume = {56},
	year = {2013}
}

@article{Lieven2010,
	author = {Lieven, Elena},
	journal = {Lingua},
	pages = {2546–56},
	title = {Input and first language acquisition: {Evaluating} the role of frequency},
	volume = {120},
	year = {2010}
}

@article{Liddell1989,
	author = {Liddell, Scott K. and Robert E. Johnson},
	journal = {Sign Language Studies},
	pages = {195–277},
	sortname = {Liddell, Scott K. and Robert E. Johnson},
	title = {{American} {Sign} {Language}: {The} phonological base},
	volume = {64},
	year = {1989}
}

@article{Lepic2016,
	author = {Lepic, Ryan and Börstell, Carl and Belsitzman, Gal and Sandler, Wendy},
	journal = {Sign Language and Linguistics},
	number = {1},
	pages = {\biberror{no pages}},
	pagese = {37–81},
	sortname = {Lepic, Ryan and Borstell, Carl and Belsitzman, Gal and Sandler, Wendy},
	title = {Taking meaning in hand: {Iconic} motivation in two-handed signs},
	volume = {19},
	year = {2016}
}

@article{Lehmann1973,
	author = {Lehmann, Winfred P.},
	journal = {Language},
	pages = {47--66},
	sortname = {Lehmann, Winfred P.},
	title = {A structural principle of language and its implications},
	volume = {49},
	year = {1973}
}

@article{Leavens1998,
	author = {Leavens, David A. and William D. Hopkins},
	journal = {Developmental Psychology},
	pages = {813--822},
	sortname = {Leavens, David A. and William D. Hopkins},
	title = {Intentional communication by chimpanzees: {A} cross-sectional study of the use of referential gestures},
	volume = {34(5)},
	year = {1998}
}

@article{Lammert2013,
	author = {Lammert, Adam and Michael Proctor and Shrikanth Narayanan},
	journal = {Journal of Speech, Language and Hearing Research},
	number = {2},
	pages = {521--530},
	title = {Morphological Variation in the Adult Hard Palate and Posterior Pharyngeal Wall},
	volume = {56},
	year = {2013}
}

@article{Ladefoged1977,
	author = {Ladefoged, Peter and Anne Cochran  and  Sandra Disner},
	journal = {Journal of the International Phonetic Association},
	pages = {46–54},
	title = {Laterals and trills},
	volume = {7},
	year = {1977}
}

@article{LaddEtAl2015,
	author = {Ladd, D. Robert and Roberts, Seán G. and  Dediu, Dan},
	doi = {10.1146/annurev-linguist-030514-124819},
	journal = {Annual Review of Linguistics},
	number = {1},
	pages = {221–241},
	sortname = {Ladd, D. Robert and Roberts, Sean G. and  Dediu, Dan},
	title = {Correlational Studies in Typological and Historical Linguistics},
	url = {http://doi.org/10.1146/annurev-linguist-030514-124819},
	volume = {1},
	year = {2015}
}

@article{LaddEtAl2008,
	author = {Ladd, D. Robert and Dediu, Dan and  Kinsella, A. R.},
	journal = {Biolinguistics},
	number = {1},
	pages = {114–126},
	sortname = {Ladd, D. Robert and Dediu, Dan and  Kinsella, A. R.},
	title = {Languages and Genes: {Reflections} on Biolinguistics and the {Nature-Nurture} Question},
	volume = {2},
	year = {2008}
}

@article{Ladd2015,
	author = {Ladd, D. Robert and Seán G. Roberts and Dan Dediu},
	journal = {Annual Review of Linguistics},
	pages = {221--241},
	sortname = {Ladd, D. Robert and Sean G. Roberts and Dan Dediu},
	title = {Correlational studies in typological and historical linguistics},
	url = {doi:10.1146/annurev-linguist-030514-124819},
	volume = {1},
	year = {2015}
}

@article{Ladd2013,
	author = {Ladd, D. Robert and Ainscough, R. and Assmann, C. and Caldwell-Harris, C. and Ganushchak, L. Y. and Swoboda, K. and Dediu, Dan},
	issue = {5},
	journal = {Journal of Experimental Psychology: Human Perception and Performance},
	pages = {1386--97},
	sortname = {Ladd, D. Robert and Ainscough, R. and Assmann, C. and Caldwell-Harris, C. and Ganushchak, L. Y. and Swoboda, K. and Dediu, Dan},
	title = {Patterns of individual differences in the perception of missing-fundamental tones},
	volume = {39},
	year = {2013}
}

@article{Kunene1965,
	author = {Kunene, Daniel P.},
	journal = {Journal of African Languages},
	pages = {19–39},
	sortname = {Kunene, Daniel P.},
	title = {The ideophone in {{Southern}} {Sotho}},
	volume = {4},
	year = {1965}
}

@article{Kuipers1968,
	author = {Kuipers, Aert Hendrik},
	journal = {Lingua},
	pages = {610--626},
	title = {The categories verb-noun and transitive-intransitive  in {{English}} and {Squamish}},
	volume = {21},
	year = {1968}
}

@article{Kolodny2015,
	author = {Kolodny, Oren and Lotem, Arnon  and  Edelman, Shimon},
	journal = {Cognitive Science},
	pages = {227–267},
	title = {Learning a generative probabilistic grammar of experience: {A} process-level model of language acquisition},
	volume = {39},
	year = {2015}
}

@article{Klein1997,
	author = {Klein, Wolfgang and Perdue, Clive},
	journal = {Second Language Research},
	pages = {301--347},
	title = {The basic variety (or: {Couldn't} natural languages be much simpler?)},
	volume = {13},
	year = {1997}
}

@article{Kirbyetal08,
	author = {Simon Kirby and Hannah Cornish and Kenny Smith},
	date-added = {2016-02-15 10:26:49 +0000},
	date-modified = {2016-02-15 10:26:49 +0000},
	journal = {Proceedings of the National Academy of Sciences},
	keywords = {Artificial language learning, Regularization, Iterated Learning},
	number = {31},
	pages = {10681--10686},
	title = {Cumulative cultural evolution in the laboratory: {An} experimental approach to the origins of structure in human language},
	volume = {105},
	year = {2008}
}

@article{Kirby2008,
	author = {Kirby, Simon and Cornish, Hannah and  Smith, Kenny},
	journal = {Proceedings of the National Academy of Sciences},
	number = {31},
	pages = {10681–10686},
	title = {Cumulative cultural evolution in the laboratory: {An} experimental approach to the origins of structure in human language},
	volume = {105},
	year = {2008}
}

@article{Kirby2007,
	author = {Kirby, Simon and Dowman, Mike and  Griffiths, Thomas L.},
	journal = {Proceedings of the National Academy of Science USA},
	number = {12},
	pages = {5241–5},
	sortname = {Kirby, Simon and Dowman, Mike and  Griffiths, Thomas L.},
	title = {Innateness and culture in the evolution of language},
	volume = {104},
	year = {2007}
}

@article{Kinkade1983,
	author = {Kinkade, Dale},
	journal = {Lingua},
	pages = {25--40},
	title = {{Salish} evidence against the universality of ‘noun’ and ‘verb’},
	volume = {60},
	year = {1983}
}

@article{KayserEtAl2006,
	author = {Kayser, Manfred and Silke Brauer and Richard Cordaux and Amanda Casto and Oscar Lao and Lev A. Zhivotovsky and Claire Moyse-Faurie and Robb B. Rutledge and Wulf Schiefenhoevel and David Gil and Alice A. Lin and Peter A. Underhill and Peter J. Oefner and Ronald J. Trent and Mark Stoneking},
	journal = {Molecular Biology and Evolution},
	number = {11},
	pages = {2234--2244},
	sortname = {Kayser, Manfred and Silke Brauer and Richard Cordaux and Amanda Casto and Oscar Lao and Lev A. Zhivotovsky and Claire Moyse-Faurie and Robb B. Rutledge and Wulf Schiefenhoevel and David Gil and Alice A. Lin and Peter A. Underhill and Peter J. Oefner and Ronald J. Trent and Mark Stoneking},
	title = {{Asian} and {Melanesian} origins of {Polynesians}: {mt{DNA}} and {Y} chromosome gradients across the {Pacific}},
	volume = {23},
	year = {2006}
}

@article{Karmiloff-Smith2006,
	author = {Karmiloff-Smith, Annette},
	journal = {Attention and Performance},
	pages = {563–83},
	title = {Modules, genes and evolution: {What} have we learned from atypical development? {Processes} of Change in Brain and Cognitive Development},
	volume = {21},
	year = {2006}
}

@article{Joseph1997,
	author = {Joseph, Brian D.},
	journal = {Chicago Linguistic Society},
	pages = {197–213},
	sortname = {Joseph, Brian D.},
	title = {On the linguistics of marginality: {The} centrality of the periphery},
	volume = {33},
	year = {1997}
}

@article{Jones2014,
	author = {Jones, Emily J. H. and Teodora Gliga and Rachael Bedford and Tony Charman and  Mark H. Johnson},
	journal = {Neuroscience \& Biobehavioral Reviews},
	pages = {1--33},
	sortname = {Jones, Emily J. H. and Teodora Gliga and Rachael Bedford and Tony Charman and  Mark H. Johnson},
	title = {Developmental pathways to autism: {A} review of prospective studies of infants at risk},
	volume = {39},
	year = {2014}
}

@article{JelinekEtAl1994,
	author = {Jelinek, Eloise and Demers, Richard},
	journal = {Language},
	pages = {697--736},
	title = {Predicates and pronominal arguments in {Straits} {{Salish}} },
	volume = {70},
	year = {1994}
}

@article{Jackendoff1999,
	author = {Jackendoff, Ray},
	journal = {Trends in Cognitive Science},
	pages = {272–279},
	title = {Possible stages in the evolution of the language capacity},
	volume = {3},
	year = {1999}
}

@article{Imonda,
	author = {Seiler, Walter},
	journal = {Pacific Linguistics. {S}eries {B}-},
	pages = {1--236},
	title = {{Imonda}, a {P}apuan language},
	unidentified = {Canberra: The Australian National University},,
	volume = {93},
	year = {1985}
}

@article{Iemmolo2010,
	author = {Iemmolo, Giorgio},
	journal = {Studies in {L}anguage},
	number = {2},
	pages = {239--72},
	title = {Topicality and differential object marking: {Evidence} from {R}omance and beyond},
	volume = {34},
	year = {2010},
}

@article{Hyman2008,
	author = {Hyman, Larry M.},
	journal = {The Linguistic Review},
	pages = {81--135},
	sortname = {Hyman, Larry M.},
	title = {Universals in phonology},
	volume = {25},
	year = {2008}
}

@article{Hyman2007,
	author = {Hyman, Larry M.},
	journal = {Linguistic Inquiry},
	pages = {265--271},
	sortname = {Hyman, Larry M.},
	title = {Where’s phonology in typology?},
	volume = {11},
	year = {2007}
}

@article{Hyman2004,
	author = {Hyman, Larry M.},
	journal = {Journal of West African Languages},
	pages = {69--88},
	sortname = {Hyman, Larry M.},
	title = {How to become a {{Kwa}} verb},
	volume = {30},
	year = {2004}
}

@article{HudsonKamNewport09,
	author = {Hudson Kam, Carla and Newport, Elissa L.},
	date-added = {2016-02-15 10:26:35 +0000},
	date-modified = {2016-02-15 10:26:35 +0000},
	journal = {Cognitive Psychology},
	keywords = {Regularization, Language acquisition, Learning Biases, Statistical Learning},
	number = {1},
	pages = {30--66},
	sortname = {Hudson Kam, Carla and Newport, Elissa L.},
	title = {Getting it right by getting it wrong: {When} learners change languages},
	volume = {59},
	year = {2009}
}

@article{Hockett1960,
	author = {Hockett, Charles F.},
	journal = {Scientific American},
	pages = {89--96},
	sortname = {Hockett, Charles F.},
	title = {The origin of speech},
	volume = {203},
	year = {1960}
}

@article{Hauser2014,
	author = {Hauser, Marc and Yang, Charles and Berwick, Robert and Tattersall, Ian and Ryan, Michael and Watumull, Jeffrey and Chomsky, Noam and Lewontin, Richard},
	journal = {Language Sciences},
	number = {5},
	pages = {1--12},
	title = {The mystery of language evolution: {Frontiers} in Psychology},
	volume = {401},
	year = {2014}
}

@article{Hauser2002,
	author = {Hauser, Marc and Chomsky, Noam and Fitch, W. Tecumseh},
	journal = {Science},
	pages = {1569--1579},
	sortname = {Hauser, Marc and Chomsky, Noam and Fitch, W. Tecumseh},
	title = {The faculty of language: {What} is it, who has it, and how did it evolve?},
	volume = {298},
	year = {2002}
}

@article{Haspelmath2010,
	author = {Haspelmath, Martin},
	journal = {Language},
	number = {3},
	pages = {663–687},
	title = {Comparative concepts and descriptive categories in crosslinguistic studies},
	volume = {86},
	year = {2010}
}

@article{Hall2011,
	author = {Hall, Daniel Currie},
	journal = {Phonology},
	number = {1},
	pages = {1–54},
	title = {Phonological contrast and its phonetic enhancement: {Dispersedness} without dispersion},
	volume = {28},
	year = {2011}
}

@article{Greenberg1978a,
	author = {Greenberg, Joseph H.},
	journal = {Linguistics},
	pages = {5--34},
	sortname = {Greenberg, Joseph H.},
	title = {{Some} generalizations concerning initial and final consonant clusters},
	volume = {18},
	year = {1978}
}

@article{Greenberg1976,
	author = {Greenberg, Joseph H. and  Dorothy Kashube},
	journal = {Working Papers in Language Universals},
	note = {Stanford University},
	pages = {1--18},
	sortname = {Greenberg, Joseph H. and  Dorothy Kashube},
	title = {Word prosodic systems: {A} preliminary report},
	volume = {20},
	year = {1976}
}

@article{Greenberg1970,
	author = {Greenberg, Joseph H.},
	journal = {International Journal of American Linguistics},
	pages = {123--45},
	sortname = {Greenberg, Joseph H.},
	title = {{Some} generalizations concerning glottalic consonants, especially implosives},
	volume = {36},
	year = {1970}
}

@article{Greenberg1967,
	author = {Greenberg, Joseph H. and James J. Jenkins and Donald J. Foss},
	journal = {Journal of Experimental Psychology},
	pages = {200--5},
	sortname = {Greenberg, Joseph H. and James J. Jenkins and Donald J. Foss},
	title = {Phonological distinctive features as cues in learning},
	volume = {77},
	year = {1967}
}

@article{Greenberg1966phonology,
	author = {Greenberg, Joseph H.},
	journal = {Language},
	pages = {508--17},
	sortname = {Greenberg, Joseph H.},
	title = {Synchronic and diachronic universals in phonology},
	volume = {42},
	year = {1966}
}

@article{Greenberg1963,
	author = {Greenberg, Joseph H.},
	journal = {Actes du Second Colloque Internationale de Linguistique Negro-Africaine},
	note = {Dakar: Université de Dakar, West African Languages Survey},
	pages = {33--38},
	sortname = {Greenberg, Joseph H.},
	title = {Vowel harmony in {{African}} languages},
	volume = {1},
	year = {1963}
}

@article{Greenberg1962,
	author = {Greenberg, Joseph H.},
	journal = {Word},
	pages = {73--81},
	sortname = {Greenberg, Joseph H.},
	title = {Is the vowel-consonant dichotomy universal?},
	volume = {18},
	year = {1962}
}

@article{Green2015Parent,
	author = {Green, Jonathan and Tony Charman and Andrew Pickles and Ming W. Wan and Mayada Elsabbagh and Vicky Slonims and Carol Taylor and Janet McNally and Rhonda Booth and Teodora Gliga and Emily J. H. Jones and Clare Harrop and Rachael Bedford and Mark H. Johnson and {the BASIS team}},
	journal = {The Lancet Psychiatry},
	number = {2},
	pages = {133--140},
	sortname = {Green, Jonathan and Tony Charman and Andrew Pickles and Ming W. Wan and Mayada Elsabbagh and Vicky Slonims and Carol Taylor and Janet McNally and Rhonda Booth and Teodora Gliga and Emily J. H. Jones and Clare Harrop and Rachael Bedford and Mark H. Johnson and {the BASIS team}},
	title = {Parent-mediated intervention versus no intervention for infants at high risk of autism: {A} parallel, single-blind, randomised trial},
	volume = {2},
	year = {2015}
}

@article{Green2015,
	author = {Green, Jonathan and Tony Charman and Andrew Pickles and Ming Wai Wan and Mayada Elsabbagh and Vicky Slonims and Carol Taylor and Janet McNall and Rhonda Booth and Teodora Gliga and Emily J. H. Jones and Clare Harrop and Rachael Bedford and Mark H. Johnson and  the BASIS Team},
	doi = {10.1016/S2215-0366(14)00091-1},
	journal = {Lancet},
	number = {2},
	pages = {133--140},
	sortname = {Green, Jonathan and Tony Charman and Andrew Pickles and Ming Wai Wan and Mayada Elsabbagh and Vicky Slonims and Carol Taylor and Janet McNall and Rhonda Booth and Teodora Gliga and Emily J. H. Jones and Clare Harrop and Rachael Bedford and Mark H. Johnson and  the BASIS Team},
	title = {Parent-mediated intervention versus no intervention for infants at high risk of autism: {A} parallel, single-blind, randomised trial},
	url = {doi.org/10.1016/S2215-0366(14)00091-1},
	volume = {2},
	year = {2015}
}

@article{Green2013,
	author = {Green, Jonathan and Ming Wai Wan and Jeanne Guiraud and Samina Holsgrove and Janet McNally and Vicky Slonims and Mayada Elsabbagh and Tony Charman and Andrew Pickles and Mark Johnson and BASIS Team},
	journal = {Journal of Autism and Developmental Disorders},
	number = {11},
	pages = {2502--2514},
	title = {Intervention for infants at risk of developing autism: {A} case series},
	volume = {43},
	year = {2013}
}

@article{Gottfried1997,
	author = {Gottfried, Terry L. and Terri L. Suiter},
	journal = {Journal of Phonetics},
	pages = {207--231},
	sortname = {Gottfried, Terry L. and Terri L. Suiter},
	title = {Effect of Linguistic Experience on the Identification of Mandarin {Chinese} Vowels and Tones},
	volume = {25},
	year = {1997}
}

@article{Goddard1982,
	author = {Goddard, Cliff},
	journal = {Australian Journal of Linguistics},
	pages = {167--196},
	title = {Case systems and case marking in {{Australian}} languages: {A} new interpretation},
	volume = {2},
	year = {1982}
}

@article{Gliga2014,
	author = {Gliga, Teodora and Emily J. H. Jones and Rachael Bedford and Tony Charman  and Mark H. Johnson},
	journal = {Developmental Review},
	number = {3},
	pages = {189--207},
	sortname = {Gliga, Teodora and Emily J. H. Jones and Rachael Bedford and Tony Charman  and Mark H. Johnson},
	title = {From early markers to neuro-develpmental mechanisms of autism},
	volume = {34},
	year = {2014}
}

@article{Gillespie-Lynch2012,
	author = {Gillespie-Lynch, Kristen and Leigh Sepeta and Yueyan Wang and Stephanie Marshall and Lovella Gomez and Marian Sigman and  Ted Hutman},
	doi = {10.1007/s10803-011-1222-0},
	journal = {Journal of Autism Development Disorders},
	number = {2},
	pages = {161--74},
	title = {Early childhood predictors of the social competence of adults with autism},
	volume = {42},
	year = {2012}
}

@article{Fullwood2014,
	author = {Fullwood, Michelle A.},
	journal = {Proceedings of the 40th Annual Meeting of the Berkeley Linguistic Society},
	pages = {125--138},
	sortname = {Fullwood, Michelle A.},
	title = {Asymmetric correlations between {{English}} verb transitivity and stress},
	volume = {40},
	year = {2014}
}

@article{Fitch2005,
	author = {Fitch, W. Tecumseh},
	journal = {Biology and Philosophy},
	pages = {193--230},
	sortname = {Fitch, W. Tecumseh},
	title = {The evolution of language: {A} comparative view},
	volume = {20},
	year = {2005}
}

@article{Fitch1999,
	author = {Fitch, W. Tecumseh and   Giedd, Jay},
	journal = {The Journal of the Acoustical Society of America},
	number = {3},
	pages = {1511–1522},
	sortname = {Fitch, W. Tecumseh and   Giedd, Jay},
	title = {Morphology and development of the human vocal tract: {A} study using magnetic resonance imaging},
	volume = {106},
	year = {1999}
}

@article{Ferreira2007,
	author = {Ferreira, Fernanda and   Patson, Nikole D.},
	journal = {Language and Linguistics Compass},
	pages = {71–83},
	sortname = {Ferreira, Fernanda and   Patson, Nikole D.},
	title = {The “good enough” approach to language comprehension},
	volume = {1},
	year = {2007}
}

@article{Ferreira2002,
	author = {Ferreira, Fernanda and Bailey, Karl G.  and  Ferraro, Vittoria},
	journal = {Current Directions in Psychological Science},
	pages = {11–15},
	sortname = {Ferreira, Fernanda and Bailey, Karl G.  and  Ferraro, Vittoria},
	title = {Good-enough representations in language comprehension},
	volume = {11},
	year = {2002}
}

@article{Fernald2006,
	author = {Fernald, Anne and  Nereyda Hurtado},
	journal = {Developmental Science},
	number = {3},
	pages = {33--40},
	title = {Names in frames: {Infants} interpret words in sentence frames faster than words in isolation},
	volume = {9},
	year = {2006}
}

@article{Ferdinand2009,
	author = {Ferdinand, V. and   Zuidema, W.},
	journal = {Proceedings of the 31st Annual Conference of the Cognitive Science Society},
	pages = {1786–1791},
	sortname = {Ferdinand, V. and   Zuidema, W.},
	title = {Thomas’ theorem meets {Bayes’} rule: {A} model of the iterated learning of language},
	url = {http://csjarchive.cogsci.rpi.edu/Proceedings/2009/papers/376/paper376.pdf},
	volume = {31},
	year = {2009}
}

@article{Everett2015,
	author = {Everett, Caleb and Blasi, Damián E. and  Roberts, Seán G.},
	journal = {Proceedings of the National Academy of Sciences},
	number = {5},
	pages = {1322–1327},
	sortname = {Everett, Caleb and Blasi, Damian E. and  Roberts, Sean G.},
	title = {Climate, vocal folds, and tonal languages: {Connecting} the physiological and geographic dots},
	volume = {112},
	year = {2015}
}

@article{EvansEtAl2005mundari,
	author = {Evans, Nicholas D. and Osada, Toshiki},
	journal = {Linguistic Typology},
	pages = {351--390},
	sortname = {Evans, Nicholas D. and Osada, Toshiki},
	title = {{Mundari}: {The} myth of a language without word classes},
	volume = {9},
	year = {2005}
}

@article{EvansEtAl2005microcephalin,
	author = {Evans, Patrick and Gilbert, Sandra and Mekel-Bobrov, Nitzan and Vallender, Eric. and Anderson, Jeffrey and Vaez-Azizi, Leila and Tishkoff, Sarah and Hudson, Richard and Lahn, Bruce},
	journal = {Science},
	pages = {1717--1720},
	sortname = {Evans, Patrick and Gilbert, Sandra and Mekel-Bobrov, Nitzan and Vallender, Eric. and Anderson, Jeffrey and Vaez-Azizi, Leila and Tishkoff, Sarah and Hudson, Richard and Lahn, Bruce},
	title = {Microcephalin, a Gene Regulating Brain Size, Continues to Evolve Adaptively in Humans},
	volume = {309},
	year = {2005}
}

@article{Evans2003,
	author = {Evans, Nicholas D.},
	journal = {Annual Review of Anthropology},
	pages = {13–40},
	sortname = {Evans, Nicholas D.},
	title = {Context, culture, and structuration in the languages of {{Australia}}},
	volume = {32},
	year = {2003}
}

@article{EnfieldAreal2005,
	author = {Enfield, N. J.},
	journal = {Annual Review Anthropology},
	pages = {181--206},
	sortname = {Enfield, N. J.},
	title = {Areal Linguistics and {Mainland} {{Southeast}} {Asia}},
	volume = {34},
	year = {2005}
}

@article{Enfield2004,
	author = {Enfield, N. J.},
	journal = {Sprachtypologie und Universalienforschung (STUF)},
	number = {2/3},
	pages = {117--143},
	sortname = {Enfield, N. J.},
	title = {Nominal classification in {Lao}: {A} sketch},
	volume = {57},
	year = {2004}
}

@article{Edmondson1999,
	author = {Edmondson, Jerold A.  and  Lama Ziwo},
	journal = {Linguistics of the Tibeto-Burman Area},
	pages = {1--10},
	sortname = {Edmondson, Jerold A.  and  Lama Ziwo},
	title = {Laghuu or {{XaÅL}} {PhoÅL} , a new  language of the {Yi} group},
	volume = {22},
	year = {1999}
}

@article{Dunn2011,
	author = {Dunn, Michael and Simon Greenhill and Steven C. Levinson and Russel D. Gray},
	journal = {Nature},
	pages = {79--82},
	sortname = {Dunn, Michael and Simon Greenhill and Steven C. Levinson and Russel D. Gray},
	title = {Evolved Structure of Language Shows {Lineage-Specific} Trends in Word Order Universals},
	volume = {473},
	year = {2011}
}

@article{Dryer92,
	author = {Matthew S. Dryer},
	date-added = {2016-02-15 10:25:01 +0000},
	date-modified = {2016-02-15 10:25:01 +0000},
	journal = {Language},
	keywords = {Typology},
	number = {1},
	pages = {81--183},
	sortname = {Matthew S. Dryer},
	title = {The {Greenbergian} Word Order Correlations},
	volume = {68},
	year = {1992}
}

@article{Dryer1992greenbergian,
	author = {Dryer, Matthew S.},
	journal = {Language},
	pages = {81--138},
	sortname = {Dryer, Matthew S.},
	title = {The {Greenbergian} word order correlations},
	volume = {68},
	year = {1992}
}

@article{Doble1987,
	author = {Doble, Marion},
	journal = {Oceanic Linguistics},
	pages = {55–113},
	title = {A description of some features of {Ekari} language structure},
	volume = {26},
	year = {1987}
}

@article{Dixon2011,
	author = {Dixon, Michael J. and Mary L. Marazita and Terri H. Beaty and Jeffrey C. Murray},
	doi = {10.1038/nrg2933},
	journal = {Genetics},
	number = {3},
	pages = {167–178},
	sortname = {Dixon, Michael J. and Mary L. Marazita and Terri H. Beaty and Jeffrey C. Murray},
	title = {Cleft lip and palate: {Synthesizing} genetic and environmental influences. {Nature} Reviews},
	url = {http://doi.org/10.1038/nrg2933},
	volume = {12},
	year = {2011}
}

@article{DingemanseAkitaInPress,
	author = {Dingemanse, Mark and Akita, Kimi},
	journal = {Journal of Linguistics},
	pages = {\biberror{no pages}},
	title = {An inverse relation between expressiveness and grammatical integration: {On} the morphosyntactic typology of ideophones, with special reference to {{Japanese}}},
	volume = {\biberror{no volume}},
	year = {In Press},
}

@article{Dingemanse2015,
	author = {Dingemanse, Mark and Damián E. Blasi and Gary Lupyan and Morten H. Christiansen  and  Padraic Monoghan},
	journal = {Trends in Cognitive Sciences},
	pages = {603--615},
	sortname = {Dingemanse, Mark and Damian E. Blasi and Gary Lupyan and Morten H. Christiansen  and  Padraic Monoghan},
	title = {Arbitrariness, iconicity and systematicity in language},
	volume = {19},
	year = {2015}
}

@article{Dingemanse2013,
	author = {Dingemanse, Mark and Francisco Torreira and N. J. Enfield},
	doi = {10.1371/journal.pone.0078273},
	journal = {PLOS ONE},
	number = {11},
	pages = {\biberror{no pages}},
	sortname = {Dingemanse, Mark and Francisco Torreira and N. J. Enfield},
	title = {Is {‘Huh?’} a universal word? {Conversational} infrastructure and the convergent evolution of linguistic items},
	volume = {8},
	year = {2013}
}

@article{Dingemanse2012,
	author = {Dingemanse, Mark and Akita, Kimi},
	doi = {10.1017/S002222671600030X},
	journal = {Journal of Linguistics},
	pages = {1–32},
	title = {An inverse relation between expressiveness and grammatical integration: {On} the morphosyntactic typology of ideophones, with special reference to {{Japanese}}},
	volume = {\biberror{no volume}},
	year = {2016}
}

@article{Ding2016,
	author = {Ding, Nai and Lucia Melloni and Hang Zhang and Xing Tian and David Poeppel},
	journal = {Nature Neuroscience},
	pages = {158--164},
	title = {Cortical tracking of hierarchical linguistic structures in connected speech},
	volume = {19},
	year = {2016}
}

@article{DemirdacheEtAl1994,
	author = {Demirdache, Hamida and Matthewson, Lisa},
	journal = {Proceedings of the Northeastern Linguistics Society},
	pages = {79--93},
	title = {On the universality of syntactic categories},
	volume = {16},
	year = {1994}
}

@article{Dediu2013,
	author = {Dediu, Dan and   Cysouw, Michael},
	doi = {10.1371/journal.pone.0055009},
	journal = {PLoS ONE},
	number = {1},
	pages = {e55009},
	title = {{Some} Structural Aspects of Language Are More Stable than Others: {A} Comparison of Seven Methods},
	url = {http://doi.org/10.1371/journal.pone.0055009},
	volume = {8},
	year = {2013}
}

@article{Dediu2011b,
	author = {Dediu, Dan},
	doi = {10.3378/027.083.0208},
	journal = {Human Biology},
	number = {2},
	pages = {279–296},
	title = {Are languages really independent from genes? {If} not, what would a genetic bias affecting language diversity look like?},
	url = {http://doi.org/10.3378/027.083.0208},
	volume = {83},
	year = {2011}
}

@article{Dediu2011a,
	author = {Dediu, Dan},
	doi = {10.1098/rspb.2010.1595},
	journal = {Proc R Soc B},
	pages = {474–479},
	title = {A {{Bayesian}} phylogenetic approach to estimating the stability of linguistic features and the genetic biasing of tone},
	url = {http://doi.org/10.1098/rspb.2010.1595},
	volume = {278},
	year = {2011}
}

@article{Dediu2009,
	author = {Dediu, Dan},
	doi = {10.1016/j.jtbi.2009.04.004},
	journal = {Journal of Theoretical Biology},
	number = {3},
	pages = {552–561},
	title = {Genetic biasing through cultural transmission: {Do} simple {{Bayesian}} models of language evolution generalize?},
	url = {http://doi.org/10.1016/j.jtbi.2009.04.004},
	volume = {259},
	year = {2009}
}

@article{Dediu2008,
	author = {Dediu, Dan},
	doi = {10.1016/j.jtbi.2008.05.028},
	journal = {Journal of Theoretical Biology},
	pages = {400–407},
	title = {The role of genetic biases in shaping language-genes correlations},
	url = {http://doi.org/doi:10.1016/j.jtbi.2008.05.028},
	volume = {254},
	year = {2008}
}

@article{Dediu2007pnas,
	author = {Dediu, Dan and D. Robert Ladd},
	journal = {PNAS},
	pages = {10944–10949},
	sortname = {Dediu, Dan and D. Robert Ladd},
	title = {Linguistic tone is related to the population frequency of the adaptive haplogroups of two brain size genes, {{ASPM}} and Microcephalin},
	volume = {26},
	year = {2007}
}

@article{Dediu2007,
	author = {Dediu, Dan and  Ladd, D. Robert},
	journal = {Proceedings of the National Academy of Science USA},
	number = {26},
	pages = {10944–9},
	sortname = {Dediu, Dan and  Ladd, D. Robert},
	title = {Linguistic tone is related to the population frequency of the adaptive haplogroups of two brain size genes, {{ASPM}} and Microcephalin},
	volume = {104},
	year = {2007}
}

@article{Debruyne2002,
	author = {Debruyne, Frans and Decoster, Wivine and Van Gijsel, Annemie and  Vercammen, Julie},
	journal = {Journal of Voice},
	number = {4},
	pages = {466–471},
	title = {Speaking fundamental frequency in monozygotic and dizygotic twins},
	volume = {16},
	year = {2002}
}

@article{DePaolis2014,
	author = {DePaolis, Rory A. and Marilyn M. Vihman and  Temar Keren-Portnoy},
	journal = {Journal of Child Language},
	number = {1},
	pages = {226--239},
	sortname = {DePaolis, Rory A. and Marilyn M. Vihman and  Temar Keren-Portnoy},
	title = {When do infants begin recognizing familiar words in sentences?},
	volume = {41},
	year = {2014}
}

@article{DavisEtAl1999,
	author = {Davis, Henry and Matthewson, Lisa},
	journal = {Révue québécoise de linguistique},
	pages = {27--67},
	title = {On the functional determination of lexical categories},
	volume = {27},
	year = {1999}
}

@article{Dachkovsky2013,
	author = {Dachkovsky, Svetlana and Healy, Christina and Sandler, Wendy},
	journal = {Phonology},
	pages = {211--252},
	title = {Visual intonation in two sign languages},
	volume = {30/2},
	year = {2013}
}

@article{Dachkovsky2009,
	author = {Dachkovsky, Svetlana and Sandler, Wendy},
	booktitle = {Visual intonation in the prosody of a sign},
	editor = {M. Swerts \& E. Krahmer},
	journal = {Language},
	pages = {287--314},
	title = {Visual intonation in the prosody of a sign},
	volume = {Language and Speech 52.2/3 (special issue on visual prosody)},
	year = {2009}
}

@article{CulbertsonSmolenskyLegendre12,
	author = {Culbertson, Jennifer and Smolensky, Paul and Legendre, G{\'e}raldine},
	date-added = {2016-02-15 10:24:29 +0000},
	date-modified = {2016-02-15 10:24:29 +0000},
	journal = {Cognition},
	keywords = {Culbertson},
	pages = {306--329},
	sortname = {Culbertson, Jennifer and Smolensky, Paul and Legendre, G{e}raldine},
	title = {Learning biases predict a word order universal},
	volume = {122},
	year = {2012}
}

@article{CulbertsonSmolensky12a,
	Local-Url = {file://localhost/Users/jculbert/Google%20Drive/Articles/Culbertson/Culbertson%202012a%20-%20A%20Bayesian%20model%20of%20biases%20in%20artificial%20language.pdf},
	author = {Culbertson, Jennifer and Smolensky, Paul},
	date-added = {2016-02-15 10:24:23 +0000},
	date-modified = {2016-02-15 10:24:23 +0000},
	journal = {Cognitive Science},
	keywords = {Culbertson},
	number = {8},
	pages = {1468--1498},
	title = {A {{Bayesian}} model of biases in artificial language learning: {The} case of a word-order universal},
	volume = {36},
	year = {2012}
}

@article{Culbertson12Compass,
	author = {Jennifer Culbertson},
	date-added = {2016-02-15 10:23:41 +0000},
	date-modified = {2016-02-15 10:23:41 +0000},
	journal = {Language and Linguistics Compass},
	keywords = {Culbertson, Learning Biases, Typology, Artificial language learning},
	number = {5},
	pages = {310--329},
	title = {Typological universals as reflections of biased learning: {Evidence} from Artificial Language Learning},
	volume = {6},
	year = {2012}
}

@article{Cramon-Taubadel2011,
	author = {Cramon-Taubadel, N. von},
	doi = {10.1073/pnas.1113050108},
	journal = {Proceedings of the National Academy of Sciences},
	number = {49},
	pages = {19546–19551},
	sortname = {Cramon-Taubadel, N. von},
	title = {Global human mandibular variation reflects differences in agricultural and hunter-gatherer subsistence strategies},
	url = {http://doi.org/10.1073/pnas.1113050108},
	volume = {108},
	year = {2011}
}

@article{Cowan2000,
	author = {Cowan, Nelson},
	journal = {Behavioral and Brain Sciences},
	pages = {87–114},
	title = {The magical number 4 in short-term memory: {A} reconsideration of mental storage capacity},
	volume = {24},
	year = {2001}
}

@article{CollinsInPress,
	author = {Collins, Jeremy},
	doi = {10.1093},
	journal = {Journal of Language Evolution},
	number = {1},
	pages = {46--52},
	title = {The Role of Language Contact in Creating Correlations Between Humidity and Tone},
	url = {http://dx.doi.org/10.1093/},
	volume = {1},
	year = {2016}
}

@article{Cohn1993,
	author = {Cohn, Abigail},
	journal = {Working Papers of the Cornell Phonetics Laboratory},
	note = {Ithaca: Cornell University},
	pages = {141--203},
	title = {A survey of the phonology of the feature [+nasal]},
	volume = {8},
	year = {1993}
}

@article{Clements2005,
	author = {Clements, George Nick and Sylvester Osu},
	journal = {Journal of African Languages and Linguistics},
	pages = {165--200},
	title = {{Nasal} harmony in {Ikwere}, a language with no phonemic nasal consonants},
	volume = {26},
	year = {2005}
}

@article{Claudi-Heine1986,
	author = {Claudi, Ulrike and Bernd Heine},
	journal = {Studies in {L}anguage},
	pages = {297--335},
	title = {On the metaphorical base of grammar},
	volume = {10},
	year = {1986},
}

@article{Cinque1993,
	author = {Cinque, Guglielmo},
	journal = {Linguistic Inquiry},
	pages = {239--294},
	title = {A null theory of phrase and compound stress},
	volume = {24},
	year = {1993}
}

@article{Cinque05,
	author = {Guglielmo Cinque},
	date-added = {2016-02-15 10:23:15 +0000},
	date-modified = {2016-02-15 10:23:15 +0000},
	journal = {Linguistic Inquiry},
	keywords = {Typology},
	number = {3},
	pages = {315--332},
	title = {Deriving {Greenberg's Universal 20} and Its Exceptions},
	volume = {36},
	year = {2005}
}

@article{ChristiansenInPress,
	author = {Christiansen, Morten H. and  Chater, Nick},
	journal = {Behavioral Brain Sciences},
	pages = {\biberror{no pages}},
	sortname = {Christiansen, Morten H. and  Chater, Nick},
	title = {The {Now-or-Never} bottleneck: {A} fundamental constraint on language},
	volume = {39 e62},
	year = {2016}
}

@article{Christiansen2008,
	author = {Christiansen, Morten H. and   Chater, Nick},
	journal = {Behavioral and Brain Sciences},
	pages = {489–558},
	sortname = {Christiansen, Morten H. and   Chater, Nick},
	title = {Language as shaped by the brain},
	volume = {31},
	year = {2008}
}

@article{Chomsky2005,
	author = {Chomsky, Noam},
	journal = {Linguistic Inquiry},
	pages = {1–22},
	title = {Three factors in language design},
	volume = {36},
	year = {2005}
}

@article{ChaterSqueezeInPress,
	author = {Chater, Nick and  Christiansen, Morten H.},
	journal = {Behavioral Brain Sciences},
	pages = {\biberror{no pages}},
	sortname = {Chater, Nick and  Christiansen, Morten H.},
	title = {Squeezing through the {Now-or-Never} bottleneck: {Reconnecting} language processing, acquisition, change and structure},
	volume = {39 e62},
	year = {2016}
}

@article{ChaterLanguageInPress,
	author = {Chater, Nick and McCauley, Stewart M. and Christiansen, Morten H.},
	journal = {Journal of Memory and Language},
	pages = {244--254},
	sortname = {Chater, Nick and McCauley, Stewart M. and Christiansen, Morten H.},
	title = {Language as skill: {Inter-twining} comprehension and production. {Journal} of Memory and Language},
	volume = {89},
	year = {2016}
}

@article{Carpenter1998,
	author = {Carpenter, Malinda and Katherine Nagell  and  Michael Tomasello},
	journal = {Monographs of the Society for Research in Child Development},
	number = {4},
	pages = {1--175},
	title = {Social cognition, joint attention, and communicative competence from 9 to 15 months of age},
	volume = {63},
	year = {1998}
}

@article{Carpenter1991,
	author = {Carpenter, Kathie},
	journal = {Journal of Child Language},
	pages = {93--113},
	title = {Later rather than sooner: {Extralinguistic} categories in the  acquisition of {Thai} classifiers},
	volume = {18},
	year = {1991}
}

@article{Carpenter1986,
	author = {Carpenter, Kathie},
	journal = {Berkeley Linguistic Society},
	pages = {14--25},
	title = {Productivity and pragmatics of {Thai} classifiers},
	volume = {12},
	year = {1986}
}

@article{Callaghan2011,
	author = {Callaghan, Tara C. and Henrike Moll and Hannes Rakoczy and Felix Warneken and Ulf Liszkowski and Tanya Behne and  Michael Tomasello},
	journal = {Monographs of the Society for Research in Child Development},
	number = {2},
	pages = {1--142},
	sortname = {Callaghan, Tara C. and Henrike Moll and Hannes Rakoczy and Felix Warneken and Ulf Liszkowski and Tanya Behne and  Michael Tomasello},
	title = {Early social cognition in three cultural contexts},
	volume = {76},
	year = {2011}
}

@article{Caldwell-Harris2015,
	author = {Caldwell-Harris, Catharine L. and Lancaster, A. and Ladd, D. Robert and Dediu, Dan and  Christiansen, Morten H.},
	doi = {10.1017/S0272263114000849},
	journal = {Studies in Second Language Acquisition},
	number = {2},
	pages = {335–357},
	sortname = {Caldwell-Harris, Catharine L. and Lancaster, A. and Ladd, D. Robert and Dediu, Dan and  Christiansen, Morten H.},
	title = {Factors Influencing Sensitivity {To} Lexical {To}ne In An Artificial Language},
	url = {http://doi.org/10.1017/S0272263114000849},
	volume = {37},
	year = {2015}
}

@article{Bush2012,
	author = {Bush, Jeffrey O. and  Jiang, Rulang},
	doi = {10.1242/dev.067082},
	journal = {Development},
	number = {2},
	pages = {231–243},
	sortname = {Bush, Jeffrey O. and  Jiang, Rulang},
	title = {Palatogenesis: {Morphogenetic} and molecular mechanisms of secondary palate},
	url = {http://doi.org/10.1242/dev.067082},
	volume = {139},
	year = {2012}
}

@article{Brunner2009,
	author = {Brunner, Jana and Fuchs, Susanne  and  Perrier, Pascal},
	doi = {10.1121/1.3125313},
	journal = {Journal of the Acoustic Society of America},
	number = {6},
	pages = {3936–3949},
	title = {On the relationship between palate shape and articulatory behavior},
	url = {http://doi.org/10.1121/1.3125313},
	volume = {125},
	year = {2009}
}

@article{Brunner2006,
	author = {Brunner, Jana and Hoole, Phil and Perrier, Pascale  and  Fuchs, Susanne},
	journal = {In Proceedings of the 7th International Seminar on Speech Production},
	pages = {247–254},
	title = {Temporal development of compensation strategies for perturbed palate shape in {{German}}/sch/-production},
	url = {http://halshs.archives-ouvertes.fr/hal-00403289/},
	volume = {7},
	year = {2006}
}

@article{Brunner2005,
	author = {Brunner, Jana and Susanne Fuchs and Pascal Perrier},
	journal = {ZAS Papers in Linguistics},
	pages = {43–67},
	title = {The influence of the palate shape on articulatory token-to-token variability},
	volume = {42},
	year = {2005}
}

@article{Bromberger1989,
	author = {Bromberger, Sylvain  and  Morris Halle},
	journal = {Linguistic Inquiry},
	pages = {51--70},
	title = {Why phonology is different},
	volume = {20},
	year = {1989}
}

@article{Borovsky2012,
	author = {Borovsky, Arielle and Elman, Jeffrey L.  and  Fernald, Anne},
	journal = {Journal of Experimental Child Psychology},
	pages = {417--436},
	sortname = {Borovsky, Arielle and Elman, Jeffrey L.  and  Fernald, Anne},
	title = {Knowing a lot for one’s age: {Vocabulary} skill and not age is associated with anticipatory incremental sentence interpretation in children and adults},
	volume = {112},
	year = {2012}
}

@article{Bolhuis2014,
	author = {Bolhuis, Johan and Tattersal, Ian and Chomsky, Noam and Berwich, Robert},
	journal = {PLOS Biology},
	number = {8},
	pages = {1--7},
	title = {How could language have evolved?},
	volume = {12},
	year = {2014}
}

@article{Bock1986,
	author = {Bock, J. Kathryn},
	journal = {Journal of Experimental Psychology: Learning, Memory, and Cognition},
	pages = {575–586},
	sortname = {Bock, J. Kathryn},
	title = {Meaning, sound, and syntax: {Lexical} priming in sentence production},
	volume = {12},
	year = {1986}
}

@article{Blythe2013,
	author = {Blythe, Joe},
	journal = { Language},
	pages = {883--919},
	title = {Preference organization driving structuration: {Evidence} from {{Australian}} {Aboriginal} interaction for pragmatically motivated grammaticalization},
	volume = {89.4},
	year = {2013}
}

@article{Blust1984,
	author = {Blust, Robert},
	journal = {Pacific Linguistics},
	pages = {159--208},
	title = {A {Mussau} vocabulary, with phonological notes},
	volume = {Series A: Occasional Papers},
	year = {1984}
}

@article{Beckman1997,
	author = {Beckman, Jill},
	journal = {Phonology},
	number = {1},
	pages = {1--46},
	title = {Positional faithfulness, positional neutralization, and {Shona} vowel harmony},
	volume = {14},
	year = {1997}
}

@article{BakerMcCloskey07,
	author = {Baker, Mark and James McCloskey},
	date-added = {2016-02-15 10:22:49 +0000},
	date-modified = {2016-02-15 10:22:49 +0000},
	journal = {Linguistic Typology},
	keywords = {Typology, Syntax, Syntax - Frameworks},
	number = {1},
	pages = {273--284},
	title = {On the Relationship of Typology to Theoretical Syntax},
	volume = {11},
	year = {2007}
}

@article{Baayen2016,
	author = {Baayen, R. Harald and Milin, Petar and Ramscar, Michael},
	journal = {Aphasiology},
	pages = {1174--1220},
	sortname = {Baayen, R. Harald and Milin, Petar and Ramscar, Michael},
	title = {Frequency in lexical processing},
	volume = {30 (11)},
	year = {2016}
}

@article{Atkinson2011,
	author = {Atkinson, Quentin},
	journal = {Science},
	pages = {346--349},
	title = {Phonemic Diversity Supports a Serial Founder Effect Model of Language Expansion from {{Africa}}},
	volume = {332},
	year = {2011}
}

@article{Asaridou2015,
	author = {Asaridou, Salomi and Takashima, A. and Dediu, Dan and Hagoort, P.  and  McQueen, J. M.},
	doi = {10.1093/cercor/bhv126},
	journal = {Cerebral Cortex},
	number = {6},
	pages = {2728--2742},
	sortname = {Asaridou, Salomi and Takashima, A. and Dediu, Dan and Hagoort, P.  and  McQueen, J. M.},
	title = {Repetition Suppression in the Left Inferior Frontal Gyrus Predicts Tone Learning Performance},
	url = {http://doi.org/10.1093/cercor/bhv126},
	volume = {26},
	year = {2016}
}

@article{Aronoff2005,
	author = {Aronoff, Mark and Meir, Irit and  Sandler, Wendy},
	journal = {Language},
	numer = {2},
	pages = {301--344},
	title = {The paradox of sign language morphology},
	volume = {81},
	year = {2005}
}

@article{Aristar1991,
	author = {Aristar, Anthony R.},
	journal = {Language},
	pages = {1--33},
	sortname = {Aristar, Anthony R.},
	title = {On Diachronic Sources and Synchronic Patterns: {An} investigation into the origin of linguistic universals},
	volume = {67},
	year = {1991}
}

@article{Anderson2009,
	author = {Anderson, Debora K. and Rosalind S. Oti and Catherine Lord and Kathleen Welch},
	journal = {Journal of Abnormal Child Psychology},
	number = {7},
	pages = {1019--1034},
	sortname = {Anderson, Debora K. and Rosalind S. Oti and Catherine Lord and Kathleen Welch},
	title = {Patterns of growth in adaptive social abilities among children with autism spectrum disorders},
	volume = {37},
	year = {2009}
}

@article{Ambridge2014,
	author = {Ambridge, Ben and Julian Pine  and  Elena Lieven},
	journal = {Language},
	number = {3},
	pages = {53--90},
	title = {Child language acquisition: {Why} Universal Grammar doesn’t help},
	volume = {90},
	year = {2014}
}

@article{Aikhenvald1998,
	author = {Aikhenvald, Alexandra Y. and R. M. W. Dixon},
	journal = {Language},
	number = {1},
	pages = {56–80},
	sortname = {Aikhenvald, Alexandra Y. and R. M. W. Dixon},
	title = {Dependencies Between Grammatical Systems},
	volume = {74},
	year = {1998}
}

@phdthesis{Mandel1981,
	author = {Mandel, Mark},
	school = {University of Calinfornia, Berkeley},
	title = {Phonotactics and Morphophonology in {{ASL}}. {PhD} dissertation},
	year = {1981}
}