% Include entries that you actually cite. Do not copy here your whole bib-file.

@misc{RAECorpes,
  title        = "\textup{Banco de datos ({CORPES XXI}) [en línea].} {C}orpus del {E}spañol del {S}iglo {XXI} ({CORPES})",
  author       = "{REAL ACADEMIA ESPAÑOLA}",
  howpublished = "<\url{http://www.rae.es}>",
  year = {},
}

@book{Kuno1973,
	Address = {Cambridge, MA},
	Author = {Kuno, Susumu},
	Date-Added = {2019-08-20 07:51:39 +0000},
	Date-Modified = {2020-07-23 13:57:10 +0000},
	Publisher = {MIT Press},
	Title = {The Structure of the {Japanese} Language},
	Year = {1973}}

@article{Condamines2013,
	Author = {Condamines, Anne},
	Date-Added = {2020-07-24 06:30:12 +0000},
	Date-Modified = {2020-07-24 06:31:11 +0000},
	Journal = {Journal of French Language Studies},
    doi = {10.1017/S095926951300001X},
	Number = {3},
	Pages = {335-355},
	Title = {Quand la passion autorise la transitivation d'un circonstanciel de lieu},
	Volume = {23},
	Year = {2013}}

@book{Pylkkanen2008,
	Address = {Cambridge, MA},
	Author = {Pylkk{\"a}nen, Liina},
	Date-Added = {2019-08-20 07:51:39 +0000},
	Date-Modified = {2020-07-23 13:57:10 +0000},
	Publisher = {MIT Press},
	Title = {Introducing Arguments},
    doi = {10.7551/mitpress/9780262162548.001.0001},
	Year = {2008}}

@incollection{Kratzer1996,
	Address = {Dordrecht},
	Author = {Kratzer, Angelika},
	Booktitle = {Phrase Structure and the Lexicon},
	Date-Added = {2019-06-19 12:44:36 +0000},
	Date-Modified = {2020-07-23 14:06:18 +0000},
	Editor = {Ann Zaring, Laurie and Rooryck, Johan},
	Pages = {109-137},
	Publisher = {Kluwer},
	Title = {Severing the external argument from its verb},
	Year = {1996}}

@incollection{Nikitina2008,
	Author = {Nikitina, Tatiana},
	Booktitle = {Syntax and semantics of spatial {P}},
	Date-Added = {2020-10-09 19:25:07 +0200},
	Date-Modified = {2020-10-09 19:28:13 +0200},
    doi = {10.1075/la.120},
	Editor = {Asbury, Anna and Dotlačil, Jakub and Gehrke, Berit and Nou\-wen, Rick},
	Pages = {175-195},
	Publisher = {Amsterdam: John
Benjamins},
	Title = {Pragmatic factors and variation in the expression of spatial goals: {T}he case of \textit{into} vs. \textit{in}},
	Year = {2008}}

@article{FolliAndHarley2006,
	Author = {Folli, Raffaella and Harley, Heidi},
	Date-Added = {2020-07-24 06:30:12 +0000},
	Date-Modified = {2020-07-24 06:31:11 +0000},
	Journal = {Folia Linguistica},
    doi = {10.1111/j.1467-9582.2006.00135.x},
	Number = {2},
	Pages = {121-155},
	Title = {On the licensing of causatives of directed motion: {W}altzing {M}atilda all over},
	Volume = {60},
	Year = {2006}}

@book{Marantz1984,
	Address = {Cambridge, MA},
	Author = {Marantz, Alec},
	Date-Added = {2019-06-18 10:55:44 +0000},
	Date-Modified = {2020-07-27 13:45:44 +0000},
	Publisher = {MIT Press},
	Title = {On the nature of grammatical relations},
	Volume = {},
	Year = {1984}}

@book{Iwata2020,
	Address = {Amsterdam},
	Author = {Iwata, Seizi},
	Date-Added = {2019-06-18 10:55:44 +0000},
	Date-Modified = {2020-07-27 13:45:44 +0000},
	Publisher = {John Benjamins},
    doi = {10.1075/cal.26},
	Title = {English resultatives: {A} force-recipient account},
	Year = {2020}}

@incollection{Alexiadou2015,
	Author = {Alexiadou, Artemis},
	Booktitle = {Syntax -- Theory and analysis: {A}n International Handbook},
	Date-Added = {2019-06-18 14:21:19 +0000},
	Date-Modified = {2019-06-18 14:22:27 +0000},
	Editor = {Kiss, Tibor and Alexiadou, Artemis},
	Pages = {1088-1127},
	Publisher = {Berlin: De Gruyter Mouton},
	Title = {Syntax and the lexicon},
	Year = {2015}}

@incollection{FolliAndRamchand2005,
	Author = {Folli, Raffaella and Ramchand, Gillian},
	Booktitle = {Perspectives on aspect},
	Date-Added = {2019-06-18 14:21:19 +0000},
	Date-Modified = {2019-06-18 14:22:27 +0000},
    doi = {10.1007/1-4020-3232-3},
	Editor = {Verkuyl, Hank J. and de Swart, Henriette and van Hout, Angeliek},
	Pages = {81-105},
	Publisher = {Dordrecht: Springer},
	Title = {Prepositions and results In {I}talian and {E}nglish: {A}n analysis from event decomposition},
	Year = {2005}}

@unpublished{Davies2008,
	Author = {Davies, Mark},
	Date-Added = {2021-04-25 21:54:07 +0200},
	Date-Modified = {2021-04-25 21:55:01 +0200},
	Note = {Available online at \url{https://www.english-corpora.org/coca/}},
	Title = {\textit{The {C}orpus of {C}ontemporary {A}merican {E}nglish ({COCA})}},
	Year = {2008-}} %The hyphen is not a typo; this is how the reference is supposed to be cited according to the author of the corpus (see https://www.english-corpora.org/faq.asp#cite).

@article{BeaversLevinandTham2010,
	Author = {Beavers, John and Levin, Beth and Tham, Shiao Wei},
	Date-Added = {2020-07-24 06:30:12 +0000},
	Date-Modified = {2020-07-24 06:31:11 +0000},
    doi = {10.1017/S0022226709990272},
	Journal = {Journal of Linguistics},
	Number = {},
	Pages = {331-377},
	Title = {The typology of motion expressions revisited},
	Volume = {46},
	Year = {2010}}

@article{Tatevosov2011,
	Author = {Tatevosov, Sergei},
	Date-Added = {2020-07-24 06:30:12 +0000},
	Date-Modified = {2020-07-24 06:31:11 +0000},
    doi = {10.1080/00806765.2011.631782},
	Journal = {Scando-Slavica},
	Number = {},
	Pages = {216-244},
	Title = {Severing perfectivity from the verb},
	Volume = {57},
	Year = {2011}}

@incollection{Milosavljevic2022,
	Author = {Milosavljević, Stefan},
	Booktitle = {Proceedings of {C}on{SOLE} {XXX}},
	Date-Added = {2019-06-18 14:21:19 +0000},
	Date-Modified = {2019-06-18 14:22:27 +0000},
	Editor = {Holtz, Annie and Kova\v{c}, Iva and Puggaard-Rode, Rasmus},
	Pages = {17-42},
	Publisher = {Leiden: Leiden University Centre for Linguistics},
	Title = {The delimitative prefix \textit{po-}, durative adverbials, and {S}lavic aspectual composition},
	Year = {2022}}

@incollection{Tatevosov2008,
	Author = {Tatevosov, Sergei},
	Booktitle = {Proceedings of {F}ormal {A}pproaches to {S}lavic {L}inguistics 16},
	Date-Added = {2019-06-18 14:21:19 +0000},
	Date-Modified = {2019-06-18 14:22:27 +0000},
	Editor = {},
	Pages = {423-445},
	Publisher = {Ann Arbor, MI: Michigan Slavic Publications},
	Title = {Intermediate prefixes in {R}ussian},
	Year = {2008}}

@PHDTHESIS{Lazorczyk2010,
author  = {Łazorczyk, Agnieszka},
title   = {Decomposing {S}lavic aspect: {T}he role of aspectual morphology in {P}olish and other {S}lavic languages},
year    = {2010},
school    = {University of South California},
address = {Los Angeles, CA},
}

@article{ArregiAndPietraszko2021,
	Author = {Arregi, Karlos and Pietraszko, Asia},
	Date-Added = {2020-07-24 06:30:12 +0000},
	Date-Modified = {2020-07-24 06:31:11 +0000},
    doi = {10.1162/ling_a_00377},
	Journal = {Linguistic Inquiry},
	Number = {2},
	Pages = {241-289},
	Title = {The ups and downs of head displacement},
	Volume = {52},
	Year = {2021}}

@article{MartinezVazquez2014,
	Author = {Martínez Vázquez, Montserrat},
	Date-Added = {2020-10-09 19:22:59 +0200},
	Date-Modified = {2020-10-09 19:24:26 +0200},
	Journal = {ES: {R}evista de {F}ilología {I}nglesa},
	Number = {},
	Pages = {193-217},
	Title = {Reaction object constructions in {E}nglish and {S}panish},
	Volume = {35},
	Year = {2014}}

@article{Mehlig2012,
	Author = {Mehlig, Hans Robert},
	Date-Added = {2020-07-24 06:30:12 +0000},
	Date-Modified = {2020-07-24 06:31:11 +0000},
	Journal = {Journal of Slavic Linguistics},
	Number = {2},
	Pages = {171-227},
	Title = {Hybrid predicates in {Russian}},
	Volume = {20},
	Year = {2012}}

@PHDTHESIS{BabkoMalaya1999,
author  = {Babko-Malaya, Olga},
title   = {Zero morphology: {A} study of aspect, argument structure and case},
year    = {1999},
school    = {Rutgers, The State University of New Jersey},
address = {New Brunswick, NJ},
}

@article{Romanova2004,
	Author = {Romanova, Eugenia},
	journal = {Nordlyd},
    doi = {10.7557/12.69},
    volume = {32},
    number = {2},
	Pages = {255-278},
	Title = {Lexical vs. superlexical prefixes},
	Year = {2004}}

@incollection{RamchandAndSvenonius2002,
	Author = {Ramchand, Gillian and Svenonius, Peter},
	Booktitle = {Proceedings of {WCCFL} 21},
	Date-Added = {2019-06-18 14:21:19 +0000},
	Date-Modified = {2019-06-18 14:22:27 +0000},
	Editor = {Mikkelsen, Line and Potts, Christopher},
	Pages = {387-400},
	Publisher = {Somerville, MA: Cascadilla Press},
	Title = {The lexical syntax and lexical semantics of the verb-particle construction},
	Year = {2002}}

@book{Smith1991,
	Address = {Dordrecht},
	Author = {Smith, Carlota S.},
	Date-Added = {2019-06-18 10:55:44 +0000},
	Date-Modified = {2020-07-27 13:45:44 +0000},
    doi = {10.1007/978-94-015-7911-7},
	Publisher = {Kluwer},
	Title = {The parameter of aspect},
	Volume = {},
	Year = {1991}}

@article{BigolinAndAusensi2021,
	Author = {Bigolin, Alessandro and Ausensi, Josep},
	Date-Added = {2020-07-23 08:39:50 +0000},
	Date-Modified = {2020-07-23 08:40:22 +0000},
    doi = {10.1515/flin-2021-2078},
	Journal = {Folia Linguistica},
	Number = {2},
	Pages = {517-546},
	Title = {A new resultative construction in {S}panish? {A} reply to {R}odríguez {A}rrizabalaga},
	Volume = {55},
	Year = {2021}}

@article{AusensiAndBigolin2023,
	Author = {Ausensi, Josep and Bigolin, Alessandro},
	Date-Added = {2020-07-23 08:39:50 +0000},
	Date-Modified = {2020-07-23 08:40:22 +0000},
    doi = {10.1556/2062.2023.00567},
	Journal = {Acta Linguistica Academica},
	Number = {1},
	Pages = {139-160},
	Title = {On the argument structure realization of result verbs: {A} syntactic approach},
	Volume = {70},
	Year = {2023}}

@article{Embick2004,
	Author = {Embick, David},
	Date-Added = {2019-06-19 12:37:14 +0000},
	Date-Modified = {2019-06-19 12:37:39 +0000},
    doi = {10.1162/0024389041402634},
	Journal = {Linguistic Inquiry},
	Number = {3},
	Pages = {355-392},
	Title = {On the structure of resultative participles in {English}},
	Volume = {35},
	Year = {2004}}

@PHDTHESIS{Wang2010,
author  = {Wang, Chyan-an Arthur},
title   = {The microparametric syntax of resultatives in {Chinese} language},
year    = {2010},
school    = {New York University},
address = {New York, NY},
}

@PHDTHESIS{Fan2014,
author  = {Fan, Sheng-yang},
title   = {Argument structure in {Mandarin} {Chinese}: {A} lexical-syntactic perspective},
year    = {2014},
school    = {Universidad Autónoma de Madrid},
address = {Madrid},
}

@PHDTHESIS{Kwapiszewski2022,
author  = {Kwapiszewski, Arkadiusz},
title   = {Aspect and event structure:
{The} morphosyntax of {Polish} verbs from a cross-linguistic perspective},
year    = {2022},
school    = {University of Oxford},
address = {Oxford},
}

@article{Washio1997,
	Author = {Washio, Ryuichi},
	Date-Added = {2020-01-27 14:07:39 +0000},
	Date-Modified = {2020-01-27 14:08:21 +0000},
    doi = {10.1023/A:1008257704110},
	Journal = {Journal of East Asian Linguistics},
	Pages = {1-49},
	Title = {Resultatives, compositionality, and language variation},
	Volume = {6},
	Year = {1997}}

@article{Volpe2004,
	Author = {Volpe, Mark},
	Date-Added = {2019-11-04 17:23:08 +0000},
	Date-Modified = {2019-11-04 17:23:46 +0000},
	Journal = {Snippets},
	Number = {4},
	Pages = {12-13},
	Title = {Affected object unergatives},
	Volume = {8},
	Year = {2004}}

@book{Goldberg1995,
	Author = {Goldberg, Adele},
	Date-Added = {2019-06-18 11:06:49 +0000},
	Date-Modified = {2019-06-18 11:07:20 +0000},
	Publisher = {Chicago: The University of Chicago Press},
	Title = {Constructions: {A} {C}onstruction {G}rammar approach to argument structure},
	Year = {1995}}

@article{FolliAndHarley2008,
	Author = {Folli, Raffaella and Harley, Heidi},
	Date-Added = {2019-12-17 12:00:15 +0000},
	Date-Modified = {2019-12-17 12:01:04 +0000},
    doi = {10.1016/j.lingua.2007.02.004},
	Journal = {Lingua},
	Pages = {190-202},
	Title = {Teleology and animacy in external arguments},
	Volume = {118},
number = {2},
	Year = {2008}}

@incollection{RappaportHovavAndLevin1998,
	Author = {Rappaport Hovav, Malka and Levin, Beth},
	Booktitle = {The projection of arguments: {L}exical and compositional factors},
	Date-Added = {2019-06-18 14:21:19 +0000},
	Date-Modified = {2019-06-18 14:22:27 +0000},
	Editor = {Butt, Miriam and Geuder, Wilhelm},
	Pages = {97-134},
	Publisher = {Stanford, CA: CSLI Publications},
	Title = {Building verb meanings},
	Year = {1998}}

@incollection{RappaportHovav2014,
	Author = {Rappaport Hovav, Malka},
	Booktitle = {The syntax of roots and the roots of syntax},
	Date-Added = {2019-06-18 14:24:23 +0000},
	Date-Modified = {2019-06-18 14:25:21 +0000},
    doi = {10.1093/acprof:oso/9780199665266.001.0001},
	Editor = {Alexiadou, Artemis and Borer, Hagit and Sch{\"a}fer, Florian},
	Pages = {259-281},
	Publisher = {Oxford: Oxford University Press},
	Title = {Building scalar changes},
	Year = {2014}}

@incollection{FolliAndHarley2005,
	Address = {Dordrecht},
	Author = {Folli, Raffaella and Harley, Heidi},
	Booktitle = {Aspectual inquiries},
	Date-Added = {2019-06-19 12:38:40 +0000},
	Date-Modified = {2020-07-23 14:04:12 +0000},
    doi = {10.1007/1-4020-3033-9},
	Editor = {Kempchinsky, Paula Marie and Slabakova, Roumyana},
	Pages = {99-120},
	Publisher = {Springer},
	Title = {Flavors of \textit{v}},
	Year = {2005}}

@incollection{RappaportHovavAndLevin2010,
	Address = {Oxford},
	Author = {Rappaport Hovav, Malka and Levin, Beth},
	Booktitle = {Lexical semantics, syntax, and event structure},
	Date-Added = {2019-06-11 15:53:35 +0000},
	Date-Modified = {2020-07-23 14:10:41 +0000},
    doi = {10.1093/acprof:oso/9780199544325.001.0001},
	Editor = {Rappaport Hovav, Malka and Doron, Edit and Sichel, Ivy},
	Pages = {21-38},
	Publisher = {Oxford University Press},
	Title = {Reflections on manner/result complementarity},
	Year = {2010}}

@incollection{RappaportHovav2008,
	Address = {Amsterdam},
	Author = {Rappaport Hovav, Malka},
	Booktitle = {Theoretical and crosslinguistic approaches to the semantics of aspect},
	Date-Added = {2019-06-18 14:23:27 +0000},
	Date-Modified = {2020-07-23 14:10:24 +0000},
    doi = {10.1075/la.110},
	Editor = {Rothstein, Susan},
	Pages = {13-42},
	Publisher = {John Benjamins},
	Title = {Lexicalized meaning and the internal structure of events},
	Year = {2008}}

@PHDTHESIS{Zaucer2009,
author  = {Žaucer, Rok},
title   = {A {VP}-internal/resultative analysis of 4 `{VP}-external' uses of {Slavic} verbal prefixes},
year    = {2009},
school    = {University of Ottawa},
address = {Ottawa, ON},
}

@article{Truswell2007,
	Author = {Truswell, Robert},
	Date-Added = {2020-07-23 08:39:50 +0000},
	Date-Modified = {2020-07-23 08:40:22 +0000},
    doi = {10.1016/j.lingua.2006.06.003},
	Journal = {Lingua},
	Number = {8},
	Pages = {1355-1377},
	Title = {Extraction from adjuncts and the structure of events},
	Volume = {117},
	Year = {2007}}

@book{Tenny1994,
	Address = {Dordrecht},
	Author = {Tenny, Carol},
	Date-Added = {2019-06-18 14:29:14 +0000},
	Date-Modified = {2020-07-23 13:57:54 +0000},
    doi = {10.1007/978-94-011-1150-8},
	Publisher = {Kluwer},
	Title = {Aspectual roles and the syntax-semantics interface},
	Year = {1994}}

@book{Talmy2000,
	Address = {Cambridge, MA},
	Author = {Talmy, Leonard},
	Date-Added = {2019-06-18 10:55:44 +0000},
	Date-Modified = {2020-07-27 13:45:44 +0000},
	Publisher = {MIT Press},
	Title = {Toward a cognitive semantics, \textup{vol. 2:} {T}ypology and process in concept structuring},
	Volume = {},
	Year = {2000}}

@article{Svenonius2004,
	Author = {Svenonius, Peter},
	Date-Added = {2020-07-24 06:30:12 +0000},
	Date-Modified = {2020-07-24 06:31:11 +0000},
    doi = {10.7557/12.68},
	Journal = {Nordlyd},
	Number = {2},
	Pages = {205-253},
	Title = {Slavic prefixes inside and outside {VP}},
	Volume = {32},
	Year = {2004}}

@article{Spencerandzaretskaya1998,
	Author = {Spencer, Andrew and Zaretskaya, Marina},
	Date-Added = {2020-07-23 08:39:50 +0000},
	Date-Modified = {2020-07-23 08:40:22 +0000},
    doi = {10.1515/ling.1998.36.1.1},
	Journal = {Linguistics},
	Number = {},
	Pages = {1-39},
	Title = {Verb prefixation in {R}ussian as lexical subordination},
	Volume = {36},
	Year = {1998}}

@incollection{Snyder2012,
	Address = {Oxford},
	Author = {Snyder, William},
	Booktitle = {Telicity, change, and state: {A} cross-categorial view of event structure},
	Date-Added = {2020-01-20 12:42:05 +0000},
	Date-Modified = {2020-07-23 14:08:41 +0000},
    doi = {10.1093/acprof:oso/9780199693498.001.0001},
	Editor = {Demonte, Violeta and McNally, Louise},
	Pages = {279-299},
	Publisher = {Oxford University Press},
	Title = {Parameter theory and motion predicates},
	Year = {2012}}

@article{Snyder2001,
	Author = {Snyder, William},
	Date-Added = {2020-07-23 08:39:50 +0000},
	Date-Modified = {2020-07-23 08:40:22 +0000},
    doi = {10.1353/lan.2001.0108},
	Journal = {Language},
	Number = {},
	Pages = {324-342},
	Title = {On the nature of syntactic variation: {E}vidence from complex predicates and complex word-formation},
	Volume = {77},
number = {2},
	Year = {2001}}

@phdthesis{Snyder1995,
author  = {Snyder, William},
title   = {Language acquisition and language variation: {The} role of morphology},
year    = {1995},
address    = {Cambridge, MA},
school = {MIT},
}

@PHDTHESIS{RealPuigdollers2013,
author  = {Real-Puigdollers, Cristina},
title   = {Lexicalization by phase: {The} role of prepositions in argument structure and its cross-linguistic variation},
year    = {2013},
school    = {Universitat Autònoma de Barcelona},
address = {Barcelona},
}

@book{Ramchand2008,
	Address = {Cambridge},
	Author = {Ramchand, Gillian},
	Date-Added = {2019-06-19 12:47:21 +0000},
	Date-Modified = {2020-07-23 13:57:21 +0000},
    doi = {10.1017/CBO9780511486319},
	Publisher = {Cambridge University Press},
	Title = {Verb meaning and the lexicon},
	Year = {2008}}

@article{MateuandRigau2010,
	Author = {Mateu, Jaume and Rigau, Gemma},
	Date-Added = {2020-07-27 14:03:36 +0000},
	Date-Modified = {2020-07-27 14:04:14 +0000},
    doi = {10.1515/prbs.2010.009},
	Journal = {Probus},
	Pages = {241-269},
	Title = {Verb-particle constructions in {R}omance: {A} lexical-syntactic account},
	Volume = {22},
	Year = {2010}}

@incollection{MateuandRigau2002,
	Address = {Amsterdam},
	Author = {Mateu, Jaume and Rigau, Gemma},
	Booktitle = {Theoretical Approaches to universals},
	Date-Added = {2020-07-23 13:37:24 +0000},
	Date-Modified = {2020-07-23 13:38:08 +0000},
    doi = {10.1075/la.49},
	Editor = {Alexiadou, Artemis},
	Pages = {211-236},
	Publisher = {John Benjamins},
	Title = {A Minimalist account of conflation processes: {P}arametric variation at the lexicon-syntax interface},
	Year = {2002}}

@incollection{MateuAndAcedo-Matellan2012,
	Address = {Bingley},
	Author = {Mateu, Jaume and Acedo-Matell{\'a}n, V{\'\i}ctor},
	Booktitle = {The end of argument structure?},
	Date-Added = {2019-06-18 14:11:07 +0000},
	Date-Modified = {2020-07-23 14:08:47 +0000},
	Editor = {Cuervo, M. Cristina and Roberge, Yves},
	Pages = {209-228},
	Publisher = {Emerald},
	Title = {The manner/result complementarity revisited: {A} syntactic approach},
	Year = {2012}}

@incollection{Mateu2017,
	Address = {Amsterdam},
	Author = {Mateu, Jaume},
	Booktitle = {Verb valency changes: {T}heoretical and typological perspectives},
	Date-Added = {2020-08-29 13:24:54 +0200},
	Date-Modified = {2020-08-29 13:26:04 +0200},
    doi = {10.1075/tsl.120},
	Editor = {{\'A}lvarez González, Albert and Navarro, {\'I}a},
	Pages = {51-79},
	Publisher = {John Benjamins},
	Title = {Two types of locative alternation},
	Year = {2017}}

@incollection{Mateu2012,
	Address = {Oxford},
	Author = {Mateu, Jaume},
	Booktitle = {Telicity, change, and state: {A} cross-categorial view of event structure},
	Date-Added = {2020-01-20 12:42:05 +0000},
	Date-Modified = {2020-07-23 14:08:41 +0000},
    doi = {10.1093/acprof:oso/9780199693498.001.0001},
	Editor = {Demonte, Violeta and McNally, Louise},
	Pages = {252-278},
	Publisher = {Oxford University Press},
	Title = {Conflation and incorporation processes in resultative constructions},
	Year = {2012}}

@incollection{Mateu2008,
	Author = {Mateu, Jaume},
	Booktitle = {Syntax and semantics of spatial {P}},
	Date-Added = {2020-10-09 19:25:07 +0200},
	Date-Modified = {2020-10-09 19:28:13 +0200},
    doi = {10.1075/la.120},
	Editor = {Asbury, Anna and Dotlačil, Jakub and Gehrke, Berit and Nou\-wen, Rick},
	Pages = {221-250},
	Publisher = {Amsterdam: John
Benjamins},
	Title = {On the l-syntax of directionality/resultativity: {T}he case of {G}ermanic preverbs},
	Year = {2008}}

@inproceedings{Mateu2003,
	Address = {Chicago, IL},
	Author = {Mateu, Jaume},
	Booktitle = {Papers from the 39th annual meeting of the {C}hicago {L}inguistic {S}ociety},
	Date-Added = {2019-06-19 12:06:37 +0000},
	Date-Modified = {2020-07-23 14:13:36 +0000},
	Editor = {Cihlar, Jonathon and Franklin, Amy and Kaiser, David and Kimbara, Irene},
	Pages = {256-269},
	Publisher = {Chicago Linguistic Society},
	Title = {Parametrizing verbal polysemy: {T}he case of \textit{bake} revisited},
	Year = {2003}}

@PHDTHESIS{Mateu2002,
author  = {Mateu, Jaume},
title   = {Argument structure: {Relational} construal at the syntax-se\-man\-tics interface},
year    = {2002},
school    = {Universitat Autònoma de Barcelona},
address = {Barcelona},
}

@inproceedings{LevinAndRapoport1988,
	Address = {Chicago, IL},
	Author = {Levin, Beth and Rapoport, Tova},
	Booktitle = {Papers from the 24th annual regional meeting of the {C}hicago {L}inguistic {S}ociety},
	Date-Added = {2019-06-18 13:48:40 +0000},
	Date-Modified = {2020-07-23 14:14:26 +0000},
	Editor = {MacLeod, Lynn and Larson, Gary and Brentari, Diane},
	Pages = {275-289},
	Publisher = {Chicago Linguistic Society},
	Title = {Lexical Subordination},
	Year = {1988}}

@article{Hoekstra1988,
	Author = {Hoekstra, Teun},
	Date-Added = {2019-06-18 11:18:06 +0000},
	Date-Modified = {2019-06-18 11:18:29 +0000},
    doi = {10.1016/0024-3841(88)90056-3},
	Journal = {Lingua},
	Number = {2-3},
	Pages = {101-139},
	Title = {Small Clause Results},
	Volume = {74},
	Year = {1988}}

@article{Haugen2009,
	Author = {Haugen, Jason D},
	Date-Added = {2020-07-23 11:01:26 +0000},
	Date-Modified = {2020-07-23 11:01:56 +0000},
    doi = {10.1016/j.lingua.2007.10.008},
	Journal = {Lingua},
	Number = {2},
	Pages = {242-262},
	Title = {Hyponymous objects and late insertion},
	Volume = {119},
	Year = {2009}}

@incollection{Harley2005,
	Address = {Oxford},
	Author = {Harley, Heidi},
	Booktitle = {The syntax of aspect: {D}eriving thematic and aspectual interpretation},
	Date-Added = {2019-11-07 10:49:30 +0000},
	Date-Modified = {2020-07-23 14:05:07 +0000},
    doi = {10.1093/acprof:oso/9780199280445.001.0001},
	Editor = {Erteschik-Shir, Nomi and Rapaport, Tova},
	Pages = {42-64},
	Publisher = {Oxford University Press},
	Title = {How Do Verbs Get Their Names? {D}enominal verbs, Manner Incorporation, and the Ontology of Verb Roots in {E}nglish},
	Year = {2005}}

@incollection{HaleAndKeyser1997b,
	Address = {Bilbao},
	Author = {Hale, Kenneth and Keyser, Samuel Jay},
	Booktitle = {Theoretical Issues at the morphology-syntax interface},
	Date-Added = {2019-08-12 09:38:25 +0000},
	Date-Modified = {2020-07-23 14:04:46 +0000},
	Editor = {Mendikoetxea, Amaya and Uribe-Etxebarria, Myriam},
	Pages = {203-230},
	Publisher = {Universidad del Pa{\'\i}s Vasco},
	Title = {The limits of argument structure.},
	Year = {1997}}

@book{HaleAndKeyser2002,
	Address = {Cambridge, MA},
	Author = {Hale, Kenneth and Keyser, Samuel Jay},
	Date-Added = {2019-06-19 12:43:21 +0000},
	Date-Modified = {2020-07-23 13:55:02 +0000},
	Publisher = {MIT Press},
	Title = {Prolegomenon to a theory of argument structure},
	Year = {2002}}

@incollection{HaleAndKeyser1993,
	Address = {Cambridge, MA},
	Author = {Hale, Kenneth and Keyser, Samuel Jay},
	Booktitle = {The view from {B}uilding 20: {E}ssays in linguistics in honor of {S}ylvain {B}romberger},
	Date-Added = {2019-06-19 12:41:18 +0000},
	Date-Modified = {2020-07-23 14:04:39 +0000},
	Editor = {Hale, Kenneth and Keyser, Samuel Jay},
	Pages = {53-109},
	Publisher = {MIT Press},
	Title = {On argument structure and the lexical expression of syntactic relations},
	Year = {1993}}

@book{Gehrke2008,
	Address = {Utrecht},
	Author = {Gehrke, Berit},
	Date-Added = {2019-06-18 10:55:44 +0000},
	Date-Modified = {2020-07-27 13:45:44 +0000},
	Publisher = {LOT Publications},
	Title = {Ps in motion: {O}n the semantics and syntax of {P} elements and motion events},
	Volume = {},
	Year = {2008}}

@article{Gallego2012,
	Author = {Gallego, Ángel J.},
	Date-Added = {2020-07-24 06:30:12 +0000},
	Date-Modified = {2020-07-24 06:31:11 +0000},
    doi = {10.7557/12.2289},
	Journal = {Nordlyd},
	Number = {1},
	Pages = {95-112},
	Title = {A note on cognate objects: cognation as doubling},
	Volume = {39},
	Year = {2012}}

@article{FolliAndHarley2020,
	Author = {Folli, Raffaella and Harley, Heidi},
	Date-Added = {2020-07-23 08:39:50 +0000},
	Date-Modified = {2020-07-23 08:40:22 +0000},
    doi = {10.1162/ling_a_00351},
	Journal = {Linguistic Inquiry},
	Number = {3},
	Pages = {425-470},
	Title = {A head-movement approach to {T}almy's typology},
	Volume = {51},
	Year = {2020}}

@book{Borik2006,
	Address = {Oxford},
	Author = {Borik, Olga},
	Date-Added = {2019-06-18 10:55:44 +0000},
	Date-Modified = {2020-07-27 13:45:44 +0000},
    doi = {10.1093/acprof:oso/9780199291298.001.0001},
	Publisher = {Oxford University Press},
	Title = {Aspect and reference time},
	Volume = {},
	Year = {2006}}

@book{Borer2005b,
	Address = {Oxford},
	Author = {Borer, Hagit},
	Date-Added = {2020-07-27 13:43:08 +0000},
	Date-Modified = {2020-07-27 13:46:00 +0000},
    doi = {10.1093/acprof:oso/9780199263929.001.0001},
	Publisher = {Oxford University Press},
	Title = {Structuring sense, \textup{vol. 2:} {T}he normal course of events},
	Volume = {},
	Year = {2005}}

@article{Arsenijević2007,
	Author = {Arsenijević, Boban},
	Date-Added = {2020-07-23 08:39:50 +0000},
	Date-Modified = {2020-07-23 08:40:22 +0000},
    doi = {10.1163/9789401204446_013},
	Journal = {Cahiers Chronos},
	Number = {},
	Pages = {197-213},
	Title = {Slavic verb prefixes are resultative},
	Volume = {17},
	Year = {2007}}

@book{Arsenijević2006,
	Address = {Utrecht},
	Author = {Arsenijević, Boban},
	Date-Added = {2019-06-18 10:55:44 +0000},
	Date-Modified = {2020-07-27 13:45:44 +0000},
	Publisher = {LOT Publications},
	Title = {Inner aspect and telicity: {T}he decompositional and the quantificational nature of eventualities at the syntax-semantics interface},
	Volume = {},
	Year = {2006}}

@unpublished{AcedoMatellan&Kwapiszewski2021,
author  = {Acedo-Matell{\'a}n, V{\'\i}ctor and Kwapiszewski, Arkadiusz},
title   = {Theory and facts in {T}almy’s typology: {A} reaction to {F}olli \& {H}arley 2020},
year    = {2021},
note    = {Seminar at Centre de Lingüística Teòrica. Universitat Autònoma de Barcelona, January 15.},
}

@article{Acedo-MatellanandMateu2013,
	Author = {Acedo-Matell{\'a}n, V{\'\i}ctor and Mateu, Jaume},
	Date-Added = {2020-07-23 08:39:50 +0000},
	Date-Modified = {2020-07-23 08:40:22 +0000},
	Journal = {Probus},
    doi = {10.1515/probus-2013-0008},
	Number = {2},
	Pages = {227-265},
	Title = {Satellite-framed {L}atin vs. verb-framed {R}omance: {A} syntactic approach},
	Volume = {25},
	Year = {2013}}

@book{Acedo-Matellan2016,
	Address = {Oxford},
	Author = {Acedo-Matell{\'a}n, V{\'\i}ctor},
	Date-Added = {2020-07-23 08:31:35 +0000},
	Date-Modified = {2020-07-23 13:52:43 +0000},
	Publisher = {Oxford University Press},
    doi = {10.1093/acprof:oso/9780198733287.001.0001},
	Title = {The morphosyntax of transitions: {A} case study in {L}atin and other languages},
	Year = {2016}}

@PHDTHESIS{Acedo-Matellan2010,
author  = {Acedo-Matell{\'a}n, V{\'\i}ctor},
title   = {Argument structure and the syntax-morphology interface: {A} case study in {L}atin and other languages},
year    = {2010},
school    = {Universitat de Barcelona},
address = {Barcelona},
}