@book{langsci-current-book, editor = {Clive Forrester}, title = {{Intersections of language rights and social justice in the Caribbean context}}, year = {2023}, series = {Studies in Caribbean Languages}, number = {5}, location = {Berlin}, publisher = {Language Science Press}, options = {dataonly=true} } 
