


@phdthesis{abney1987,
  	Author = {Steven Abney},
	School = {MIT},
	Title = {The {E}nglish {N}oun {P}hrase in its {S}entential {A}spect},
	Year = {1987}}

@incollection{alexiadou2005,
	Author = {Artemis Alexiadou},
	Booktitle = {Event Arguments in Syntax, Semantics and Discourse},
	Publisher = {Niemeyer},
	Pages = {139-152},
	Editor = {Claudia Maienborn and Angelika W\"ollstein-Leisten},
	Title = {Gerund types, the present participle and patterns of derivation},
	Year = {2005}}
	
	
@incollection{alexiadouetal2006,
	Author = {Artemis Alexiadou and Elena Anagnostopoulou and Florian Sch\"{a}fer},
	Booktitle = {Phases of interpretation},
	Publisher = {Berlin: Mouton de Gruyter},
	Pages = {187-211},
	Editor = {Mara Frascarelli},
	Title = {The properties of anticausatives cross-linguistically},
	Year = {2006}}

@incollection{alexiadouschafer2008,
	Author = {Alexiadou, Artemis and Florian Sch\"{a}fer},
	Booktitle = {{The Proceedings of the WCCFL 27}},
	Publisher = {Cascadilla Press},
	Editor = {Kevin Ryan},
	Pages = {10-19},
	Title = {Instrumental -{\it er} nominals revisited},
	Year = {2008}}
	
@incollection{alexiadouschafer2010,
	Author = {Alexiadou, Artemis and Florian Sch\"{a}fer},
	Booktitle = {The syntax of nominalizations across languages and frameworks},
	Publisher = {de Gruyter},
	Pages = {9-38},
	Title = {On the syntax of episodic vs. dispositional -$er$ nominals.},
	Year = {2010}}

@incollection{arregihanink2018,
	Author = {Karlos Arregi and Emily A. Hanink},
	Booktitle = {{Proceedings of the North East Linguistic Society 48}},
	Title = {{Switch reference in Washo as multiple subject agreement}},
	Volume = {1},
	Editor = {Sherry Hucklebridge
and Max Nelson},
	Publisher = {Amherst, MA: GLSA Publications},
	Pages = {39-48},
	Year = {2018}}
	
@article{bakervinokurova2009,
	Author = {Mark Baker and Nadya Vinokurova},
	Journal = {Language},
	Volume = {85},
	Title = {On agent nominalizations and why they are not like event nominalizations},
	Pages = {517-556},
	Year = {2009}}

@article{barker1998,
	Author = {Chris Barker},
	Journal = {Language},
	Title = {{Episodic -{\it ee} in English: A thematic role constraint on new word formation}},
	Volume = {74},
	Pages = {695-727},
	Year = {1998}}

@unpublished{benz2018,
	Author = {Johanna Benz},
	Note = {Poster presented at GLOW 41, Budapest},
	Title = {Affix order and the availability of phonological information},
	Year = {2018}}
	
@incollection{bochnaketal2011,
	Author = {M. Ryan Bochnak and Timothy Grinsell and Alan Yu},
	Booktitle = {{The Proceedings of the 16th Workshop on the Structure and Constituency in the Languages of the Americas}},
	Year = {2011},
	Editor = {Meagan Louie and Alexis Black},
	Publisher = {The University of British Columbia},
	Title = {{Copula agreement and the stage-level/individual-level distinction in Washo}}}
	
@incollection{bochnak2015nels,
	Author = {M. Ryan Bochnak},
	Editor = {Thuy Bui and Deniz \"{O}zy{\i}ld{\i}z}, 
	Booktitle = {{Proceedings of {NELS} 45}},
	Volume = {1},
	Pages = {105-114},
	Year = {2015},
	Title = {{Variable Force Modality in Washo}}}
	

@incollection{bochnak2015sula,
	Author = {M. Ryan Bochnak},
	Editor = {J\'er\'emy Pasquereau}, 
	Booktitle = {{Proceedings of {SULA} 8}},
	Pages = {17-32},
	Year = {2015},
	Title = {{Degree achievements in a degree-less language}}}
	
@incollection{bochnak2015wscla,
	Author = {M. Ryan Bochnak},
	Editor = {Natalie Weber and Sihwei Chen}, 
	Booktitle = {{Proceedings of the Workshop on Structure and Constituency in the Languages of the Americas 18/19}},
	Title = {{Underspecified modality in Washo}},
	Pages = {1-17},
	Publihers = {{UBCWPL}},
	Year = {2015}}

@article{bochnak2016,
	Author = {M. Ryan Bochnak},
	Journal = {Linguistics and Philosophy},
	Pages = {247-294},
	Volume = {39},
	Year = {2016},
	Title = {Past time reference in a language with optional tense}}
	
@unpublished{bochnakhanink2019,
	Author = {M. Ryan Bochnak and Emily A. Hanink},
	Note = {Ms., University of British Columbia and University of Manchester},
	Title = {{Clausal embedding in Washo: Complementation vs. modification}},
	Year = {2019}}

@article{bowers2002,
	Author = {John Bowers},
	Journal = {Linguistic Inquiry},
	Volume = {33.2},
	Title = {Transitivity},
	Pages = {183-224},
	Year = {2002}}
	
@book{campbell1997,
	Author = {Lyle Campbell},
	City = {New York},
	Publisher = {Oxford University Press},
	Title = {{American Indian Languages: The Historical Linguistics of Native America}},
	Year = {1997}}

@incollection{chomsky1970,
	Author = {Noam Chomsky},
	Title = {Remarks on nominalization},
	City = {Waltham, MA},
	Editor = {Roderick A. Jacobs and Peter S. Rosenbaum},
	Pages = {84-221},
	Publisher = {Ginn},
	Booktitle = {{Readings in English transformational grammar}},
	Year = {1970}}
	
@incollection{cinque2001,
	Author = {Guglielmo Cinque},
	Booktitle = {{University of Venice Working Papers in Linguistics}},
	Pages = {45-127},
	Editor = {Laura Brug\`e}, 
	Publisher = {Venice: University of Venice},
	Title = {{``Restructuring'' and functional structure}},
	Year = {2001}}
	
@incollection{cinque2004,
	Author = {Guglielmo Cinque},
	Booktitle = {{Stuctures and beyond: The cartography of syntactic structures}},
	Pages = {132-191},
	Editor = {Adriana Belletti}, 
	Publisher = {Oxford: Oxford University Press},
	Title = {{``Restructuring'' and functional structure}},
	Year = {2004}}

@incollection{folliharley2005,
	Author = {Raffaella Folli and Heidi Harley},
	Booktitle = {Aspectual inquiries},
	Series = {{Studies in Natural Language and Linguistic Theory}},
	Publisher = {Dordrecht: Springer},
	Editor = {Paula Kempchinsky and Roumyana Slabakova},
	Pages = {95-120},
	Title = {Flavors of {\it v}},
	Year = {2005}}
	
@PhDthesis{grano2012diss,
	Author = {Thomas Grano},
	Title = {{Control and Restructuring at the Syntax-Semantics Interface}},
	School = {University of Chicago},
	Year = {2012}}

@book{grimshaw1990,
	Author = {Jane Grimshaw},
	Publisher = {{MIT} Press},
	Title = {Argument structure},
	Year = {1990}}
	
@incollection{haninkbochnak2018,
	Author = {Emily Hanink and M. Ryan Bochnak},
	Title = {{Factivity and two types of embedded clauses in Washo}},
	Publisher = {GLSA Publications},
	City = {Amherst, MA},
	Pages = {65-78},
	Editor = {A. Lamont and K. Tetzlof},
	Booktitle = {{Proceedings of the North East Linguistic Society 47}},
	Year = {2018}}

@unpublished{hanink2020,
	Author = {Emily A. Hanink},
	Note = {Handout from GLOW 43, Special workshop on Remarks: The Legacy. HU Berlin (virtual)},
	Title = {{Subject nominalizations and possessor agreement in Washo}},
	Year = {2020}}

@incollection{harley2009,
	Author = {Heidi Harley},
	Booktitle = {{Quantification, Definiteness, and Nominalization}},
	Title = {The morphology of nominalizations and the syntax of {vP}},
	Pages = {320-342},
	Publisher = {Oxford University Press},
	Editor = {Monika Rathert and Anastasia Giannakidou},
	Year = {2009}}
	
@phdthesis{jacobsen1964,
	Author = {William Jacobsen},
	School = {UC Berkeley},
	Title = {{A Grammar of the Washo Language}},
	Year = {1964}}	

@unpublished{jacobsen1973,
	Author = {William Jacobsen},
	Note = {Paper presented at the {\it Symposium on California Indian Linguistics}, Southwestern Anthropological Association, San Francisco, CA},
	Title = {{A rhythmic principle in Washo morphotactics}},
	Year = {1973}}		

@incollection{jacobsen1979,
	Author = {William Jacobsen},
	Booktitle = {{Ergativity: towards a theory of grammatical relations}},
	Editor = {F. Plank},
	Publisher = {London: Academic Press},
	Title = {{Why does Washo lack a passive?}},
	Year = {1979}}
	
@incollection{kratzer1996,
	Address = {Boston},
	Author = {Kratzer, Angelika},
	Booktitle = {Phrase Structure and the Lexicon},
	Editor = {Rooryck, Johan and Zaring, Laurie},
	Pages = {109-137},
	Publisher = {Kluwer Academic Publishers},
	Title = {Severing the External Argument from Its Verb},
	Year = {1996}}


@book{landau2000,
	Author = {Idan Landau},
	Title = {{Elements of Control: Structure and Meaning in Infinitival Constructions}},
	Series = {{Studies in Natural Language and Linguistic Theory}},
	Publisher = {Dordrecht: Kluwer Academic Publishers},
	City = {New York},
	Year = {2000}}
	
@book{legate2014,
	Author = {Julie Anne Legate},
	Title = {{Voice and v: Lessons from Acehnese}},
	Publisher = {Cambridge, MA: MIT Press},
	Year = {2014}}


@unpublished{marantz2001,
	Author = {Alec Marantz},
	Note = {Handout, MIT},
	Title = {{Words and Things}},
	Year = {2001}}
	
@incollection{marantz2008,
	Author = {Alec Marantz},
	Publisher = {{Seoul: Dong In Publisher}},
	Pages = {191-220},
	Title = {{Phases and words}},
	Editor = {Sook-Hee Choe and Yang-Soon Kim and Sung-Hun Kim and Alec Marantz},
	Booktitle = {{Phases in the theory of grammar}},
	Year = {2008}}
	
@book{mithun1999,
	Author = {Marianne Mithun},
	Title = {{The Languages of North America}},
	Publisher = {New York: Cambridge University Press},
	Year = {1999}}

@incollection{pesetskytorrego2007,
	Author = {David Pesetsky and Esther Torrego},
	Booktitle = {Phrasal and clausal architecture},
	Publisher = {Amsterdam: John Benjamins},
	Editor = {Simin Karimi and Vida Samiian and Wendy Wilkins}, 
	Pages = {262-294},
	Title = {{The syntax of valuation and the interpretability of features}},
	Year = {2007}}
	
@article{pires2007,
	Author = {Acrisio Pires},
	Journal = {Syntax},
	Pages = {165-203},
	Title = {{The derivation of clausal gerunds}},
	Volume = {10.2},
	Year = {2007}}


@incollection{rappaporthovavlevin1992,
	Author = {Malka Rappaport-Hovav and Beth Levin},
	Booktitle = {Syntax and {S}emantics 26: {S}yntax and the {L}exicon},
	City = {New York},
	Editor = {T. Stowell and E. Wehrli},
	Pages = {127-153},
	Publisher = {Academic Press},
	Title = {-$er$ {N}ominals: {I}mplications for a {T}heory of {A}rgument {S}tructure},
	Volume = {11},
	Year = {1992}}
	
@incollection{shimamurawurmbrand2014,
	Author = {Koji Shimamura and Susi Wurmbrand},
	Publisher = {MIT Working Papers in Linguistics},
	Pages = {203-214},
	Title = {{Two types of restructuring in Japanese -- Evidence from scope and binding}},
	Booktitle = {{Formal Approaches to Japanese Linguistics: Proceedings of FAJL 7}},
	Year = {2014}}
	
@book{wurmbrand2001,
	Author = {Susi Wurmbrand},
	Publisher = {Mouton de Gruyter},
	Title = {{Infinitives: Restructuring and clause structure}},
	Year = {2001}}
	
@article{wurmbrand2004,
	Author = {Susi Wurmbrand},
	Journal = {Lingua},
	Pages = {991-1014},
	Title = {{Two types of restructuring -- lexical vs. functional}},
	Volume = {114},
	Year = {2004}}

@incollection{wurmbrand2014,
	Author = {Susi Wurmbrand},
	Publisher = {Amsterdam: John Benjamins},
	Pages = {139-177},
	Title = {{The Merge Condition: A syntactic approach to selection}},
	Editor = {Peter Kosta and Lilia Sch\"urcks and Steven Franks and Teodora Radev-Bork},
	Booktitle = {{Minimalism and beyond: Radicalizing the interfaces}},
	Year = {2014}}
	
@incollection{wurmbrand2015,
	Author = {Susi Wurmbrand},
	Publisher = {Leiden: Brill},
	Pages = {248-290},
	Title = {{Complex predicate formation via voice incorporation}},
	Editor = {L\'ea Nash and Pollet Samvelian},
	Booktitle = {{Approaches to Complex Predicates}},
	Year = {2015}}
	
@incollection{wurmbrand2015nels,
	Author = {Susi Wurmbrand},
	Publisher = {Amherst: GLSA},
	Pages = {227-240},
	Title = {{Complex predicate formation via voice incorporation}},
	Editor = {Thuy Bui and Deniz \"Ozy\textipa{1}ld\textipa{1}z},
	Booktitle = {{}Proceedings of the North Eastern Linguistics Society Annual Meeting 45}}	
		Year = {2015}}


@incollection{wurmbrandshimamura2017,
	Author = {Susi Wurmbrand and Koji Shimamura},
	Publisher = {Oxford: Oxford University Press},
	Pages = {179-204},
	Title = {{The features of the voice domain: actives, passives, and restructuring}},
	Editor = {Roberta D'Alessandro and Irene Franco and \'Angel Gallego},
	Booktitle = {The verbal domain},
	Year = {2017}}
	
@article{yu2005,
	Author = {Alan Yu},
	Title = {{Quantity, stress, and reduplication in Washo}},
	Year = {2005},
	Journal = {Phonology},
	Volume = {22(3)},
	Pages = {437-475}}
	
	@incollection{yu2012,
	Author = {Yu, Alan C. L.},
	Title = {{Two Patterns of Reduplication in Washo}},
	Editor = {Sarah Berson et al.},
	Pages = {341-352},
	Booktitle = {{The Proceedings of the 34th Annual Meeting of the Berkeley Linguistics Society}},
	Publisher = {Berkeley: BLS},
	Year = {2012}}